2600 4000
247 275 268 336 4
420 272 536 334 LIBER
546 272 650 332 XXXI.
674 271 794 333 CAPA.
807 281 832 334 5.
855 278 892 345 [a.
903 276 1051 345 U.e..‘›.'tl]

247 423 396 484 caecilius
417 421 559 481 Metellus
579 419 612 480 G.
626 427 657 481 et
670 419 710 479 M.
726 420 847 481 Seruilii
863 455 900 467 -
916 422 1052 484 Geminis
1072 424 1226 488 ambobus

245 521 415 582 cognomen
441 511 507 565 erat
521 538 576 578 -,
600 504 633 563 L.
656 512 686 564 et
708 504 746 563 Α.
766 503 888 565 Hostilii
909 504 1040 566 Gmones
1060 506 1093 565 P.
1112 509 1225 571 Villius

244 592 401 666 Tappulus
411 589 452 647 Μ.
463 588 589 649 Fulvius
599 586 729 647 Flaccus
739 587 773 651 P.
784 588 892 650 Aelius
901 588 1013 649 Paetus
1024 591 1056 650 Τ.
1065 589 1226 664 Quinctius

244 674 440 734 Flamininus.

324 757 382 818 Per
402 772 457 817 eos
472 755 540 814 dies
554 754 587 814 P.
601 755 692 815 Aelio
707 757 834 816 consule
849 754 971 815 comitia
983 754 1116 817 habente
1130 759 1226 820 creati

176 900 178 904 ,
244 843 389 902 eonsules
403 839 435 898 P.
451 837 608 912 Sulpicius
623 838 720 898 Galba
733 837 764 898 G.
779 839 924 899 Aurelius
940 838 1034 899 cotta.
1062 848 1226 915 praetores

243 925 355 985 exinde
370 923 441 982 iacti
456 921 490 996 Q.
501 921 653 982 Minucius
667 921 767 982 Ruius
777 922 811 981 L.
822 922 932 983 liuius
942 921 1095 998 Purpurio
1107 922 1141 997 Q.
1153 924 1225 988 Ιι“ιι1ὁ

243 1009 312 1069 vius
334 1006 410 1067 Gillo
433 1006 465 1065 C.
487 1003 614 1080 Sergius
633 1005 774 1066 Plancus.
809 1005 873 1066 ludi
892 1003 1023 1066 Romani
1047 1007 1163 1068 scenici
1184 1024 1223 1070 eo

243 1106 323 1151 annno
343 1089 505 1165 magnifice
526 1095 738 1165 apparateque
758 1089 829 1149 iacti
844 1087 882 1148 ab
897 1088 1049 1150 aedilibus
1064 1090 1223 1154 curulibus

243 1175 276 1234 Ι..
291 1172 416 1235 Valerio
437 1172 548 1233 Flacco
570 1180 600 1233 et
620 1173 653 1231 Τ.
670 1170 808 1245 Quinctio
823 1171 1003 1233 Flaminino.
1036 1173 1164 1235 biduum
1177 1175 1223 1235 in·

243 1265 411 1319 stauratium
425 1265 481 1317 est.
505 1255 709 1330 frumentique
719 1256 781 1315 vim
792 1257 955 1331 ingentem,
970 1256 1057 1331 quod
1067 1272 1108 1316 ex
1117 1257 1223 1319 Africa

242 1341 274 1401 P.
291 1340 397 1416 Scipio
416 1339 556 1413 miserat,
584 1338 740 1414 quaternis
766 1341 847 1401 aeris
874 1340 991 1415 populo
1013 1356 1083 1400 eum
1104 1357 1224 1402 summa

242 1425 305 1486 ilde
319 1432 349 1485 et
363 1425 461 1499 gratia
476 1423 655 1484 diviserunt.
687 1430 718 1483 et
731 1423 843 1497 plebeii
857 1422 921 1483 ludi
935 1431 981 1483 ter
994 1421 1049 1484 toti
1063 1423 1223 1486 instaurati

242 1509 280 1568 ab
296 1507 447 1568 aedilibus
461 1506 544 1582 plebi
557 1507 591 1566 L
605 1505 737 1581 Apustio
750 1504 879 1567 linitione
893 1513 924 1567 et
938 1505 973 1580 Q.
984 1506 1119 1569 Minucio
1129 1509 1222 1582 linio,

243 1592 294 1669 qni
316 1608 355 1652 ex
376 1591 528 1651 aedilitate
548 1598 673 1665 praetor
693 1595 814 1650 creatus
835 1595 909 1649 erat
945 1597 976 1651 et
996 1590 1078 1651 lovis
1099 1594 1222 1667 epulum

242 1675 297 1738 luit
312 1676 453 1736 ludorum
469 1689 573 1734 causa

322 1760 361 1818 V.
383 1758 473 1819 Anno
496 1756 740 1832 quingentesimo
757 1755 1013 1831 quinquagesimo
1028 1758 1166 1819 secundo
1183 1758 1220 1819 ab

243 1843 317 1903 urbe
339 1842 476 1916 condita,
501 1840 534 1899 P.
555 1839 691 1915 Sulpicio
713 1838 810 1900 Galba
831 1839 863 1901 G
881 1840 1009 1900 Aurelio
1030 1841 1220 1916 consulibus,

242 1925 354 2002 pelium
374 1939 444 1985 cum
463 1938 538 1998 rege
557 1923 699 1999 Philippo
719 1923 826 1985 initum
846 1930 908 2001 est,
933 1923 1043 1999 paucis
1064 1924 1221 1986 mensibus

241 2016 314 2086 post
333 2022 442 2084 pacem
463 2007 764 2083 Carthaginiensibus
787 2009 897 2069 datam.
934 2009 1068 2070 omnium
1088 2009 1221 2086 primum

242 2108 309 2153 eam
322 2107 388 2152 rem
404 2090 507 2152 idibus
521 2091 646 2167 Martiis,
668 2109 730 2168 quo
744 2093 795 2153 dic
808 2099 871 2154 tum
886 2094 1066 2154 consulatus
1079 2092 1221 2167 inibatur,

239 2176 271 2236 P.
287 2175 443 2252 Sulpicius
457 2178 566 2237 consul
580 2178 703 2249 rettudit,
725 2184 916 2253 senatusque
929 2175 1074 2249 decrevit,
1091 2176 1133 2237 uti
1147 2192 1220 2237 eon·

241 2262 325 2323 sules
339 2261 506 2322 maioribus
520 2261 629 2322 hostiis
643 2277 708 2321 rem
722 2260 858 2323 divinam
871 2264 1015 2335 iacerent,
1030 2259 1145 2338 quibus
1160 2259 1220 2321 diis

239 2344 316 2421 ipsis
336 2345 506 2418 videretur,
528 2360 597 2405 cum
611 2344 789 2419 precatione
802 2360 856 2419 ea,
879 2343 964 2420 qued
979 2355 1105 2405 senatus
1120 2360 1219 2420 popu-

239 2429 351 2501 lusque
360 2427 519 2487 Romanus
533 2427 573 2486 de
586 2442 622 2485 re
634 2425 759 2501 publica
773 2427 876 2502 deque
889 2426 1025 2488 ineundo
1040 2443 1123 2488 novo
1136 2428 1219 2489 bello

239 2510 270 2569 in
290 2508 391 2569 animo
412 2507 555 2581 haberet,
578 2523 615 2567 ea
633 2523 685 2568 res
704 2508 749 2567 uti
770 2510 886 2584 populo
901 2511 1040 2572 Romano
1062 2504 1220 2586 'sociisque

240 2608 277 2652 ac
297 2591 412 2651 nomini
431 2591 538 2651 Latino
559 2592 638 2651 bene
660 2606 698 2650 ac
716 2591 844 2653 feliciter
863 2593 1016 2664 eveniret;
1049 2593 1219 2655 secundum

239 2691 305 2737 rem
319 2673 453 2735 divinam
467 2675 738 2750 precationemque
752 2680 786 2735 ut
798 2676 838 2736 de
851 2691 886 2736 re
899 2677 1024 2753 publica
1034 2678 1136 2753 deque
1146 2693 1218 2775 pro

239 2757 348 2819 vinciis
364 2763 503 2820 senatum
518 2760 722 2818 consulerent
744 2775 870 2834 percos
886 2761 953 2821 dies
969 2762 1162 2837 opportune
1152 2761 1219 2821 uri

239 2842 339 2904 tendis
359 2843 399 2903 ad
418 2842 532 2902 bellum
552 2841 663 2902 animis
682 2848 712 2902 et
731 2842 848 2904 litterae
867 2844 907 2905 ab
921 2843 961 2903 Μ.
976 2843 1102 2905 Aurelio
1117 2819 1273 2919 legate
1271 2875 1272 2918 ι

240 2925 322 2987 etM.
338 2926 462 2985 Valerio
477 2925 611 2987 Laevino
632 2932 835 3001 propraetore
851 2927 987 3001 adlatae,
1008 2936 1038 2987 et
1051 2926 1219 2988 Athenien·
1270 2923 1272 3004 i

239 3008 319 3070 sium
333 3025 414 3069 nova
428 3008 539 3083 legatio
553 3009 651 3082 venit,
673 3026 753 3083 quae
766 3025 871 3086 regern
885 3010 1137 3087 appropinquare
1150 3011 1219 3071 tini·

238 3094 298 3154 bus
318 3094 384 3154 suis
398 3092 563 3165 nuntiaret,
584 3093 734 3169 brevique
748 3110 810 3154 non
824 3109 916 3169 agros
931 3094 1023 3156 modo
1039 3094 1096 3154 sed
1110 3094 1218 3156 arbem
1267 3057 1270 3204 J

239 3178 330 3237 etiam
343 3176 374 3238 in
389 3176 510 3238 dicione
524 3177 592 3238 eius
603 3177 742 3251 futuram,
758 3178 817 3239 nisi
828 3179 903 3255 quid
912 3179 944 3239 in
954 3177 1101 3239 Romanis
1111 3176 1219 3239 auxilii
1267 3209 1268 3212 ι

239 3261 326 3322 toret.
356 3277 424 3322 cum
444 3260 673 3322 renuntiassent
691 3264 835 3322 consules
848 3277 914 3322 rem
928 3262 1062 3323 divinam
1074 3260 1132 3322 rite
1146 3277 1214 3337 per-
1264 3231 1267 3374 J

239 3350 338 3404 actam
363 3359 449 3418 esse,
470 3350 501 3405 et
520 3344 688 3419 precationi
708 3345 856 3406 adnuisse
876 3345 954 3407 deos
971 3344 1154 3421 haruspices
1168 3360 1218 3405 re·
1263 3377 1265 3424 ,

239 3428 409 3503 spondere,
434 3429 577 3504 laetaque
602 3435 674 3489 exta
697 3428 809 3503 inisse,
835 3436 865 3489 et
888 3428 1091 3504 prolationem
1111 3429 1217 3490 finium

241 3509 458 3588 victoriamque
472 3518 503 3572 et
515 3511 701 3588 triumphurn
714 3511 870 3587 portendi,
891 3518 954 3573 tum
968 3512 1087 3574 litterae
1100 3510 1213 3573 Valeri
1261 3515 1263 3588 j
