2600 4000
244 250 360 332 LIBER
373 260 535 323 xxxvlll.
559 259 642 319 cna.
656 268 756 325 acar.
780 266 937 343 [acmes]
1017 262 1079 326 351

95 421 225 487 terrent;
254 423 346 492 atque
370 414 401 475 in
425 413 473 474 bis
499 412 638 474 tribubus
660 418 725 473 tum
743 413 875 488 primum
895 431 935 474 ex
955 418 1079 481 valerio

94 500 257 581 plebiscito
273 496 359 560 censi
373 505 454 559 sunt.
475 497 516 556 M.
529 494 675 557 Claudius
686 496 850 558 Marcellus
862 512 980 575 censor,
996 511 1080 564 sorte

60 595 63 600 ’
95 591 240 661 superato
254 584 287 644 T.
303 581 453 658 Quinctio,
466 583 595 641 lustrum
609 580 754 642 condidit.
777 596 872 641 censa
885 590 958 645 sunt
969 581 1078 646 civium

95 670 196 745 capita
211 668 344 729 ducenta
363 664 585 742 quinquaginta
598 671 668 725 octa
683 664 765 725 milia
778 672 914 727 uecenta
928 667 1037 729 decem
1052 677 1082 729 et
1125 743 1128 748 ,

94 759 175 815 octo.
198 752 294 813 lustro
309 751 447 826 perlecto
460 749 604 809 consules
618 747 650 808 in
665 748 841 824 provincias
856 751 986 824 proiecti
1001 760 1081 813 sunt

114 883 117 888 ,
178 835 325 895 xxxvii.
348 833 455 894 Hieme
469 847 515 906 ea,
532 848 594 908 qua
606 830 685 894 haec
698 831 815 894 Romae
828 840 918 909 gesta
932 841 1018 910 sunt,
1042 837 1094 897 ad'
1216 827 1218 830 ’

95 920 149 981 Cn.
159 919 304 980 Manlium
316 918 474 980 consulem
485 914 625 991 primum,
639 916 750 977 deinde
761 932 819 992 pro
833 919 970 993 consule,
981 918 1081 980 hiber·

96 1011 218 1065 nantem
232 1004 263 1064 in
277 1001 370 1077 Asia,
395 998 564 1077 legationes
585 999 723 1075 undique
743 1015 783 1060 ex
798 1001 940 1063 omnibus
955 1002 1080 1064 eivitati-

94 1088 152 1150 hus
166 1087 380 1164 gentibusque,
404 1099 483 1161 quae
498 1083 686 1144 cis'l'aurum
699 1092 833 1146 montem
846 1085 992 1161 incolunt,
1008 1102 1081 1148 con·

95 1172 267 1233 veniebant.
296 1176 326 1231 et
345 1175 379 1231 ut
399 1165 510 1228 clarior
530 1165 724 1243 nobiliorque
737 1168 866 1229 victoria
880 1169 1025 1232 Romanis
1042 1173 1082 1232 de

95 1271 169 1331 rege
184 1252 336 1317 Antiocho
358 1251 413 1314 fuit
435 1267 527 1327 quam
544 1252 584 1311 de
599 1249 708 1326 Gallis,
729 1252 771 1312 ita
784 1253 892 1314 laetior
905 1252 1000 1315 sociis
1017 1262 1082 1315 erat

97 1341 137 1399 de
153 1337 248 1399 Gallis
269 1353 361 1414 quam
381 1336 421 1396 de
441 1333 604 1396 Antiocho.
635 1335 822 1397 tolerabilior
841 1337 927 1414 regia
946 1337 1079 1399 servitus

96 1424 196 1483 luerat
220 1437 313 1497 quam
340 1419 445 1481 feritas
466 1418 641 1480 immanium
661 1419 860 1481 barbarorum
884 1423 1092 1498 incertusque

95 1505 127 1567 in
142 1504 210 1566 dies
223 1510 331 1578 terror,
347 1502 504 1579 quovelut
513 1508 682 1579 tempestas
692 1518 748 1566 eos
760 1506 935 1583 populantis
946 1507 1081 1577 interret.

96 1590 201 1664 itaque
214 1594 248 1649 ut
261 1587 373 1665 quibus
386 1586 510 1648 libertas
520 1586 673 1650 Antiocho
688 1590 789 1666 pulso,
805 1606 868 1665 pax
879 1588 973 1649 Gadis
984 1589 1080 1649 domi-

95 1674 135 1737 tis
151 1672 326 1746 domasset,
340 1686 401 1732 non
413 1673 593 1747 gratulatum
605 1672 698 1734 modo
710 1680 866 1752 venerant,
879 1671 937 1731 sed
948 1686 1080 1731 coronas
1158 1739 1160 1742 ¹

97 1757 187 1818 etiam
202 1770 312 1818 aureas
332 1771 399 1832 pro·
410 1754 476 1817 suis
494 1771 636 1832 quaeque
651 1754 846 1815 facultatibus
862 1754 1031 1814 attulerant.
1052 1762 1082 1813 et

96 1842 135 1902 ab
149 1838 301 1902 Antiocho
315 1839 406 1915 legati
421 1839 452 1901 et
465 1840 504 1900 ab
518 1840 596 1915 ipsis
613 1837 722 1908 Gallis,
743 1845 778 1897 ut
797 1836 885 1913 pacis
907 1836 984 1912 legis
999 1836 1080 1898 dice-

98 1932 217 1997 rentur,
236 1930 270 1984 et
289 1924 328 1999 ab
343 1921 505 1982 Ariarathe
525 1935 598 1993 rege
615 1919 835 1993 Cappadocum
855 1928 1020 1995 venerunt,
1041 1922 1081 1981 ad

100 2010 220 2069 veniam
231 2006 395 2081 petendam
406 2004 612 2078 luendamque
624 2003 756 2077 pecunia
767 2020 889 2078 noxam,
899 2007 982 2080 quod
995 2006 1080 2066 auxi-

99 2092 147 2149 liis
161 2086 346 2149 Antiochum
360 2084 498 2146 iuvisset.
516 2084 587 2146 huie
599 2093 747 2147 sexcenta
757 2090 869 2149 talama
879 2091 995 2163 argenti
1011 2098 1082 2149 sunt

99 2174 265 2249 imperata;
288 2168 382 2231 Gallis
396 2184 598 2244 responsum,
614 2185 684 2230 cum
697 2170 850 2232 Eumenes
863 2188 920 2232 rex
935 2173 1080 2245 venisset,

101 2263 164 2319 trun
179 2255 319 2315 daturum
333 2252 371 2313 iis
385 2254 480 2327 leges.
503 2251 669 2314 civitatium
679 2254 848 2329 legationes
860 2258 930 2316 cum
940 2255 1080 2330 benignis

99 2338 276 2416 responsis,
297 2336 440 2398 laetiores
455 2337 546 2397 etiam
561 2353 652 2413 quam
667 2347 827 2412 venerant,
843 2338 998 2400 dimissae.
1019 2341 1080 2397 An-

100 2423 194 2486 tiochi
213 2422 305 2497 legati
325 2419 487 2498 pecuniam
507 2420 537 2480 in
552 2421 764 2501 Pamphyliam
784 2423 1029 2499 trumenttunque
1042 2438 1082 2481 ex

102 2513 192 2585 pacto
208 2522 279 2569 cum
287 2504 320 2564 L.
333 2503 479 2582 Scipione
493 2505 620 2566 foedere
632 2506 711 2568 iussi
725 2507 893 2568 adveheret
915 2523 953 2569 eo
966 2523 1002 2568 se
1012 2522 1081 2568 cum

101 2591 238 2653 exercitu
257 2598 427 2651 venturum.
464 2589 614 2666 principio
629 2591 741 2651 deinde
755 2589 837 2652 veris
852 2593 979 2654 lustrato
994 2606 1082 2652 exer·
1176 2629 1179 2633 .

102 2678 163 2739 citu
176 2674 334 2751 proiectus
350 2674 399 2733 die
411 2679 520 2733 octavo
532 2675 700 2748 Apameam
712 2676 802 2736 venit.
823 2675 865 2736 ibi
876 2676 1008 2737 triduum
1020 2672 1081 2736 sta*

102 2758 174 2821 tivis
187 2755 308 2830 habitis,
324 2757 420 2817 tertiis
434 2767 542 2816 rursus
558 2757 596 2817 ab
606 2759 748 2835 Apamea
761 2760 871 2820 castris
886 2761 916 2819 in
928 2758 1080 2836 Pamphy-¹

102 2842 189 2914 liam,
206 2856 267 2916 quo
282 2839 443 2914 pecuniam
457 2839 701 2916 frumentumque
715 2841 817 2915 regios
833 2842 1006 2902 convehere
1020 2842 1081 2901 ius·
1132 2845 1135 2907 ζ

103 2930 201 2999 serat,
227 2924 376 2999 pervenit
413 2924 474 2985 duo
500 2923 582 2982 milia
601 2930 631 2983 et
652 2924 818 2999 quingenta
833 2927 945 2986 talenta
966 2926 1078 3000 argenti

103 3014 232 3084 accepta
245 3009 416 3082 Apameam
437 3007 652 3083 deportantur;
679 3008 861 3068 frumentum
878 3008 1023 3070 exercitui
1038 3009 1080 3068 di·

104 3091 223 3154 viditur.
245 3091 319 3151 inde
333 3091 373 3151 ad
386 3090 514 3167 Pergam
529 3091 620 3167 ducit,
636 3107 716 3168 quae
729 3108 791 3152 una
804 3093 835 3152 in
849 3091 897 3152 bis
908 3094 985 3153 loeis
997 3093 1082 3167 regio

103 3176 263 3238 tenebatur
278 3175 442 3252 praesidio.
477 3176 734 3253 appropinquanti
750 3177 924 3252 praefectus
939 3175 1082 3252 praesidii

106 3259 215 3321 obvius
230 3260 299 3333 brit,
315 3260 436 3335 triginta
450 3260 568 3321 dierum
581 3268 702 3336 tempus
717 3267 841 3336 petens,
856 3267 890 3321 ut
902 3275 1006 3335 regem
1020 3260 1082 3318 An-

6 3342 11 3351 '
107 3342 240 3404 tiochum
260 3344 299 3404 de
318 3343 395 3404 urbe
415 3343 566 3406 uadenda
585 3347 767 3405 consuleret.
801 3346 871 3406 dato
886 3351 1024 3418 tempore
1044 3341 1083 3400 ad

106 3442 175 3486 eam
189 3426 270 3486 diem
285 3427 438 3502 praesidio
454 3428 814 3503 decessumestaPerga
823 3427 980 3488 Lblanlio
994 3424 1083 3482 iratre
1123 3458 1124 3461 =
1166 3471 1171 3480 .

107 3526 176 3572 uum
198 3514 342 3585 quattuor
359 3509 482 3575 milibus
501 3511 627 3572 militum
642 3508 785 3570 Oroanda
803 3511 844 3570 ad
863 3509 1012 3581 reliquum
1030 3520 1080 3576 pe
