2600 4000
231 272 294 336 264
380 269 496 331 LIBER
510 269 658 330 llxxvll.
681 268 764 329 CAP.
778 276 805 330 4.
817 277 844 329 5.
866 275 902 343 [a.
914 273 948 325 U.
962 290 987 326 c.
999 274 1062 341 562]

232 426 289 485 n‘ta
302 422 455 500 stipendia
469 420 528 482 sub
542 420 727 495 imperatore
736 418 768 477 P.
780 419 926 479 Africano
936 418 1105 496 habebant,
1120 437 1214 496 prae·

233 516 279 569 sto
301 508 387 570 luere
407 504 530 566 exeunti
551 502 670 564 consuli
691 508 721 562 et
740 501 864 562 nomina
885 503 1043 563 dederunt.
1074 518 1132 579 por
1154 521 1213 566 eos

231 590 298 652 dies
314 590 427 667 quibus
441 595 490 649 est
502 588 660 664 profectus
675 587 715 646 ad
729 586 841 646 bellum
857 586 980 661 consul,
996 586 1076 647 ludis
1091 589 1214 664 Apolli·

231 675 371 750 naribus,
387 673 551 733 antediem
569 671 707 747 quintum
718 670 788 730 idus
802 669 980 745 Quinctiles,
996 673 1081 731 caelo
1097 687 1214 734 sereno

231 758 362 820 interdiu
381 758 545 819 obscurato
565 757 619 815 lux
639 760 702 825 est,
731 769 798 813 cum
817 755 890 813 luna
914 754 972 814 sub
1001 753 1108 816 orbem
1132 756 1209 817 solis

231 843 375 904 subisset.
405 848 436 902 et
448 840 482 899 L.
500 838 648 899 Aemilius
668 836 821 912 Regillus,
842 837 891 897 cui
911 838 1028 898 navalis
1049 839 1209 914 provincia

230 932 388 996 evenerat,
411 924 520 985 eodem
534 930 672 998 tempore
692 920 847 997 proiectus
863 928 919 982 est.
951 922 984 981 L.
999 922 1207 984 Amunculeia

229 1009 385 1085 negotium
399 1008 438 1068 ab
453 1012 563 1068 senatu
577 1006 680 1066 datum
695 1012 757 1079 est,
777 1012 810 1066 ut
824 1005 945 1080 triginta
960 1006 1208 1083 quinqueremes,

231 1092 334 1167 viginti
353 1090 492 1152 triremes
513 1091 640 1165 iaceret,
664 1087 736 1165 quia
756 1088 836 1148 lama
855 1096 921 1149 erat
933 1088 1117 1151 Antiochum
1137 1099 1210 1166 post

230 1175 379 1250 proelium
394 1176 502 1235 navale
515 1173 662 1234 maiorem
677 1173 808 1233 classem
823 1172 976 1248 aliquanto
990 1189 1146 1248 reparare.

312 1258 429 1328 Aetoli,
451 1265 617 1334 postquam
631 1255 723 1332 legati
737 1256 776 1316 ab
790 1256 888 1317 Roma
901 1259 1080 1318 rettulerunt
1094 1259 1208 1318 nullam

230 1357 317 1417 spem
332 1343 420 1417 pacis
434 1357 521 1415 esse,
540 1356 726 1417 quamquam
746 1341 845 1401 omnis
860 1356 914 1401 ora
928 1341 1077 1402 maritima
1090 1356 1208 1418 eorum,

230 1441 310 1501 quae
324 1425 354 1484 in
367 1424 614 1501 Peloponnesum
628 1439 720 1485 versa
735 1430 797 1500 est,
818 1425 1005 1499 depopulata
1019 1425 1057 1485 ab
1071 1425 1206 1491 Achaeis

229 1515 308 1583 erat,
334 1509 461 1585 periculi
481 1507 578 1582 magis
600 1523 692 1583 quam
707 1507 810 1567 damni
824 1523 991 1583 memores,
1012 1514 1046 1568 ut
1058 1509 1208 1570 Romanis

229 1592 465 1653 intercluderent
476 1592 547 1663 iter,
574 1590 720 1652 coracem
741 1599 970 1668 occupaverunt
983 1598 1208 1654 montemrne·

231 1693 291 1753 que
316 1677 396 1737 enim
421 1676 598 1737 dubitabant
621 1674 661 1734 ad
688 1675 949 1750 oppugnationem
972 1676 1121 1751 Naupacti
1151 1693 1208 1740 eos

231 1761 379 1841 principio
394 1760 477 1822 veris
491 1758 644 1820 redituros
659 1773 740 1818 esse.
771 1758 884 1835 Acilio,
901 1759 973 1835 quia
985 1760 1017 1820 id
1031 1761 1209 1836 exspectari

231 1845 362 1918 sciebat,
383 1845 480 1906 satius
493 1844 594 1904 visum
614 1849 664 1903 est
682 1842 870 1917 inopinatam
885 1843 1012 1918 adgredi
1026 1859 1090 1904 rem
1106 1851 1138 1904 et
1151 1844 1208 1904 La-

229 1928 320 1987 miam
335 1942 530 2004 oppugnare:
552 1943 623 1987 nam
642 1933 674 1987 et
693 1926 864 2003 aPhilippo
884 1944 982 2004 prope
1000 1928 1040 1987 ad
1055 1927 1207 1989 excidium

230 2011 381 2072 adductos
396 2026 482 2086 esse,
503 2018 535 2071 et
547 2019 619 2072 tunc
633 2027 671 2072 eo
686 2011 772 2087 ipso,
794 2012 877 2086 quod
899 2011 969 2072 nihil
984 2013 1045 2073 tale
1058 2011 1208 2087 timerent,

231 2093 362 2169 opprimi
384 2095 523 2157 incautos
544 2111 648 2172 posse.
677 2097 834 2171 proiectus
856 2096 894 2155 ab
907 2094 1005 2156 Elatia
1025 2096 1157 2171 primurn
1179 2097 1209 2156 in

230 2177 363 2240 hostium
372 2184 454 2240 terra
465 2179 546 2240 circa
557 2178 745 2255 Spercheum
758 2194 876 2239 amnem
887 2179 993 2254 posuit
1002 2187 1121 2249 castra;
1136 2178 1210 2240 inde

230 2271 319 2325 nocte
332 2266 423 2326 motis
439 2263 550 2339 siguis,
567 2263 665 2339 prima
677 2265 746 2324 luee
761 2277 876 2325 corona
889 2262 1011 2325 moenia
1021 2271 1070 2325 est
1080 2263 1210 2338 adgres-

229 2363 294 2409 sus.
327 2349 364 2407 V.
384 2363 513 2423 magnus
534 2363 633 2422 pavor
652 2363 690 2407 ac
706 2347 864 2419 tumultus,
888 2347 965 2407 utin
980 2362 1015 2407 re
1028 2346 1209 2422 improvisa,

229 2431 294 2492 fuit.
310 2430 499 2492 constantius
510 2436 610 2490 tamen
620 2446 712 2504 quam
720 2431 789 2504 quis
801 2432 937 2492 tacturos
950 2431 1097 2505 crederet,
1105 2428 1136 2489 in
1148 2438 1211 2490 tarn

230 2513 331 2574 subito
342 2512 490 2589 periculo,
498 2529 567 2573 eum
577 2512 633 2570 viri
645 2519 883 2588 propugnarent,
893 2513 1023 2573 feminae
1034 2514 1094 2575 tela
1107 2516 1210 2575 omnis

228 2595 351 2669 generis
366 2610 507 2675 saxaque
520 2594 550 2653 in
565 2610 670 2654 muros
685 2603 840 2670 gererent,
857 2597 916 2657 iam
930 2595 1123 2658 multifariam
1138 2613 1211 2658 sca-
1297 2620 1298 2623 ¹

227 2678 265 2738 lis
281 2677 433 2754 appositis
448 2678 554 2737 urbem
569 2692 606 2737 eo
622 2677 672 2737 die
687 2679 899 2741 defenderunt.
920 2681 1039 2741 Acilius
1054 2682 1143 2756 signo
1160 2698 1210 2743 re·

229 2758 331 2837 ceptui
352 2761 423 2822 dato
446 2777 521 2822 suos
542 2761 572 2821 in
592 2769 693 2823 castra
712 2763 813 2826 medio
833 2766 928 2824 ferme
947 2764 997 2823 die
1016 2764 1156 2834 reduxit3
1170 2770 1211 2825 et

227 2850 300 2905 tunc
314 2843 383 2908 oibo
399 2853 430 2907 et
444 2845 545 2921 quiete
558 2845 680 2906 relectis
697 2847 894 2922 corporibus,
915 2846 1095 2923 priusquam
1118 2864 1208 2923 prae·

227 2928 338 2988 tarium
353 2929 527 3002 dimitteret,
544 2930 746 3005 denuntiavit,
761 2936 876 2991 utente
887 2933 987 2993 lucem
999 2930 1105 2991 armati
1117 2947 1208 3006 para-

226 3011 310 3086 tique
331 3021 451 3074 essent:
475 3013 535 3074 nisi
554 3022 730 3090 expugnata
750 3014 827 3075 urbe
847 3030 883 3074 se
903 3030 958 3076 eos
979 3014 1010 3073 in
1028 3021 1130 3076 castra
1143 3031 1208 3076 non

225 3095 430 3157 reducturum.
459 3097 568 3158 eodem
588 3106 728 3172 tempore
748 3114 809 3172 quo
831 3097 945 3173 pridie,
967 3098 1106 3174 pluribus
1128 3097 1207 3158 locis

226 3178 411 3253 adgressus,
428 3196 497 3241 oum
512 3180 687 3256 oppidanos
703 3181 762 3241 iam
777 3181 874 3257 vires,
896 3180 956 3241 iam
970 3181 1045 3245 tela.
1061 3182 1120 3241 iam
1134 3188 1207 3241 ante

224 3262 327 3322 omnia
341 3263 460 3324 animus
477 3264 634 3338 deficeret,
655 3265 733 3325 intra
750 3280 866 3341 paucas
881 3264 975 3326 horas
990 3265 1097 3325 urbem
1113 3266 1206 3340 cepit

223 3344 265 3405 ibi
280 3346 388 3422 partim
405 3346 560 3408 divendita
575 3346 686 3421 partim
702 3348 802 3409 divisa
822 3349 952 3425 praeda,
975 3349 1137 3409 consilium
1151 3347 1206 3407 ha-

223 3429 334 3503 bitum,
351 3429 425 3506 quid
440 3429 551 3490 deinde
567 3432 690 3492 laceret.
712 3431 825 3493 nemini
836 3433 876 3493 od
887 3432 1079 3508 Naupactum
1090 3432 1127 3491 iri
1138 3433 1205 3506 pla-

221 3514 298 3587 cuit,
325 3518 477 3588 occupato
499 3514 538 3573 ad
559 3513 705 3575 Coracem
726 3514 765 3574 ab
785 3516 903 3577 Aetolis
925 3517 1014 3576 saltu.
1042 3520 1205 3575 notamen
