2600 4000
219 187 280 251 194
342 186 457 246 LIBER
468 185 588 244 xxxv.
611 157 863 249 concinnas.
886 187 1082 256 [eumaeo]

218 338 318 397 iectus
334 335 460 396 castella
473 333 623 410 vicosque
637 350 745 395 eorum
758 333 821 409 igni
837 335 981 410 ferroque
996 334 1197 408 pervastavit.
1296 324 1297 327 '

217 420 257 480 ibi
279 420 395 495 praeda
409 418 552 490 Etrusca,
576 433 656 491 quae
676 417 772 478 missa
793 434 811 478 a
832 416 1066 492 populatoribus
1087 418 1196 493 luerat,
1296 432 1297 495 j

216 505 351 579 repletus
367 508 414 562 est
427 501 514 561 miles
530 503 696 563 Romanus.

300 587 390 646 xxn.
423 584 487 645 Sub
508 585 588 645 idem
608 592 729 660 tempus
750 585 841 661 legati
861 584 900 645 ab
921 584 1044 659 regibus
1065 586 1197 645 Romam

216 677 414 733 reverterunt.
450 670 502 744 qui
522 685 590 729 cum
610 668 682 728 nihil
707 669 790 744 quod
811 668 886 729 satis
906 674 1054 728 maturam
1068 684 1196 728 causam

217 756 287 817 belli
301 755 427 815 haberet
441 753 500 814 nisi
514 753 666 813 adversus
680 752 956 814 Lacedaemonium
971 759 1134 828 tyrannum
1149 758 1195 811 at-

217 840 372 910 tulissent,
389 853 480 913 quem
495 842 525 895 et
538 836 655 897 Achaei
669 835 761 912 legati
776 835 953 896 nuntIabant
964 843 1070 896 contra
1082 835 1195 895 loedus

217 923 393 985 maritimam
419 936 503 980 oram
527 920 683 981 Laconum
709 934 903 995 oppugnare,
934 918 1045 980 Atilius
1070 925 1196 994 praetor

217 1023 284 1068 cum
307 1006 408 1065 classe
427 1003 541 1064 missus
563 1004 594 1063 in
616 1002 774 1063 Graeciam
795 1010 842 1063 est
862 1003 903 1061 ad
923 1004 1056 1064 tuendos
1078 1001 1196 1063 socios.

216 1090 377 1162 consules,
399 1088 523 1163 quando
545 1088 618 1147 nihil
641 1086 679 1146 ab
700 1086 851 1148 Antiocho
873 1086 1016 1160 instaret,
1037 1086 1197 1162 proficisci

217 1173 306 1234 ambo
328 1170 358 1230 ln
379 1171 555 1247 provincias
577 1172 698 1246 placuit.
733 1170 880 1231 Domitius
903 1171 941 1230 ab
956 1170 1108 1242 Arimino,
1132 1186 1197 1243 qua

216 1256 389 1333 proximum
403 1254 473 1330 luit,
489 1254 646 1329 Quinctius
659 1271 714 1331 per
725 1253 852 1330 Ligures
864 1253 895 1314 in
907 1253 1001 1314 Boios
1015 1253 1106 1314 uenit.
1130 1254 1195 1313 duo

217 1340 377 1401 consulum
394 1339 514 1414 agmina
533 1339 657 1399 diversa
677 1341 736 1398 late
757 1355 863 1414 agrum
882 1336 1015 1397 hostium
1036 1343 1193 1412 pervasta-

216 1430 295 1485 ruut.
323 1422 422 1498 primo
438 1423 557 1496 equites
572 1437 679 1483 eorum
694 1422 784 1496 pauci
800 1438 868 1481 cum
884 1421 1062 1496 praelectis,
1080 1418 1195 1480 deinde

218 1506 379 1569 universus
394 1513 534 1578 senatus,
552 1514 707 1580 postremo
722 1505 876 1580 inquibus
892 1511 942 1564 aut
956 1504 1078 1564 fortuna
1091 1504 1194 1578 aliqua

216 1598 270 1652 aut
290 1589 422 1666 dignitas
443 1595 522 1662 erat,
544 1590 585 1648 ad
605 1587 686 1648 mille
708 1588 863 1664 quingenti
877 1589 918 1647 ad
934 1589 1079 1650 consules
1093 1594 1193 1648 trans-

217 1678 367 1751 fugerunt.
395 1682 426 1736 et
448 1675 478 1733 in
500 1681 627 1748 utraque
642 1671 789 1748 Hispania
810 1688 847 1733 eo
868 1688 950 1732 anno
970 1687 1021 1732 res
1042 1687 1195 1746 prospere

217 1767 337 1834 gestae=
357 1775 426 1819 nam
441 1764 471 1818 et
485 1758 516 1818 C.
530 1756 694 1817 Flaminius
710 1756 858 1831 oppidum
874 1756 1033 1816 Licabrum
1047 1754 1195 1817 munitum

218 1845 455 1917 opulentumque
481 1839 578 1901 vineis
605 1841 808 1916 expugnavit,
843 1849 874 1900 et
898 1839 1031 1900 nobilem
1054 1839 1194 1914 regulum

218 1924 436 1986 Corribilonem
458 1925 560 1985 vivum
581 1925 674 2001 cepit,
696 1931 726 1985 et
745 1924 784 1984 Μ.
799 1921 924 1984 Fulvius
943 1924 1109 1999 proconsul
1125 1939 1194 1982 cunr

218 2010 340 2069 duobus
366 2007 550 2070 exercitibus
575 2009 708 2070 hostium
731 2009 792 2069 duo
815 2009 952 2068 secunda
973 2008 1090 2083 proelia
1114 2006 1194 2081 lecit,

218 2092 334 2169 oppida
349 2094 410 2154 duo
425 2093 645 2170 Hispanorum,
663 2091 836 2154 Vesceliam
851 2092 1078 2168 Helonemque,
1099 2097 1130 2150 et
1144 2107 1194 2151 ca·

219 2179 307 2238 stella
326 2179 421 2239 multa
442 2179 645 2254 expugnavit3
674 2177 733 2237 alia
751 2178 906 2237 voluntate
926 2176 965 2235 ad
986 2191 1054 2236 eum
1072 2176 1194 2234 deiece-

218 2271 297 2325 runt.
322 2271 385 2324 tum
401 2263 431 2323 in
447 2261 594 2323 Oretanos
616 2277 817 2337 progressus,
838 2267 868 2320 et
883 2258 925 2319 ibi
939 2258 1060 2341 duobus
1077 2259 1194 2334 potitus

218 2346 358 2424 oppidis,
379 2345 487 2407 Noliba
507 2353 537 2406 et
552 2345 669 2418 Cusibi,
690 2345 729 2404 ad
743 2345 858 2419 Tagum
879 2359 999 2403 amnem
1020 2343 1064 2404 ire
1085 2344 1193 2418 pergit.

218 2431 354 2491 Toletum
368 2430 408 2488 ibi
423 2444 520 2504 parva
534 2428 607 2488 urbs
622 2433 701 2500 erat,
724 2429 780 2487 sed
800 2430 869 2488 loco
889 2428 1015 2488 munito.
1043 2442 1111 2486 eam
1126 2442 1196 2486 cnm

219 2518 427 2589 oppugnaret,
448 2511 618 2570 Vectonum
635 2524 764 2584 magnus
786 2511 938 2572 exercitus
951 2510 1105 2572 Toletanis
1121 2508 1195 2569 sub-

219 2597 298 2656 sidio
313 2595 405 2654 venit.
426 2609 495 2654 cum
509 2593 546 2653 iis
563 2593 659 2667 signis
675 2593 792 2654 collatis
815 2611 966 2671 prospere
981 2593 1144 2670 pugnavit,
1165 2600 1197 2654 et

219 2679 297 2739 lusis
313 2677 503 2738 Vectonibus
518 2676 664 2752 operibus
678 2677 815 2740 Toletum
831 2680 920 2753 cepit.
940 2679 945 2687 '

329 2761 434 2821 XXIII.
466 2761 603 2821 Ceterum
619 2777 657 2822 eo
672 2769 809 2837 tempore
823 2762 974 2823 minusca
994 2762 1089 2833 bella,
1114 2775 1196 2835 quae

218 2847 414 2921 gerebantur,
437 2861 529 2906 curae
550 2845 687 2921 patribus
703 2854 790 2906 erant
805 2862 896 2920 quam
914 2844 1102 2919 exspectatio
1118 2859 1195 2904 non·

219 2932 290 2990 dum
312 2931 413 3005 coepti
439 2945 508 2990 cum
528 2930 680 2990 Antiocho
705 2929 785 2990 belli.
817 2946 888 2989 nam
913 2930 970 2989 etsi
998 2944 1053 3004 per
1077 2928 1196 3001 legatos

219 3013 384 3074 identidem
405 3014 506 3074 omnia
526 3013 778 3089 explorabantur,
804 3019 902 3072 tamen
923 3027 1061 3072 rumores
1081 3017 1197 3071 temere

219 3096 286 3158 sine
297 3098 367 3159 ullis
379 3097 553 3158 auctoribus
566 3098 621 3157 orti
633 3099 727 3157 multa
737 3098 815 3157 laisa
826 3096 906 3157 veris
918 3094 1095 3156 miscebant.
1117 3095 1197 3154 inter

219 3197 298 3256 quae
313 3181 445 3240 adlatum
460 3186 538 3255 erat,
561 3196 628 3239 cum
649 3180 680 3238 in
694 3180 844 3241 Aetoliam
863 3178 1001 3239 venisset
1014 3177 1196 3251 Antiochus,

218 3267 370 3340 extemplo
394 3266 524 3324 classem
546 3278 614 3323 eum
633 3263 664 3322 in
680 3262 813 3324 Siciliam
827 3263 1000 3324 missurum.
1028 3262 1130 3336 itaque
1146 3276 1195 3320 se

220 3355 323 3419 natuS,
339 3348 397 3407 etsi
408 3353 578 3423 praetorem
590 3346 714 3407 Atilium
727 3363 797 3407 cum
809 3348 911 3408 classe
921 3347 1046 3406 miserat
1060 3345 1090 3404 in
1102 3343 1197 3403 Grae·

127 3431 129 3436 '
218 3432 310 3500 mam,
328 3438 432 3490 tamen
448 3431 596 3505 quianon
612 3430 710 3505 copiis
726 3430 818 3490 modo
841 3430 898 3490 sed
912 3430 1002 3489 etiam
1016 3428 1197 3489 auctoritate
