<?xml version="1.0" encoding="UTF-8"?>
<!DOCTYPE html PUBLIC "-//W3C//DTD XHTML 1.0 Transitional//EN"
    "http://www.w3.org/TR/xhtml1/DTD/xhtml1-transitional.dtd">
<html xmlns="http://www.w3.org/1999/xhtml" xml:lang="en" lang="en">
 <head>
  <title>
</title>
<meta http-equiv="Content-Type" content="text/html;charset=utf-8" />
  <meta name='ocr-system' content='tesseract 3.04.00' />
  <meta name='ocr-capabilities' content='ocr_page ocr_carea ocr_par ocr_line ocrx_word'/>
</head>
<body>
  <div class='ocr_page' id='page_1' title='image "./aburbeconditali00mlgoog_0068.png"; bbox 0 0 2600 4000; ppageno 0'>
   <div class='ocr_carea' id='block_1_1' title="bbox 218 264 1041 339">
    <p class='ocr_par' dir='ltr' id='par_1_1' title="bbox 218 264 1041 339">
     <span class='ocr_line' id='line_1_1' title="bbox 218 264 1041 339; baseline -0.013 -6"><span class='ocrx_word' id='word_1_1' title='bbox 218 270 260 333; x_wconf 77' lang='lat'><strong>34</strong></span> <span class='ocrx_word' id='word_1_2' title='bbox 370 267 487 327; x_wconf 80' lang='lat' dir='ltr'><strong>LlBEll</strong></span> <span class='ocrx_word' id='word_1_3' title='bbox 496 266 601 325; x_wconf 88' lang='lat' dir='ltr'>XXXI.</span> <span class='ocrx_word' id='word_1_4' title='bbox 625 264 708 325; x_wconf 82' lang='lat' dir='ltr'><strong>CAP-</strong></span> <span class='ocrx_word' id='word_1_5' title='bbox 720 272 765 326; x_wconf 77' lang='lat'><strong>38.</strong></span> <span class='ocrx_word' id='word_1_6' title='bbox 776 271 821 326; x_wconf 82' lang='lat'><strong>39.</strong></span> <span class='ocrx_word' id='word_1_7' title='bbox 845 269 881 339; x_wconf 85' lang='lat' dir='ltr'><strong>[a.</strong></span> <span class='ocrx_word' id='word_1_8' title='bbox 892 267 928 320; x_wconf 92' lang='lat' dir='ltr'><strong>U.</strong></span> <span class='ocrx_word' id='word_1_9' title='bbox 939 284 963 319; x_wconf 87' lang='lat' dir='ltr'><strong>c.</strong></span> <span class='ocrx_word' id='word_1_10' title='bbox 976 268 1041 333; x_wconf 74' lang='lat'><strong>552]</strong></span> 
     </span>
    </p>
   </div>
   <div class='ocr_carea' id='block_1_2' title="bbox 216 415 1201 1243">
    <p class='ocr_par' dir='ltr' id='par_1_2' title="bbox 216 415 1201 1243">
     <span class='ocr_line' id='line_1_2' title="bbox 218 415 1198 492; baseline -0.004 -9"><span class='ocrx_word' id='word_1_11' title='bbox 218 424 330 484; x_wconf 87' lang='lat' dir='ltr'><strong>ducere</strong></span> <span class='ocrx_word' id='word_1_12' title='bbox 345 420 506 480; x_wconf 67' lang='lat' dir='ltr'><strong>debuisses</strong></span> <span class='ocrx_word' id='word_1_13' title='bbox 528 419 681 478; x_wconf 82' lang='lat' dir='ltr'><strong>necerim</strong></span> <span class='ocrx_word' id='word_1_14' title='bbox 692 433 855 477; x_wconf 92' lang='lat' dir='ltr'><strong>mansuros</strong></span> <span class='ocrx_word' id='word_1_15' title='bbox 871 415 913 476; x_wconf 90' lang='lat' dir='ltr'><strong>ita</strong></span> <span class='ocrx_word' id='word_1_16' title='bbox 924 417 1086 492; x_wconf 87' lang='lat' dir='ltr'><strong>perculsos</strong></span> <span class='ocrx_word' id='word_1_17' title='bbox 1097 417 1198 479; x_wconf 77' lang='lat' dir='ltr'><strong>hostis</strong></span> 
     </span>
     <span class='ocr_line' id='line_1_3' title="bbox 217 499 1199 578; baseline -0.005 -12"><span class='ocrx_word' id='word_1_18' title='bbox 217 506 324 575; x_wconf 90' lang='lat' dir='ltr'><strong>fuisse,</strong></span> <span class='ocrx_word' id='word_1_19' title='bbox 340 503 549 578; x_wconf 85' lang='lat' dir='ltr'><strong>debellarique</strong></span> <span class='ocrx_word' id='word_1_20' title='bbox 563 508 716 562; x_wconf 89' lang='lat' dir='ltr'><strong>momento</strong></span> <span class='ocrx_word' id='word_1_21' title='bbox 730 499 878 576; x_wconf 89' lang='lat' dir='ltr'><strong>temporis</strong></span> <span class='ocrx_word' id='word_1_22' title='bbox 894 501 1045 576; x_wconf 92' lang='lat' dir='ltr'><strong>potuisse.</strong></span> <span class='ocrx_word' id='word_1_23' title='bbox 1067 500 1098 560; x_wconf 92' lang='lat' dir='ltr'><strong>id</strong></span> <span class='ocrx_word' id='word_1_24' title='bbox 1114 499 1199 561; x_wconf 89' lang='lat' dir='ltr'><strong>dictu</strong></span> 
     </span>
     <span class='ocr_line' id='line_1_4' title="bbox 219 583 1199 684; baseline -0.005 -35"><span class='ocrx_word' id='word_1_25' title='bbox 219 605 311 664; x_wconf 91' lang='lat' dir='ltr'><strong>quam</strong></span> <span class='ocrx_word' id='word_1_26' title='bbox 323 603 367 660; x_wconf 91' lang='lat' dir='ltr'><strong>re,</strong></span> <span class='ocrx_word' id='word_1_27' title='bbox 381 593 416 646; x_wconf 90' lang='lat' dir='ltr'><strong>ut</strong></span> <span class='ocrx_word' id='word_1_28' title='bbox 429 587 586 684; x_wconf 79' lang='lat' dir='ltr'><strong>pleraque,</strong></span> <span class='ocrx_word' id='word_1_29' title='bbox 601 585 721 645; x_wconf 77' lang='lat' dir='ltr'><strong>facilius</strong></span> <span class='ocrx_word' id='word_1_30' title='bbox 737 592 810 645; x_wconf 90' lang='lat' dir='ltr'><strong>erat.</strong></span> <span class='ocrx_word' id='word_1_31' title='bbox 834 600 905 644; x_wconf 91' lang='lat' dir='ltr'><strong>nam</strong></span> <span class='ocrx_word' id='word_1_32' title='bbox 918 600 946 643; x_wconf 82' lang='lat' dir='ltr'><strong>si</strong></span> <span class='ocrx_word' id='word_1_33' title='bbox 937 583 1098 644; x_wconf 91' lang='lat' dir='ltr'><strong>omnibus</strong></span> <span class='ocrx_word' id='word_1_34' title='bbox 1110 585 1199 659; x_wconf 85' lang='lat' dir='ltr'><strong>pedi·</strong></span> 
     </span>
     <span class='ocr_line' id='line_1_5' title="bbox 217 667 1201 747; baseline -0.007 -13"><span class='ocrx_word' id='word_1_35' title='bbox 217 681 280 734; x_wconf 88' lang='lat' dir='ltr'><strong>tum</strong></span> <span class='ocrx_word' id='word_1_36' title='bbox 300 685 426 747; x_wconf 89' lang='lat' dir='ltr'><strong>quoque</strong></span> <span class='ocrx_word' id='word_1_37' title='bbox 442 670 542 745; x_wconf 90' lang='lat' dir='ltr'><strong>copiis</strong></span> <span class='ocrx_word' id='word_1_38' title='bbox 557 683 745 742; x_wconf 88' lang='lat' dir='ltr'><strong>congressus</strong></span> <span class='ocrx_word' id='word_1_39' title='bbox 758 683 815 727; x_wconf 88' lang='lat' dir='ltr'><strong>rex</strong></span> <span class='ocrx_word' id='word_1_40' title='bbox 830 667 953 740; x_wconf 89' lang='lat' dir='ltr'><strong>fuisset,</strong></span> <span class='ocrx_word' id='word_1_41' title='bbox 976 668 1105 728; x_wconf 82' lang='lat' dir='ltr'><strong>forsitan</strong></span> <span class='ocrx_word' id='word_1_42' title='bbox 1119 667 1201 728; x_wconf 86' lang='lat' dir='ltr'><strong>inter</strong></span> 
     </span>
     <span class='ocr_line' id='line_1_6' title="bbox 217 733 1199 827; baseline -0.008 -9"><span class='ocrx_word' id='word_1_43' title='bbox 217 757 390 827; x_wconf 88' lang='lat' dir='ltr'><strong>tumultum,</strong></span> <span class='ocrx_word' id='word_1_44' title='bbox 411 769 480 813; x_wconf 90' lang='lat' dir='ltr'><strong>cum</strong></span> <span class='ocrx_word' id='word_1_45' title='bbox 501 768 609 813; x_wconf 91' lang='lat' dir='ltr'><strong>omnes</strong></span> <span class='ocrx_word' id='word_1_46' title='bbox 628 752 702 811; x_wconf 92' lang='lat' dir='ltr'><strong>victi</strong></span> <span class='ocrx_word' id='word_1_47' title='bbox 715 759 860 827; x_wconf 85' lang='lat' dir='ltr'><strong>metuque</strong></span> <span class='ocrx_word' id='word_1_48' title='bbox 874 751 1008 825; x_wconf 90' lang='lat' dir='ltr'><strong>perculsi</strong></span> <span class='ocrx_word' id='word_1_49' title='bbox 1023 766 1063 809; x_wconf 88' lang='lat' dir='ltr'><strong>ex</strong></span> <span class='ocrx_word' id='word_1_50' title='bbox 1075 733 1199 822; x_wconf 87' lang='lat' dir='ltr'><strong>proelio</strong></span> 
     </span>
     <span class='ocr_line' id='line_1_7' title="bbox 216 833 1199 911; baseline -0.003 -11"><span class='ocrx_word' id='word_1_51' title='bbox 216 841 294 900; x_wconf 87' lang='lat' dir='ltr'><strong>inira</strong></span> <span class='ocrx_word' id='word_1_52' title='bbox 319 838 432 898; x_wconf 89' lang='lat' dir='ltr'><strong>vallum</strong></span> <span class='ocrx_word' id='word_1_53' title='bbox 460 836 599 911; x_wconf 90' lang='lat' dir='ltr'><strong>protinus</strong></span> <span class='ocrx_word' id='word_1_54' title='bbox 627 835 699 895; x_wconf 90' lang='lat' dir='ltr'><strong>inde</strong></span> <span class='ocrx_word' id='word_1_55' title='bbox 727 833 985 909; x_wconf 78' lang='lat' dir='ltr'><strong>supervadentem</strong></span> <span class='ocrx_word' id='word_1_56' title='bbox 1012 833 1199 897; x_wconf 85' lang='lat' dir='ltr'><strong>munimenta</strong></span> 
     </span>
     <span class='ocr_line' id='line_1_8' title="bbox 216 917 1199 993; baseline -0.006 -9"><span class='ocrx_word' id='word_1_57' title='bbox 216 922 363 983; x_wconf 89' lang='lat' dir='ltr'><strong>victorem</strong></span> <span class='ocrx_word' id='word_1_58' title='bbox 376 920 496 979; x_wconf 84' lang='lat' dir='ltr'><strong>hostem</strong></span> <span class='ocrx_word' id='word_1_59' title='bbox 514 920 663 993; x_wconf 89' lang='lat' dir='ltr'><strong>fugerent,</strong></span> <span class='ocrx_word' id='word_1_60' title='bbox 678 917 750 978; x_wconf 89' lang='lat' dir='ltr'><strong>exui</strong></span> <span class='ocrx_word' id='word_1_61' title='bbox 765 917 873 978; x_wconf 90' lang='lat' dir='ltr'><strong>castris</strong></span> <span class='ocrx_word' id='word_1_62' title='bbox 888 917 1020 993; x_wconf 88' lang='lat' dir='ltr'><strong>potuerit</strong></span> <span class='ocrx_word' id='word_1_63' title='bbox 1033 932 1099 977; x_wconf 88' lang='lat' dir='ltr'><strong>rex.</strong></span> <span class='ocrx_word' id='word_1_64' title='bbox 1129 933 1199 978; x_wconf 91' lang='lat' dir='ltr'><strong>cum</strong></span> 
     </span>
     <span class='ocr_line' id='line_1_9' title="bbox 217 1001 1200 1078; baseline -0.006 -11"><span class='ocrx_word' id='word_1_65' title='bbox 217 1021 290 1067; x_wconf 87' lang='lat' dir='ltr'><strong>vero</strong></span> <span class='ocrx_word' id='word_1_66' title='bbox 311 1005 447 1078; x_wconf 83' lang='lat' dir='ltr'><strong>integrae</strong></span> <span class='ocrx_word' id='word_1_67' title='bbox 467 1002 576 1077; x_wconf 90' lang='lat' dir='ltr'><strong>copiae</strong></span> <span class='ocrx_word' id='word_1_68' title='bbox 590 1003 727 1077; x_wconf 92' lang='lat' dir='ltr'><strong>peditum</strong></span> <span class='ocrx_word' id='word_1_69' title='bbox 741 1002 771 1061; x_wconf 92' lang='lat' dir='ltr'><strong>in</strong></span> <span class='ocrx_word' id='word_1_70' title='bbox 788 1001 897 1061; x_wconf 85' lang='lat' dir='ltr'><strong>castris</strong></span> <span class='ocrx_word' id='word_1_71' title='bbox 912 1002 1112 1075; x_wconf 88' lang='lat' dir='ltr'><strong>mansissent,</strong></span> <span class='ocrx_word' id='word_1_72' title='bbox 1136 1007 1200 1062; x_wconf 89' lang='lat' dir='ltr'><strong>sta·</strong></span> 
     </span>
     <span class='ocr_line' id='line_1_10' title="bbox 216 1083 1198 1161; baseline -0.002 -12"><span class='ocrx_word' id='word_1_73' title='bbox 216 1089 315 1149; x_wconf 89' lang='lat' dir='ltr'><strong>tiones</strong></span> <span class='ocrx_word' id='word_1_74' title='bbox 341 1093 539 1161; x_wconf 85' lang='lat' dir='ltr'><strong>anteponas</strong></span> <span class='ocrx_word' id='word_1_75' title='bbox 566 1086 784 1161; x_wconf 88' lang='lat' dir='ltr'><strong>praesidiaque</strong></span> <span class='ocrx_word' id='word_1_76' title='bbox 805 1085 958 1160; x_wconf 89' lang='lat' dir='ltr'><strong>disposita</strong></span> <span class='ocrx_word' id='word_1_77' title='bbox 977 1091 1095 1159; x_wconf 90' lang='lat' dir='ltr'><strong>essent,</strong></span> <span class='ocrx_word' id='word_1_78' title='bbox 1123 1083 1198 1159; x_wconf 93' lang='lat' dir='ltr'><strong>quid</strong></span> 
     </span>
     <span class='ocr_line' id='line_1_11' title="bbox 216 1167 1199 1243; baseline -0.003 -12"><span class='ocrx_word' id='word_1_79' title='bbox 216 1170 276 1231; x_wconf 93' lang='lat' dir='ltr'><strong>nisi</strong></span> <span class='ocrx_word' id='word_1_80' title='bbox 290 1176 323 1230; x_wconf 89' lang='lat' dir='ltr'><strong>ut</strong></span> <span class='ocrx_word' id='word_1_81' title='bbox 336 1169 534 1231; x_wconf 87' lang='lat' dir='ltr'><strong>temeritatem</strong></span> <span class='ocrx_word' id='word_1_82' title='bbox 553 1167 637 1243; x_wconf 88' lang='lat' dir='ltr'><strong>regis</strong></span> <span class='ocrx_word' id='word_1_83' title='bbox 658 1167 757 1229; x_wconf 87' lang='lat' dir='ltr'><strong>effuse</strong></span> <span class='ocrx_word' id='word_1_84' title='bbox 772 1170 865 1243; x_wconf 90' lang='lat' dir='ltr'><strong>paulo</strong></span> <span class='ocrx_word' id='word_1_85' title='bbox 880 1175 951 1229; x_wconf 89' lang='lat' dir='ltr'><strong>ante</strong></span> <span class='ocrx_word' id='word_1_86' title='bbox 964 1169 1063 1229; x_wconf 88' lang='lat' dir='ltr'><strong>seculi</strong></span> <span class='ocrx_word' id='word_1_87' title='bbox 1076 1170 1199 1243; x_wconf 87' lang='lat' dir='ltr'><strong>percul-</strong></span> 
     </span>
    </p>
   </div>
   <div class='ocr_carea' id='block_1_3' title="bbox 217 1252 1293 1415">
    <p class='ocr_par' dir='ltr' id='par_1_3' title="bbox 217 1252 1293 1415">
     <span class='ocr_line' id='line_1_12' title="bbox 217 1252 1293 1329; baseline -0.005 -12"><span class='ocrx_word' id='word_1_88' title='bbox 217 1271 271 1317; x_wconf 86' lang='lat' dir='ltr'><strong>sos</strong></span> <span class='ocrx_word' id='word_1_89' title='bbox 287 1254 404 1329; x_wconf 88' lang='lat' dir='ltr'><strong>equites</strong></span> <span class='ocrx_word' id='word_1_90' title='bbox 420 1253 601 1325; x_wconf 88' lang='lat' dir='ltr'><strong>imitaretur,</strong></span> <span class='ocrx_word' id='word_1_91' title='bbox 622 1252 829 1326; x_wconf 84' lang='lat' dir='ltr'><strong>profecissetf</strong></span> <span class='ocrx_word' id='word_1_92' title='bbox 849 1267 951 1327; x_wconf 90' lang='lat' dir='ltr'><strong>neque</strong></span> <span class='ocrx_word' id='word_1_93' title='bbox 966 1252 1047 1312; x_wconf 92' lang='lat' dir='ltr'><strong>enim</strong></span> <span class='ocrx_word' id='word_1_94' title='bbox 1060 1267 1100 1310; x_wconf 89' lang='lat' dir='ltr'><strong>ne</strong></span> <span class='ocrx_word' id='word_1_95' title='bbox 1114 1252 1199 1327; x_wconf 90' lang='lat' dir='ltr'><strong>regis</strong></span> <span class='ocrx_word' id='word_1_96' title='bbox 1292 1294 1293 1297; x_wconf 63' lang='lat'><strong>,</strong></span> 
     </span>
     <span class='ocr_line' id='line_1_13' title="bbox 218 1334 1293 1415; baseline -0.002 -17"><span class='ocrx_word' id='word_1_97' title='bbox 218 1339 341 1415; x_wconf 91' lang='lat' dir='ltr'><strong>quidem</strong></span> <span class='ocrx_word' id='word_1_98' title='bbox 357 1337 486 1412; x_wconf 89' lang='lat' dir='ltr'><strong>primum</strong></span> <span class='ocrx_word' id='word_1_99' title='bbox 501 1334 671 1408; x_wconf 91' lang='lat' dir='ltr'><strong>consilium,</strong></span> <span class='ocrx_word' id='word_1_100' title='bbox 687 1352 749 1410; x_wconf 89' lang='lat' dir='ltr'><strong>quo</strong></span> <span class='ocrx_word' id='word_1_101' title='bbox 764 1337 910 1411; x_wconf 91' lang='lat' dir='ltr'><strong>impetum</strong></span> <span class='ocrx_word' id='word_1_102' title='bbox 920 1335 951 1394; x_wconf 95' lang='lat' dir='ltr'><strong>in</strong></span> <span class='ocrx_word' id='word_1_103' title='bbox 962 1337 1199 1396; x_wconf 77' lang='lat' dir='ltr'><strong>frumentatores</strong></span> <span class='ocrx_word' id='word_1_104' title='bbox 1292 1360 1293 1373; x_wconf 62' lang='lat'>2</span> 
     </span>
    </p>
   </div>
   <div class='ocr_carea' id='block_1_4' title="bbox 215 1418 1200 2415">
    <p class='ocr_par' dir='ltr' id='par_1_4' title="bbox 215 1418 1200 2415">
     <span class='ocr_line' id='line_1_14' title="bbox 217 1418 1199 1499; baseline -0.002 -18"><span class='ocrx_word' id='word_1_105' title='bbox 217 1422 336 1499; x_wconf 87' lang='lat' dir='ltr'><strong>palatos</strong></span> <span class='ocrx_word' id='word_1_106' title='bbox 352 1437 409 1497; x_wconf 91' lang='lat' dir='ltr'><strong>per</strong></span> <span class='ocrx_word' id='word_1_107' title='bbox 422 1435 515 1495; x_wconf 88' lang='lat' dir='ltr'><strong>agros</strong></span> <span class='ocrx_word' id='word_1_108' title='bbox 530 1419 611 1493; x_wconf 89' lang='lat' dir='ltr'><strong>fecit,</strong></span> <span class='ocrx_word' id='word_1_109' title='bbox 628 1418 913 1493; x_wconf 88' lang='lat' dir='ltr'><strong>reprehendendum</strong></span> <span class='ocrx_word' id='word_1_110' title='bbox 928 1420 1015 1491; x_wconf 88' lang='lat' dir='ltr'><strong>foret,</strong></span> <span class='ocrx_word' id='word_1_111' title='bbox 1032 1418 1058 1479; x_wconf 91' lang='lat' dir='ltr'><strong>si</strong></span> <span class='ocrx_word' id='word_1_112' title='bbox 1072 1419 1199 1480; x_wconf 89' lang='lat' dir='ltr'><strong>modum</strong></span> 
     </span>
     <span class='ocr_line' id='line_1_15' title="bbox 217 1502 1200 1581; baseline -0.002 -16"><span class='ocrx_word' id='word_1_113' title='bbox 217 1520 387 1581; x_wconf 87' lang='lat' dir='ltr'><strong>prosperae</strong></span> <span class='ocrx_word' id='word_1_114' title='bbox 415 1519 538 1580; x_wconf 79' lang='lat' dir='ltr'><strong>pugnae</strong></span> <span class='ocrx_word' id='word_1_115' title='bbox 562 1502 771 1578; x_wconf 91' lang='lat' dir='ltr'><strong>imposuisset.</strong></span> <span class='ocrx_word' id='word_1_116' title='bbox 804 1518 842 1563; x_wconf 93' lang='lat' dir='ltr'><strong>eo</strong></span> <span class='ocrx_word' id='word_1_117' title='bbox 870 1518 997 1578; x_wconf 90' lang='lat' dir='ltr'><strong>quoque</strong></span> <span class='ocrx_word' id='word_1_118' title='bbox 1021 1502 1123 1563; x_wconf 90' lang='lat' dir='ltr'><strong>minus</strong></span> <span class='ocrx_word' id='word_1_119' title='bbox 1151 1508 1200 1563; x_wconf 88' lang='lat' dir='ltr'><strong>est</strong></span> 
     </span>
     <span class='ocr_line' id='line_1_16' title="bbox 215 1585 1199 1664; baseline -0.004 -15"><span class='ocrx_word' id='word_1_120' title='bbox 215 1590 323 1649; x_wconf 90' lang='lat' dir='ltr'><strong>mirum</strong></span> <span class='ocrx_word' id='word_1_121' title='bbox 343 1593 510 1664; x_wconf 85' lang='lat' dir='ltr'><strong>temptasse</strong></span> <span class='ocrx_word' id='word_1_122' title='bbox 525 1602 595 1648; x_wconf 89' lang='lat' dir='ltr'><strong>eum</strong></span> <span class='ocrx_word' id='word_1_123' title='bbox 612 1587 779 1658; x_wconf 85' lang='lat' dir='ltr'><strong>fortunam,</strong></span> <span class='ocrx_word' id='word_1_124' title='bbox 802 1588 887 1661; x_wconf 90' lang='lat' dir='ltr'><strong>quod</strong></span> <span class='ocrx_word' id='word_1_125' title='bbox 902 1587 982 1646; x_wconf 89' lang='lat' dir='ltr'><strong>lama</strong></span> <span class='ocrx_word' id='word_1_126' title='bbox 997 1594 1062 1647; x_wconf 90' lang='lat' dir='ltr'><strong>erat</strong></span> <span class='ocrx_word' id='word_1_127' title='bbox 1074 1585 1199 1646; x_wconf 89' lang='lat' dir='ltr'><strong>Pleura-</strong></span> 
     </span>
     <span class='ocr_line' id='line_1_17' title="bbox 216 1668 1199 1748; baseline -0.002 -17"><span class='ocrx_word' id='word_1_128' title='bbox 216 1681 278 1734; x_wconf 89' lang='lat' dir='ltr'><strong>tum</strong></span> <span class='ocrx_word' id='word_1_129' title='bbox 291 1671 517 1748; x_wconf 87' lang='lat' dir='ltr'><strong>Dardanosque</strong></span> <span class='ocrx_word' id='word_1_130' title='bbox 537 1670 710 1745; x_wconf 82' lang='lat' dir='ltr'><strong>ingentibus</strong></span> <span class='ocrx_word' id='word_1_131' title='bbox 733 1668 831 1743; x_wconf 90' lang='lat' dir='ltr'><strong>copiis</strong></span> <span class='ocrx_word' id='word_1_132' title='bbox 851 1671 1007 1745; x_wconf 91' lang='lat' dir='ltr'><strong>profectos</strong></span> <span class='ocrx_word' id='word_1_133' title='bbox 1029 1670 1121 1730; x_wconf 93' lang='lat' dir='ltr'><strong>domo</strong></span> <span class='ocrx_word' id='word_1_134' title='bbox 1137 1670 1199 1729; x_wconf 91' lang='lat' dir='ltr'><strong>iam</strong></span> 
     </span>
     <span class='ocr_line' id='line_1_18' title="bbox 216 1753 1198 1829; baseline -0.004 -13"><span class='ocrx_word' id='word_1_135' title='bbox 216 1758 246 1816; x_wconf 94' lang='lat' dir='ltr'><strong>in</strong></span> <span class='ocrx_word' id='word_1_136' title='bbox 260 1755 472 1817; x_wconf 88' lang='lat' dir='ltr'><strong>Macedoniam</strong></span> <span class='ocrx_word' id='word_1_137' title='bbox 485 1753 732 1823; x_wconf 78' lang='lat' dir='ltr'><strong>transcendisse3</strong></span> <span class='ocrx_word' id='word_1_138' title='bbox 754 1753 864 1829; x_wconf 90' lang='lat' dir='ltr'><strong>quibus</strong></span> <span class='ocrx_word' id='word_1_139' title='bbox 879 1754 906 1813; x_wconf 92' lang='lat' dir='ltr'><strong>si</strong></span> <span class='ocrx_word' id='word_1_140' title='bbox 919 1754 1057 1828; x_wconf 87' lang='lat' dir='ltr'><strong>undique</strong></span> <span class='ocrx_word' id='word_1_141' title='bbox 1070 1753 1198 1813; x_wconf 90' lang='lat' dir='ltr'><strong>circum·</strong></span> 
     </span>
     <span class='ocr_line' id='line_1_19' title="bbox 215 1837 1199 1915; baseline -0.002 -17"><span class='ocrx_word' id='word_1_142' title='bbox 215 1847 325 1902; x_wconf 87' lang='lat' dir='ltr'><strong>ventus</strong></span> <span class='ocrx_word' id='word_1_143' title='bbox 351 1840 450 1915; x_wconf 88' lang='lat' dir='ltr'><strong>copiis</strong></span> <span class='ocrx_word' id='word_1_144' title='bbox 475 1840 568 1908; x_wconf 89' lang='lat' dir='ltr'><strong>foret,</strong></span> <span class='ocrx_word' id='word_1_145' title='bbox 598 1837 756 1897; x_wconf 86' lang='lat' dir='ltr'><strong>sedentem</strong></span> <span class='ocrx_word' id='word_1_146' title='bbox 781 1838 952 1898; x_wconf 89' lang='lat' dir='ltr'><strong>Romanum</strong></span> <span class='ocrx_word' id='word_1_147' title='bbox 978 1838 1199 1897; x_wconf 80' lang='lat' dir='ltr'><strong>debellatunrm</strong></span> 
     </span>
     <span class='ocr_line' id='line_1_20' title="bbox 217 1920 1199 1996; baseline -0.001 -15"><span class='ocrx_word' id='word_1_148' title='bbox 217 1924 301 1982; x_wconf 90' lang='lat' dir='ltr'><strong>credi</strong></span> <span class='ocrx_word' id='word_1_149' title='bbox 323 1927 452 1996; x_wconf 90' lang='lat' dir='ltr'><strong>poterat.</strong></span> <span class='ocrx_word' id='word_1_150' title='bbox 481 1922 586 1994; x_wconf 91' lang='lat' dir='ltr'><strong>itaque</strong></span> <span class='ocrx_word' id='word_1_151' title='bbox 599 1921 770 1981; x_wconf 89' lang='lat' dir='ltr'><strong>secundum</strong></span> <span class='ocrx_word' id='word_1_152' title='bbox 785 1920 863 1981; x_wconf 89' lang='lat' dir='ltr'><strong>duas</strong></span> <span class='ocrx_word' id='word_1_153' title='bbox 879 1921 1028 1981; x_wconf 88' lang='lat' dir='ltr'><strong>adversas</strong></span> <span class='ocrx_word' id='word_1_154' title='bbox 1044 1922 1199 1996; x_wconf 87' lang='lat' dir='ltr'><strong>equestris</strong></span> 
     </span>
     <span class='ocr_line' id='line_1_21' title="bbox 215 2005 1198 2080; baseline 0 -16"><span class='ocrx_word' id='word_1_155' title='bbox 215 2021 336 2080; x_wconf 89' lang='lat' dir='ltr'><strong>pugnas</strong></span> <span class='ocrx_word' id='word_1_156' title='bbox 356 2007 451 2067; x_wconf 91' lang='lat' dir='ltr'><strong>multo</strong></span> <span class='ocrx_word' id='word_1_157' title='bbox 471 2006 572 2065; x_wconf 90' lang='lat' dir='ltr'><strong>minus</strong></span> <span class='ocrx_word' id='word_1_158' title='bbox 592 2010 685 2065; x_wconf 87' lang='lat' dir='ltr'><strong>tutam</strong></span> <span class='ocrx_word' id='word_1_159' title='bbox 707 2021 823 2065; x_wconf 89' lang='lat' dir='ltr'><strong>moram</strong></span> <span class='ocrx_word' id='word_1_160' title='bbox 838 2007 868 2065; x_wconf 91' lang='lat' dir='ltr'><strong>in</strong></span> <span class='ocrx_word' id='word_1_161' title='bbox 883 2007 982 2065; x_wconf 89' lang='lat' dir='ltr'><strong>isdem</strong></span> <span class='ocrx_word' id='word_1_162' title='bbox 997 2005 1116 2066; x_wconf 85' lang='lat' dir='ltr'><strong>stativis</strong></span> <span class='ocrx_word' id='word_1_163' title='bbox 1131 2006 1198 2066; x_wconf 93' lang='lat' dir='ltr'><strong>fore</strong></span> 
     </span>
     <span class='ocr_line' id='line_1_22' title="bbox 215 2088 1197 2166; baseline 0.002 -19"><span class='ocrx_word' id='word_1_164' title='bbox 215 2088 374 2166; x_wconf 87' lang='lat' dir='ltr'><strong>Phiiippus</strong></span> <span class='ocrx_word' id='word_1_165' title='bbox 396 2095 497 2164; x_wconf 88' lang='lat' dir='ltr'><strong>ratus,</strong></span> <span class='ocrx_word' id='word_1_166' title='bbox 519 2103 588 2149; x_wconf 94' lang='lat' dir='ltr'><strong>cum</strong></span> <span class='ocrx_word' id='word_1_167' title='bbox 604 2088 689 2150; x_wconf 90' lang='lat' dir='ltr'><strong>abire</strong></span> <span class='ocrx_word' id='word_1_168' title='bbox 703 2090 775 2149; x_wconf 91' lang='lat' dir='ltr'><strong>inde</strong></span> <span class='ocrx_word' id='word_1_169' title='bbox 789 2097 820 2149; x_wconf 91' lang='lat' dir='ltr'><strong>et</strong></span> <span class='ocrx_word' id='word_1_170' title='bbox 833 2090 938 2148; x_wconf 85' lang='lat' dir='ltr'><strong>fallere</strong></span> <span class='ocrx_word' id='word_1_171' title='bbox 953 2088 1061 2150; x_wconf 90' lang='lat' dir='ltr'><strong>abiens</strong></span> <span class='ocrx_word' id='word_1_172' title='bbox 1075 2089 1197 2149; x_wconf 89' lang='lat' dir='ltr'><strong>hostem</strong></span> 
     </span>
     <span class='ocr_line' id='line_1_23' title="bbox 216 2172 1196 2256; baseline 0.002 -24"><span class='ocrx_word' id='word_1_173' title='bbox 216 2174 321 2246; x_wconf 87' lang='lat' dir='ltr'><strong>vellet,</strong></span> <span class='ocrx_word' id='word_1_174' title='bbox 343 2173 547 2235; x_wconf 79' lang='lat' dir='ltr'><strong>caduceatore</strong></span> <span class='ocrx_word' id='word_1_175' title='bbox 567 2172 625 2233; x_wconf 90' lang='lat' dir='ltr'><strong>sub</strong></span> <span class='ocrx_word' id='word_1_176' title='bbox 647 2187 793 2256; x_wconf 86' lang='lat' dir='ltr'><strong>occasum</strong></span> <span class='ocrx_word' id='word_1_177' title='bbox 814 2173 890 2232; x_wconf 89' lang='lat' dir='ltr'><strong>solis</strong></span> <span class='ocrx_word' id='word_1_178' title='bbox 910 2173 1007 2233; x_wconf 90' lang='lat' dir='ltr'><strong>misso</strong></span> <span class='ocrx_word' id='word_1_179' title='bbox 1028 2174 1069 2232; x_wconf 89' lang='lat' dir='ltr'><strong>ad</strong></span> <span class='ocrx_word' id='word_1_180' title='bbox 1084 2188 1196 2234; x_wconf 88' lang='lat' dir='ltr'><strong>consu·</strong></span> 
     </span>
     <span class='ocr_line' id='line_1_24' title="bbox 216 2256 1197 2334; baseline 0.001 -18"><span class='ocrx_word' id='word_1_181' title='bbox 216 2258 283 2332; x_wconf 91' lang='lat' dir='ltr'><strong>lem,</strong></span> <span class='ocrx_word' id='word_1_182' title='bbox 305 2259 357 2334; x_wconf 93' lang='lat' dir='ltr'><strong>qui</strong></span> <span class='ocrx_word' id='word_1_183' title='bbox 372 2258 506 2320; x_wconf 91' lang='lat' dir='ltr'><strong>indutias</strong></span> <span class='ocrx_word' id='word_1_184' title='bbox 521 2258 561 2317; x_wconf 92' lang='lat' dir='ltr'><strong>ad</strong></span> <span class='ocrx_word' id='word_1_185' title='bbox 577 2257 774 2332; x_wconf 88' lang='lat' dir='ltr'><strong>sepeliendos</strong></span> <span class='ocrx_word' id='word_1_186' title='bbox 790 2256 909 2331; x_wconf 90' lang='lat' dir='ltr'><strong>equites</strong></span> <span class='ocrx_word' id='word_1_187' title='bbox 924 2262 1050 2331; x_wconf 87' lang='lat' dir='ltr'><strong>peteret,</strong></span> <span class='ocrx_word' id='word_1_188' title='bbox 1072 2258 1197 2317; x_wconf 90' lang='lat' dir='ltr'><strong>frustra·</strong></span> 
     </span>
     <span class='ocr_line' id='line_1_25' title="bbox 216 2340 1199 2415; baseline 0.001 -16"><span class='ocrx_word' id='word_1_189' title='bbox 216 2346 264 2401; x_wconf 92' lang='lat' dir='ltr'><strong>tus</strong></span> <span class='ocrx_word' id='word_1_190' title='bbox 278 2340 399 2403; x_wconf 90' lang='lat' dir='ltr'><strong>hostem</strong></span> <span class='ocrx_word' id='word_1_191' title='bbox 414 2341 552 2402; x_wconf 87' lang='lat' dir='ltr'><strong>secunda</strong></span> <span class='ocrx_word' id='word_1_192' title='bbox 564 2340 678 2414; x_wconf 87' lang='lat' dir='ltr'><strong>vigilia,</strong></span> <span class='ocrx_word' id='word_1_193' title='bbox 694 2340 796 2399; x_wconf 91' lang='lat' dir='ltr'><strong>multis</strong></span> <span class='ocrx_word' id='word_1_194' title='bbox 810 2341 932 2414; x_wconf 88' lang='lat' dir='ltr'><strong>ignibus</strong></span> <span class='ocrx_word' id='word_1_195' title='bbox 947 2355 1004 2415; x_wconf 89' lang='lat' dir='ltr'><strong>per</strong></span> <span class='ocrx_word' id='word_1_196' title='bbox 1017 2343 1081 2400; x_wconf 86' lang='lat' dir='ltr'><strong>tola</strong></span> <span class='ocrx_word' id='word_1_197' title='bbox 1096 2346 1199 2400; x_wconf 90' lang='lat' dir='ltr'><strong>castra</strong></span> 
     </span>
    </p>
   </div>
   <div class='ocr_carea' id='block_1_5' title="bbox 214 2421 1293 2499">
    <p class='ocr_par' dir='ltr' id='par_1_5' title="bbox 214 2421 1293 2499">
     <span class='ocr_line' id='line_1_26' title="bbox 214 2421 1293 2499; baseline 0.003 -18"><span class='ocrx_word' id='word_1_198' title='bbox 214 2424 337 2499; x_wconf 89' lang='lat' dir='ltr'><strong>relictis,</strong></span> <span class='ocrx_word' id='word_1_199' title='bbox 354 2426 454 2484; x_wconf 87' lang='lat' dir='ltr'><strong>silenti</strong></span> <span class='ocrx_word' id='word_1_200' title='bbox 469 2423 590 2497; x_wconf 89' lang='lat' dir='ltr'><strong>agmine</strong></span> <span class='ocrx_word' id='word_1_201' title='bbox 606 2421 676 2482; x_wconf 88' lang='lat' dir='ltr'><strong>abit.</strong></span> <span class='ocrx_word' id='word_1_202' title='bbox 709 2422 840 2480; x_wconf 86' lang='lat' dir='ltr'>XXXIX.</span> <span class='ocrx_word' id='word_1_203' title='bbox 868 2439 982 2498; x_wconf 89' lang='lat' dir='ltr'><strong>corpus</strong></span> <span class='ocrx_word' id='word_1_204' title='bbox 996 2423 1056 2482; x_wconf 92' lang='lat' dir='ltr'><strong>iam</strong></span> <span class='ocrx_word' id='word_1_205' title='bbox 1072 2424 1199 2484; x_wconf 88' lang='lat' dir='ltr'><strong>curabat</strong></span> <span class='ocrx_word' id='word_1_206' title='bbox 1292 2443 1293 2460; x_wconf 59' lang='lat'>¹</span> 
     </span>
    </p>
   </div>
   <div class='ocr_carea' id='block_1_6' title="bbox 214 2505 1199 3587">
    <p class='ocr_par' dir='ltr' id='par_1_6' title="bbox 214 2505 1199 3587">
     <span class='ocr_line' id='line_1_27' title="bbox 217 2505 1197 2581; baseline 0.002 -16"><span class='ocrx_word' id='word_1_207' title='bbox 217 2509 334 2579; x_wconf 91' lang='lat' dir='ltr'><strong>consul,</strong></span> <span class='ocrx_word' id='word_1_208' title='bbox 343 2522 413 2566; x_wconf 91' lang='lat' dir='ltr'><strong>cum</strong></span> <span class='ocrx_word' id='word_1_209' title='bbox 423 2505 550 2564; x_wconf 88' lang='lat' dir='ltr'><strong>venisse</strong></span> <span class='ocrx_word' id='word_1_210' title='bbox 559 2505 792 2565; x_wconf 86' lang='lat' dir='ltr'><strong>caduceatorem</strong></span> <span class='ocrx_word' id='word_1_211' title='bbox 803 2512 834 2565; x_wconf 91' lang='lat' dir='ltr'><strong>et</strong></span> <span class='ocrx_word' id='word_1_212' title='bbox 846 2508 920 2581; x_wconf 91' lang='lat' dir='ltr'><strong>quid</strong></span> <span class='ocrx_word' id='word_1_213' title='bbox 930 2507 1067 2568; x_wconf 87' lang='lat' dir='ltr'><strong>venissel</strong></span> <span class='ocrx_word' id='word_1_214' title='bbox 1077 2508 1197 2567; x_wconf 88' lang='lat' dir='ltr'><strong>nuntia·</strong></span> 
     </span>
     <span class='ocr_line' id='line_1_28' title="bbox 215 2588 1199 2666; baseline 0.001 -17"><span class='ocrx_word' id='word_1_215' title='bbox 215 2595 278 2649; x_wconf 91' lang='lat' dir='ltr'><strong>tum</strong></span> <span class='ocrx_word' id='word_1_216' title='bbox 298 2594 354 2649; x_wconf 89' lang='lat' dir='ltr'><strong>est.</strong></span> <span class='ocrx_word' id='word_1_217' title='bbox 387 2602 540 2662; x_wconf 90' lang='lat' dir='ltr'><strong>responso</strong></span> <span class='ocrx_word' id='word_1_218' title='bbox 565 2592 680 2646; x_wconf 88' lang='lat' dir='ltr'><strong>tantum</strong></span> <span class='ocrx_word' id='word_1_219' title='bbox 706 2588 777 2647; x_wconf 87' lang='lat' dir='ltr'><strong>dato</strong></span> <span class='ocrx_word' id='word_1_220' title='bbox 801 2605 891 2649; x_wconf 84' lang='lat' dir='ltr'><strong>mane</strong></span> <span class='ocrx_word' id='word_1_221' title='bbox 912 2597 1036 2666; x_wconf 90' lang='lat' dir='ltr'><strong>postero</strong></span> <span class='ocrx_word' id='word_1_222' title='bbox 1059 2591 1109 2650; x_wconf 91' lang='lat' dir='ltr'><strong>die</strong></span> <span class='ocrx_word' id='word_1_223' title='bbox 1131 2592 1199 2651; x_wconf 89' lang='lat' dir='ltr'><strong>fore</strong></span> 
     </span>
     <span class='ocr_line' id='line_1_29' title="bbox 216 2669 1198 2749; baseline 0.006 -20"><span class='ocrx_word' id='word_1_224' title='bbox 216 2670 336 2745; x_wconf 88' lang='lat' dir='ltr'><strong>copiam</strong></span> <span class='ocrx_word' id='word_1_225' title='bbox 352 2669 564 2743; x_wconf 90' lang='lat' dir='ltr'><strong>conveniendi,</strong></span> <span class='ocrx_word' id='word_1_226' title='bbox 580 2670 610 2728; x_wconf 94' lang='lat' dir='ltr'><strong>id</strong></span> <span class='ocrx_word' id='word_1_227' title='bbox 627 2671 712 2745; x_wconf 92' lang='lat' dir='ltr'><strong>quod</strong></span> <span class='ocrx_word' id='word_1_228' title='bbox 725 2673 897 2746; x_wconf 89' lang='lat' dir='ltr'><strong>quaesitum</strong></span> <span class='ocrx_word' id='word_1_229' title='bbox 909 2682 981 2744; x_wconf 88' lang='lat' dir='ltr'><strong>erat,</strong></span> <span class='ocrx_word' id='word_1_230' title='bbox 998 2690 1061 2733; x_wconf 85' lang='lat' dir='ltr'><strong>nox</strong></span> <span class='ocrx_word' id='word_1_231' title='bbox 1072 2674 1198 2749; x_wconf 86' lang='lat' dir='ltr'><strong>dieique</strong></span> 
     </span>
     <span class='ocr_line' id='line_1_30' title="bbox 215 2752 1197 2834; baseline 0.004 -22"><span class='ocrx_word' id='word_1_232' title='bbox 215 2754 405 2829; x_wconf 88' lang='lat' dir='ltr'><strong>insequentis</strong></span> <span class='ocrx_word' id='word_1_233' title='bbox 420 2770 492 2829; x_wconf 91' lang='lat' dir='ltr'><strong>pars</strong></span> <span class='ocrx_word' id='word_1_234' title='bbox 509 2752 549 2812; x_wconf 89' lang='lat' dir='ltr'><strong>ad</strong></span> <span class='ocrx_word' id='word_1_235' title='bbox 565 2754 815 2829; x_wconf 88' lang='lat' dir='ltr'><strong>praecipiendum</strong></span> <span class='ocrx_word' id='word_1_236' title='bbox 829 2756 886 2816; x_wconf 86' lang='lat' dir='ltr'><strong>iter</strong></span> <span class='ocrx_word' id='word_1_237' title='bbox 896 2756 1036 2834; x_wconf 93' lang='lat' dir='ltr'><strong>Philippo</strong></span> <span class='ocrx_word' id='word_1_238' title='bbox 1053 2759 1124 2816; x_wconf 88' lang='lat' dir='ltr'><strong>data</strong></span> <span class='ocrx_word' id='word_1_239' title='bbox 1138 2765 1197 2819; x_wconf 91' lang='lat' dir='ltr'><strong>est.</strong></span> 
     </span>
     <span class='ocr_line' id='line_1_31' title="bbox 215 2836 1198 2916; baseline 0.005 -20"><span class='ocrx_word' id='word_1_240' title='bbox 215 2843 343 2911; x_wconf 89' lang='lat' dir='ltr'><strong>montes,</strong></span> <span class='ocrx_word' id='word_1_241' title='bbox 360 2854 451 2913; x_wconf 90' lang='lat' dir='ltr'><strong>quarn</strong></span> <span class='ocrx_word' id='word_1_242' title='bbox 465 2837 546 2897; x_wconf 85' lang='lat' dir='ltr'><strong>viam</strong></span> <span class='ocrx_word' id='word_1_243' title='bbox 560 2854 621 2898; x_wconf 89' lang='lat' dir='ltr'><strong>non</strong></span> <span class='ocrx_word' id='word_1_244' title='bbox 635 2836 845 2913; x_wconf 86' lang='lat' dir='ltr'><strong>ingressurum</strong></span> <span class='ocrx_word' id='word_1_245' title='bbox 857 2841 942 2915; x_wconf 86' lang='lat' dir='ltr'><strong>gravi</strong></span> <span class='ocrx_word' id='word_1_246' title='bbox 953 2841 1074 2916; x_wconf 88' lang='lat' dir='ltr'><strong>agmine</strong></span> <span class='ocrx_word' id='word_1_247' title='bbox 1084 2843 1198 2901; x_wconf 86' lang='lat' dir='ltr'><strong>Roma·</strong></span> 
     </span>
     <span class='ocr_line' id='line_1_32' title="bbox 215 2921 1195 2998; baseline 0.006 -19"><span class='ocrx_word' id='word_1_248' title='bbox 215 2937 286 2980; x_wconf 91' lang='lat' dir='ltr'><strong>num</strong></span> <span class='ocrx_word' id='word_1_249' title='bbox 306 2922 436 2995; x_wconf 88' lang='lat' dir='ltr'><strong>sciebat,</strong></span> <span class='ocrx_word' id='word_1_250' title='bbox 458 2921 540 2998; x_wconf 91' lang='lat' dir='ltr'><strong>petit.</strong></span> <span class='ocrx_word' id='word_1_251' title='bbox 572 2924 680 2982; x_wconf 90' lang='lat' dir='ltr'><strong>consul</strong></span> <span class='ocrx_word' id='word_1_252' title='bbox 696 2923 792 2998; x_wconf 90' lang='lat' dir='ltr'><strong>prima</strong></span> <span class='ocrx_word' id='word_1_253' title='bbox 806 2924 875 2984; x_wconf 88' lang='lat' dir='ltr'><strong>luce</strong></span> <span class='ocrx_word' id='word_1_254' title='bbox 892 2926 1095 2986; x_wconf 84' lang='lat' dir='ltr'><strong>caduceatore</strong></span> <span class='ocrx_word' id='word_1_255' title='bbox 1111 2925 1195 2986; x_wconf 87' lang='lat' dir='ltr'><strong>datis</strong></span> 
     </span>
     <span class='ocr_line' id='line_1_33' title="bbox 215 3003 1198 3083; baseline 0.008 -21"><span class='ocrx_word' id='word_1_256' title='bbox 215 3003 340 3064; x_wconf 92' lang='lat' dir='ltr'><strong>indutiis</strong></span> <span class='ocrx_word' id='word_1_257' title='bbox 358 3005 501 3080; x_wconf 88' lang='lat' dir='ltr'><strong>dimisso,</strong></span> <span class='ocrx_word' id='word_1_258' title='bbox 520 3005 603 3065; x_wconf 89' lang='lat' dir='ltr'><strong>haud</strong></span> <span class='ocrx_word' id='word_1_259' title='bbox 623 3005 665 3066; x_wconf 90' lang='lat' dir='ltr'><strong>ita</strong></span> <span class='ocrx_word' id='word_1_260' title='bbox 679 3009 773 3068; x_wconf 90' lang='lat' dir='ltr'><strong>multo</strong></span> <span class='ocrx_word' id='word_1_261' title='bbox 789 3013 861 3083; x_wconf 91' lang='lat' dir='ltr'><strong>post</strong></span> <span class='ocrx_word' id='word_1_262' title='bbox 874 3008 978 3069; x_wconf 91' lang='lat' dir='ltr'><strong>abisse</strong></span> <span class='ocrx_word' id='word_1_263' title='bbox 991 3008 1112 3070; x_wconf 90' lang='lat' dir='ltr'><strong>hostem</strong></span> <span class='ocrx_word' id='word_1_264' title='bbox 1126 3024 1198 3070; x_wconf 88' lang='lat' dir='ltr'><strong>cum</strong></span> 
     </span>
     <span class='ocr_line' id='line_1_34' title="bbox 215 3088 1198 3165; baseline 0.007 -19"><span class='ocrx_word' id='word_1_265' title='bbox 215 3089 375 3162; x_wconf 85' lang='lat' dir='ltr'><strong>sensisset,</strong></span> <span class='ocrx_word' id='word_1_266' title='bbox 391 3088 515 3164; x_wconf 90' lang='lat' dir='ltr'><strong>ignarus</strong></span> <span class='ocrx_word' id='word_1_267' title='bbox 532 3105 593 3165; x_wconf 94' lang='lat' dir='ltr'><strong>qua</strong></span> <span class='ocrx_word' id='word_1_268' title='bbox 606 3097 797 3165; x_wconf 88' lang='lat' dir='ltr'><strong>sequeretur,</strong></span> <span class='ocrx_word' id='word_1_269' title='bbox 814 3091 913 3151; x_wconf 91' lang='lat' dir='ltr'><strong>isdem</strong></span> <span class='ocrx_word' id='word_1_270' title='bbox 929 3092 1047 3153; x_wconf 84' lang='lat' dir='ltr'><strong>stativis</strong></span> <span class='ocrx_word' id='word_1_271' title='bbox 1063 3094 1198 3153; x_wconf 90' lang='lat' dir='ltr'><strong>frumen·</strong></span> 
     </span>
     <span class='ocr_line' id='line_1_35' title="bbox 214 3172 1198 3253; baseline 0.004 -21"><span class='ocrx_word' id='word_1_272' title='bbox 214 3172 307 3232; x_wconf 85' lang='lat' dir='ltr'><strong>tando</strong></span> <span class='ocrx_word' id='word_1_273' title='bbox 330 3173 396 3234; x_wconf 89' lang='lat' dir='ltr'><strong>dies</strong></span> <span class='ocrx_word' id='word_1_274' title='bbox 417 3173 534 3249; x_wconf 91' lang='lat' dir='ltr'><strong>aliquot</strong></span> <span class='ocrx_word' id='word_1_275' title='bbox 554 3172 754 3250; x_wconf 89' lang='lat' dir='ltr'><strong>consumpsit.</strong></span> <span class='ocrx_word' id='word_1_276' title='bbox 792 3174 968 3235; x_wconf 88' lang='lat' dir='ltr'><strong>Stuberram</strong></span> <span class='ocrx_word' id='word_1_277' title='bbox 983 3176 1095 3238; x_wconf 90' lang='lat' dir='ltr'><strong>deinde</strong></span> <span class='ocrx_word' id='word_1_278' title='bbox 1110 3179 1198 3253; x_wconf 82' lang='lat' dir='ltr'><strong>petit,</strong></span> 
     </span>
     <span class='ocr_line' id='line_1_36' title="bbox 215 3257 1196 3335; baseline 0.006 -21"><span class='ocrx_word' id='word_1_279' title='bbox 215 3261 307 3329; x_wconf 89' lang='lat' dir='ltr'><strong>atque</strong></span> <span class='ocrx_word' id='word_1_280' title='bbox 327 3271 366 3316; x_wconf 88' lang='lat' dir='ltr'><strong>ex</strong></span> <span class='ocrx_word' id='word_1_281' title='bbox 385 3257 550 3332; x_wconf 88' lang='lat' dir='ltr'><strong>Pelagonia</strong></span> <span class='ocrx_word' id='word_1_282' title='bbox 570 3258 751 3319; x_wconf 91' lang='lat' dir='ltr'><strong>frumentum</strong></span> <span class='ocrx_word' id='word_1_283' title='bbox 773 3260 857 3335; x_wconf 91' lang='lat' dir='ltr'><strong>quod</strong></span> <span class='ocrx_word' id='word_1_284' title='bbox 878 3259 909 3318; x_wconf 92' lang='lat' dir='ltr'><strong>in</strong></span> <span class='ocrx_word' id='word_1_285' title='bbox 931 3260 1014 3335; x_wconf 88' lang='lat' dir='ltr'><strong>agris</strong></span> <span class='ocrx_word' id='word_1_286' title='bbox 1035 3267 1101 3322; x_wconf 88' lang='lat' dir='ltr'><strong>erat</strong></span> <span class='ocrx_word' id='word_1_287' title='bbox 1122 3277 1196 3321; x_wconf 85' lang='lat' dir='ltr'><strong>con·</strong></span> 
     </span>
     <span class='ocr_line' id='line_1_37' title="bbox 214 3338 1197 3418; baseline 0.006 -20"><span class='ocrx_word' id='word_1_288' title='bbox 214 3338 306 3399; x_wconf 84' lang='lat' dir='ltr'><strong>vexit.</strong></span> <span class='ocrx_word' id='word_1_289' title='bbox 340 3339 410 3400; x_wconf 92' lang='lat' dir='ltr'><strong>inde</strong></span> <span class='ocrx_word' id='word_1_290' title='bbox 433 3342 473 3400; x_wconf 91' lang='lat' dir='ltr'><strong>ad</strong></span> <span class='ocrx_word' id='word_1_291' title='bbox 492 3339 650 3401; x_wconf 86' lang='lat' dir='ltr'><strong>Pluinnam</strong></span> <span class='ocrx_word' id='word_1_292' title='bbox 675 3349 723 3403; x_wconf 91' lang='lat' dir='ltr'><strong>est</strong></span> <span class='ocrx_word' id='word_1_293' title='bbox 748 3359 932 3418; x_wconf 85' lang='lat' dir='ltr'><strong>progressus</strong></span> <span class='ocrx_word' id='word_1_294' title='bbox 953 3345 1090 3405; x_wconf 91' lang='lat' dir='ltr'><strong>nondum</strong></span> <span class='ocrx_word' id='word_1_295' title='bbox 1112 3360 1197 3404; x_wconf 88' lang='lat' dir='ltr'><strong>com·</strong></span> 
     </span>
     <span class='ocr_line' id='line_1_38' title="bbox 214 3424 1196 3504; baseline 0.003 -20"><span class='ocrx_word' id='word_1_296' title='bbox 214 3428 317 3498; x_wconf 82' lang='lat' dir='ltr'><strong>perio,</strong></span> <span class='ocrx_word' id='word_1_297' title='bbox 344 3440 435 3499; x_wconf 86' lang='lat' dir='ltr'><strong>quam</strong></span> <span class='ocrx_word' id='word_1_298' title='bbox 454 3424 610 3499; x_wconf 88' lang='lat' dir='ltr'><strong>regionem</strong></span> <span class='ocrx_word' id='word_1_299' title='bbox 628 3425 736 3486; x_wconf 89' lang='lat' dir='ltr'><strong>hostes</strong></span> <span class='ocrx_word' id='word_1_300' title='bbox 758 3428 915 3502; x_wconf 84' lang='lat' dir='ltr'><strong>petissent</strong></span> <span class='ocrx_word' id='word_1_301' title='bbox 943 3426 1103 3504; x_wconf 90' lang='lat' dir='ltr'><strong>Philippus</strong></span> <span class='ocrx_word' id='word_1_302' title='bbox 1125 3444 1196 3488; x_wconf 86' lang='lat' dir='ltr'><strong>cum</strong></span> 
     </span>
     <span class='ocr_line' id='line_1_39' title="bbox 215 3507 1193 3587; baseline 0.005 -21"><span class='ocrx_word' id='word_1_303' title='bbox 215 3507 311 3582; x_wconf 91' lang='lat' dir='ltr'><strong>primo</strong></span> <span class='ocrx_word' id='word_1_304' title='bbox 323 3507 535 3586; x_wconf 82' lang='lat' dir='ltr'><strong>adBryanium</strong></span> <span class='ocrx_word' id='word_1_305' title='bbox 548 3509 659 3569; x_wconf 81' lang='lat' dir='ltr'><strong>stativa</strong></span> <span class='ocrx_word' id='word_1_306' title='bbox 668 3509 834 3585; x_wconf 89' lang='lat' dir='ltr'><strong>habuisset,</strong></span> <span class='ocrx_word' id='word_1_307' title='bbox 842 3512 999 3587; x_wconf 87' lang='lat' dir='ltr'><strong>profectus</strong></span> <span class='ocrx_word' id='word_1_308' title='bbox 1009 3512 1081 3571; x_wconf 91' lang='lat' dir='ltr'><strong>inde</strong></span> <span class='ocrx_word' id='word_1_309' title='bbox 1092 3518 1193 3572; x_wconf 77' lang='lat' dir='ltr'><strong>uana·</strong></span> 
     </span>
    </p>
   </div>
   <div class='ocr_carea' id='block_1_7' title="bbox 0 0 1304 4000">
    <p class='ocr_par' dir='ltr' id='par_1_7' title="bbox 0 0 1304 4000">
     <span class='ocr_line' id='line_1_40' title="bbox 0 0 1304 4000; baseline 0 0"><span class='ocrx_word' id='word_1_310' title='bbox 0 0 1304 4000; x_wconf 95' lang='lat' dir='ltr'><strong> </strong></span> 
     </span>
    </p>
   </div>
  </div>
 </body>
</html>
