2600 4000
225 223 285 290 176
402 225 517 285 LIBER
530 224 651 285 XXXV.
672 225 756 287 CAP.
773 237 798 288 l.
820 233 857 300 [u.
872 232 908 286 U.
922 249 947 285 c.
961 234 1026 301 559]

222 380 280 442 lius
301 376 453 453 Cethegus
474 384 506 438 et
523 376 565 437 Μ.
578 375 734 438 Minucius
754 379 854 440 Rulus
874 380 981 441 auditu
1000 379 1208 459 inspectoque
1290 366 1291 409 ³

221 479 255 525 re
269 476 425 539 suspensa
439 461 549 536 omnin,
564 469 674 522 neutro
688 462 841 523 inclinatis
856 463 1026 540 sententiis,
1040 466 1204 542 reliquere

221 549 252 608 id
266 553 367 608 utrum
382 561 440 608 sua
454 552 565 621 sponte
578 545 714 620 fecerint,
730 562 769 606 an
782 546 855 622 quie
866 548 1041 610 mundatum
1053 549 1095 610 itu
1104 549 1207 625 luerit,

221 643 285 690 non
303 638 365 692 tum
385 635 500 691 certum
514 635 577 704 est,
599 645 692 705 quam
705 629 827 691 videtur
840 632 971 707 tempori
985 638 1091 708 aptum
1105 633 1208 694 luisse

221 717 338 792 integro
354 713 517 776 certamine
531 728 587 775 eos
597 714 739 789 relinqui.
762 730 833 775 num
843 715 874 776 ni
884 715 927 777 ita
936 724 1030 792 esset,
1044 733 1125 778 unus
1137 715 1207 777 Sci·

220 801 274 879 pio
288 799 339 860 vel
352 799 459 860 notitia
472 798 516 858 rei
531 799 581 859 vel
597 798 786 873 auctoritate,
802 798 844 859 ite
859 799 899 860 de
912 799 1053 876 utrisque
1067 801 1206 869 meritus.

221 881 311 946 finire
322 889 398 944 nutu
411 881 665 958 disceptationem
679 882 832 958 potuisset

547 1215 687 1311 llll
728 1217 869 1312 llll

500 1367 555 1429 AB
575 1366 694 1430 URBE
717 1367 923 1433 CONDITA

590 1482 702 1545 LIBER
721 1480 840 1547 XXXV.

223 1710 373 1766 EPITOMF,
406 1714 440 1765 u.
463 1704 548 1772 Scipio
558 1704 693 1756 Africanus
704 1704 803 1772 legatus
818 1705 853 1756 ed
866 1703 1022 1756 Antiochum
1032 1703 1128 1771 Ephesi
1143 1721 1202 1757 cum

272 1780 424 1842 Hannibale,
442 1781 486 1846 qul
501 1790 530 1826 se
546 1774 672 1826 Antiocho
690 1774 820 1836 iunxerat,
838 1773 977 1825 collocutus
987 1780 1039 1839 est,
1057 1782 1100 1840 ut,
1116 1775 1203 1825 siheri

271 1855 369 1961 posset,
380 1844 513 1905 metumei,
531 1859 606 1907 quem
615 1859 647 1895 ex
656 1844 752 1910 populo
766 1843 881 1895 Romano
891 1849 1050 1909 conceperat,
1068 1843 1200 1895 eximeret.

282 1912 396 1963 nterclic
404 1921 608 1980 cumqucereret,
625 1928 700 1977 quem
711 1913 791 1964 ihiese
799 1912 939 1963 maximum
948 1912 1128 1979 imperatorem
1135 1911 1201 1963 Han·

273 1977 342 2030 uibel
359 1980 483 2049 crederet,
497 1982 630 2048 respondit
644 1982 816 2036 Alexandrum
831 1981 999 2034 Mecedonum
1011 1995 1112 2049 regem,
1132 1982 1199 2047 quod

272 2067 352 2119 parva
365 2066 442 2102 manu
456 2051 654 2104 mnumerabiles
671 2054 797 2104 exercitus
817 2050 942 2117 fudisset,
964 2050 1085 2116 quodque
1098 2049 1200 2102 ultimos

272 2137 339 2184 ores,
357 2136 420 2186 quas
430 2123 514 2174 risere
525 2136 603 2189 supra
612 2137 685 2188 spem
698 2122 834 2174 humanum
845 2128 922 2182 esset,
932 2126 1104 2187 peregrusset.
1123 2135 1200 2184 quae·

271 2194 336 2244 renti
346 2192 452 2259 deinde,
468 2206 544 2255 quem
559 2192 698 2243 secundum
707 2197 826 2259 poneret,
844 2188 967 2257 Pyrrhum
976 2189 1069 2255 inquit,
1084 2204 1115 2241 eo
1131 2189 1200 2253 quod

273 2269 355 2313 cusin
370 2262 459 2312 meteri
474 2261 583 2327 primum
595 2261 739 2322 docuisset;
757 2260 983 2312 odhocneminem
992 2256 1134 2325 elegantius
1144 2257 1201 2309 locs

272 2332 379 2397 cepisse,
396 2330 525 2396 praesidio
533 2329 699 2395 disposuisse.
725 2328 882 2394 exsequenti,
900 2342 976 2393 quem
987 2327 1088 2378 tertium
1098 2326 1201 2394 diceret,

272 2400 445 2464 semetipsum
454 2398 526 2452 dixit.
549 2399 635 2447 ridens
647 2395 733 2462 Scipio
742 2398 885 2464 „quidnam
892 2405 921 2448 tu
931 2397 1043 2462 diceres,
1053 2395 1078 2445 si
1086 2394 1148 2447 me“
1161 2395 1200 2460 in·

272 2469 328 2532 quit
342 2467 503 2528 ‚,ricicsesi“
529 2472 602 2529 „tum
618 2464 699 2517 vero“
717 2466 798 2530 inquit
809 2481 871 2530 „me
886 2473 912 2517 et
925 2473 984 2518 ente
992 2464 1166 2516 Alexandrum
1176 2473 1201 2515 et

270 2542 328 2585 ente
336 2534 460 2600 Pyrrhum
469 2540 494 2583 et
503 2541 561 2585 cute
572 2533 636 2584 elios
647 2548 735 2584 omnes
743 2536 915 2601 posuissem.“
942 2535 1008 2586 iuter
1016 2541 1100 2585 cetero
1112 2533 1196 2599 prodi

271 2605 326 2669 gia,
337 2617 402 2665 queo
410 2601 519 2667 plurimu
528 2601 608 2653 iuhee
616 2602 759 2666 truduntur,
769 2605 860 2656 bovem
871 2603 916 2656 (io.
925 2603 1030 2654 Domitii
1039 2602 1150 2653 consulis
1160 2600 1199 2651 lo·

272 2679 358 2722 cutum
373 2670 542 2738 „Romacave
556 2671 622 2723 tibi“
635 2670 752 2723 refertur.
776 2681 899 2740 apparent
907 2674 934 2723 in
942 2670 1096 2723 Antiochum
1103 2670 1199 2722 bellum

271 2741 387 2794 Romani.
412 2739 490 2791 Nebis
504 2741 762 2792 Lacedaemoniorum
780 2750 903 2809 tyrannus
915 2743 1034 2793 incitatus
1051 2740 1084 2791 ab
1092 2739 1198 2800 Aetolis,

272 2809 316 2874 qui
324 2816 350 2861 et
357 2809 502 2877 Philippum
519 2818 543 2861 ct
551 2810 704 2862 Antiochum
720 2811 753 2862 cd
768 2811 928 2864 inferendum
941 2809 1034 2862 bellum
1043 2807 1138 2875 populo
1147 2807 1198 2858 iio·

272 2893 347 2931 manc
363 2879 545 2942 sollicitabunt,
559 2880 803 2948 opopuloltcnaano
822 2881 943 2946 descivit,
959 2878 1058 2931 etbello
1075 2878 1198 2929 curemus

271 2947 494 3017 Philopoemenem
502 2950 663 3002 Achaeorum
671 2957 814 3017 praetorem
822 2957 904 3017 gesto,
913 2950 946 3000 eb
954 2948 1052 3000 Aetolis
1061 2946 1128 2998 eteb
1137 2945 1197 2996 Ale·

270 3032 378 3070 xameno
397 3020 462 3071 duce
473 3035 561 3071 eorum
578 3019 726 3071 interfectus
744 3026 792 3069 est.
821 3018 906 3070 Aetoli
920 3032 1022 3082 quoque
1036 3017 1068 3068 eb
1085 3014 1198 3066 amicitie

270 3087 359 3153 populi
367 3087 475 3139 Romani
492 3089 649 3142 deiecerunt:
667 3087 1048 3152 cumquibussocleteteluncta
1056 3081 1198 3135 Antiochus

271 3154 359 3222 Syriae
367 3173 420 3219 rex,
437 3174 494 3209 cum
502 3158 597 3208 bellum
609 3155 730 3209 Greecioe
740 3157 876 3224 intulisset,
885 3156 1028 3223 complores
1036 3154 1113 3206 urbes
1123 3167 1197 3203 oocu-

271 3225 356 3292 pevit,
370 3227 436 3277 inter
447 3241 510 3291 quus
519 3225 664 3277 chalcidem
680 3233 705 3277 et
720 3232 799 3277 totam
811 3227 950 3278 Euboeam.
974 3239 1016 3275 res
1031 3220 1197 3291 praeterealn

270 3293 406 3361 Liguribus
416 3303 502 3362 gestas
511 3304 536 3347 et
545 3302 696 3362 oppurotum
707 3293 810 3346 bellich
819 3294 944 3347 Antiocho
955 3294 1075 3346 continet.

301 3394 325 3459 l.
352 3392 505 3472 Principio
519 3396 590 3456 enni
606 3413 668 3473 quo
682 3396 760 3458 haec
773 3403 861 3473 gesta
874 3403 954 3472 sunl,
977 3394 1050 3457 Sex.
1066 3392 1196 3471 Digitius

220 3484 343 3553 prcetm
363 3479 394 3539 in
413 3479 563 3558 Hispania
587 3481 728 3543 citeriore
754 3497 823 3542 cum
845 3480 1015 3542 civitatibus
1035 3479 1089 3555 iis,
1115 3490 1196 3556 quer
