2600 4000
267 283 383 346 LIBER
396 284 528 344 xxxin.
552 284 746 347 anacam.
760 291 801 357 cr.
825 291 972 358 [achsa]
1045 285 1105 352 117

126 436 208 499 balio
224 443 329 513 aperte
342 436 490 498 Romanis
504 435 617 497 indicto
631 435 766 496 abesset
785 435 869 495 illum
883 439 1004 511 quidem
1016 441 1106 501 ctiam

126 519 154 584 si
168 521 200 582 in
214 521 330 582 ltaliam
343 519 463 581 traiciat
478 525 673 596 negaturuma
695 519 852 581 Romanos
867 529 1039 583 autemnon
1053 540 1106 584 ex·

126 611 336 683 spectaturos,
356 609 391 664 ut
411 602 443 664 id
462 609 572 681 posset
591 604 704 663 tacere.
733 603 793 663 XL.
816 604 968 666 adversus
988 620 1026 665 ea
1043 610 1105 666 An·

124 690 246 751 tiochus
264 687 366 749 mirari
381 702 417 749 se
431 687 508 749 dixit
520 689 677 749 Romanos
691 692 754 746 tam
768 685 927 762 diligenter
940 688 1105 764 inquirere,

126 774 202 850 quid
214 773 279 848 regi
290 769 443 835 Antiocho
458 771 643 847 faciundum,
658 776 690 830 at
700 786 865 847 quousque
874 779 956 833 terra
967 771 1106 849 marique

125 856 386 933 progrediundum
403 856 493 916 brerit
505 854 593 932 ipsis,
608 870 670 916 non
685 854 828 929 cogitare.
855 856 962 917 Asiam
976 854 1051 916 nihil
1066 858 1105 917 ad

125 941 274 1017 populum
284 941 455 1002 Romanum
466 939 627 1016 pertinere,
641 953 699 999 neo
710 936 809 1014 magis
819 938 879 1000 iliis
890 939 1105 1016 inquirendum

125 1039 212 1098 esse,
236 1024 311 1101 quid
332 1022 504 1085 Anuoohus
524 1023 554 1084 in
569 1021 660 1095 Asia,
682 1038 773 1096 quam
786 1023 956 1099 Antiocho,
978 1023 1054 1100 quid
1073 1024 1104 1084 in

124 1107 211 1169 ltalia
224 1109 360 1185 poputus
374 1107 531 1169 Romanus
546 1107 646 1167 iaciat
670 1105 754 1181 quod
767 1106 808 1167 ad
818 1106 1024 1169 Ptolemaeum
1038 1107 1105 1167 atti·
1137 1181 1138 1184 Ἴ

125 1198 211 1265 neat,
234 1191 284 1253 cui
304 1191 465 1268 ademptas
486 1190 622 1252 civitates
644 1196 824 1266 querantur,
847 1188 906 1252 sibi
924 1207 992 1253 cum
1005 1190 1104 1252 Ptole·

125 1290 213 1337 maeo
229 1283 261 1337 et
274 1272 437 1336 amicitiam
451 1289 537 1349 esse,
559 1281 590 1333 ct
603 1273 634 1333 id
649 1288 756 1350 agere,
775 1280 810 1334 ut
823 1275 909 1335 brevi
923 1275 1014 1337 etiam
1028 1275 1102 1335 adti-

3 1407 6 1416 ,
124 1358 206 1420 nitas
229 1358 380 1435 iungatur.
416 1374 457 1419 ne
476 1373 515 1419 ex
533 1355 665 1440 Philippi
690 1356 813 1434 quidem
833 1359 965 1421 adversa
984 1360 1102 1426 tonum

3 1485 5 1514 ,
126 1441 229 1518 spolia
242 1444 305 1503 ulla
318 1458 354 1505 se
367 1442 493 1519 petisse,
509 1449 560 1503 aut
574 1440 725 1503 adversus
735 1442 893 1504 Romanos
907 1442 938 1503 iu
948 1443 1104 1519 Europam

126 1525 301 1587 traiecisse:
327 1527 383 1587 sed
407 1543 469 1603 qua
487 1524 664 1606 Lysimachi
685 1526 840 1603 quondam
860 1541 989 1602 regnum
1003 1527 1103 1598 tuerit,

128 1625 190 1686 quo
214 1608 296 1672 victo
324 1609 424 1689 omnia
451 1626 530 1686 quae
549 1610 632 1673 ithus
653 1610 786 1672 tuissent
804 1611 870 1671 iure
889 1610 962 1670 belli
982 1606 1104 1671 Seleuci

126 1695 208 1755 tacta
221 1694 289 1768 sint,
303 1695 479 1756 existimare
494 1711 570 1756 suae
584 1691 715 1755 dicionis
730 1709 812 1754 esse.
834 1693 994 1769 occupatis
1009 1691 1104 1753 maio
1190 1715 1192 1720 ¹

126 1775 210 1839 ribus
225 1778 290 1839 suis
304 1794 408 1841 rerum
422 1780 547 1840 aliarum
564 1794 638 1842 cura
651 1777 749 1854 primo
766 1777 918 1853 quaedam
933 1792 973 1836 ex
986 1774 1024 1836 iis
1035 1775 1104 1836 Pto·

125 1862 288 1936 lemaeum,
310 1862 383 1923 inde
403 1869 434 1924 et
445 1862 618 1938 Philippum
634 1861 830 1936 usurpandae
845 1858 963 1921 atienae
977 1875 1104 1936 posses·

126 1944 223 2009 sionis
244 1960 340 2009 eausa
359 1946 507 2007 tenuisse.
538 1945 764 2008 Chersonesum
779 1944 902 2022 quidem
921 1952 952 2007 et
965 1944 1105 2021 proxima

124 2029 287 2104 Thraciae,
310 2044 390 2105 quae
411 2030 493 2090 circa
511 2029 738 2107 Lysimachiam
758 2028 833 2105 sint,
854 2047 944 2106 quem
966 2030 1105 2091 dubitare

125 2115 198 2190 quin
218 2111 396 2191 Lysimachi
415 2110 548 2171 tuerint?
580 2112 620 2171 ad
641 2127 679 2171 ea
697 2113 877 2187 recipienda
895 2113 926 2171 in
947 2114 1105 2186 antiquum

124 2198 174 2257 ius
198 2195 340 2270 venisse,
366 2200 398 2253 et
414 2191 641 2273 Lysimachiam
665 2192 796 2253 deletam
815 2193 965 2255 Thracum
988 2195 1105 2268 impetu

127 2280 168 2339 de
189 2278 308 2354 integro
330 2278 478 2363 condere,
499 2284 533 2337 ut
547 2275 696 2338 Seleucus
716 2276 797 2337 filius
819 2292 887 2337 eam
900 2276 1007 2337 sedem
1020 2277 1106 2351 regni

125 2362 246 2423 habeat.
387 2374 392 2379 ’

211 2445 285 2505 XLI.
314 2442 370 2506 His
396 2443 669 2521 disceptationibus
693 2460 751 2520 per
771 2444 838 2506 dies
859 2446 976 2521 uiiquot
993 2443 1104 2505 habitis

125 2545 231 2590 rumor
246 2529 314 2590 sine
327 2530 390 2590 ulio
405 2529 481 2590 satis
497 2536 580 2591 certo
595 2534 721 2590 auctore
734 2529 855 2590 adlatus
871 2530 910 2589 dc
924 2534 1021 2590 morte
1035 2528 1104 2591 Pto·

126 2613 233 2674 Lernaei
257 2613 356 2689 regis,
381 2620 416 2674 ut
433 2615 535 2675 nulius
560 2614 661 2675 exitus
681 2613 889 2688 imponeretur
910 2612 1104 2675 sermonibus

125 2695 236 2757 effecit.
270 2714 340 2757 nam
354 2703 385 2757 et
405 2694 618 2758 dissimulabat
633 2712 707 2772 pars
720 2703 849 2772 utraque
863 2713 899 2758 se
913 2698 1053 2771 audisse,
1075 2705 1105 2759 et

124 2779 159 2840 L.
176 2780 349 2854 cornelius,
371 2781 421 2842 cui
439 2780 550 2856 legatio
565 2782 605 2842 ad
619 2781 699 2842 duos
712 2795 818 2855 reges,
839 2781 1022 2842 Antiochum
1035 2780 1103 2841 Pto-

125 2864 350 2940 temaeumque,
372 2864 517 2926 mandata
529 2871 609 2940 erat,
629 2864 761 2939 spatium
775 2863 888 2924 modici
902 2864 1049 2940 temporis
1064 2865 1104 2924 ad

126 2948 370 3010 conveniendum
378 2947 591 3015 Ptolemaeum
605 2948 738 3023 petebat,
758 2953 793 3008 ut
806 2945 985 3022 priusquam
999 2964 1102 3009 move·

124 3037 210 3092 retur
230 3031 346 3108 aliquid
366 3031 397 3090 in
417 3047 498 3092 noua
516 3032 721 3108 possessione
740 3031 841 3106 regni,
862 3033 1057 3107 praeveniret
1073 3032 1103 3090 in

123 3114 318 3193 Aegyptum,
347 3121 379 3175 et
397 3114 567 3178 Antiochus
588 3131 676 3178 suam
697 3117 764 3177 iore
783 3116 976 3194 Aegyptum,
999 3116 1026 3176 si
1040 3122 1104 3175 tum

125 3205 319 3275 occupasset,
332 3200 486 3261 censebat
506 3200 610 3277 itaque
620 3199 756 3260 dimissis
766 3199 923 3273 Romanis,
934 3198 1104 3274 relictoque

125 3280 256 3344 Seleuco
278 3281 341 3344 tilio
357 3298 426 3345 oum
440 3284 633 3346 terrestribus
648 3283 748 3360 copiis
763 3283 803 3343 ad
817 3283 1049 3358 restituendam,
1071 3290 1104 3343 ut

123 3367 305 3442 instituerat,
312 3366 553 3446 Lysimachiam,
571 3369 640 3443 ipse
655 3367 737 3429 omni
752 3368 853 3428 classe
868 3368 990 3443 navigat
1002 3366 1102 3441 Ephe·

124 3466 204 3511 sum.
218 3448 327 3526 legatis
342 3452 382 3511 ad
394 3449 564 3526 Quinctium
576 3449 691 3524 missis,
707 3449 761 3526 qui
775 3452 815 3512 ad
825 3452 918 3512 iidem
933 3450 1102 3512 taciendam

124 3533 198 3594 uiui
209 3541 389 3595 novaturum
400 3536 552 3608 regemde
564 3535 710 3599 socictate
721 3540 855 3609 agerent,
864 3532 1050 3595 oramAsiae
1060 3531 1102 3588 le·
1135 3613 1137 3615 ‚
