2600 4000
208 257 269 321 roc
340 254 599 317 rmuaxxxm.
623 254 706 315 cnr.
721 261 765 317 n.
779 262 823 318 ra.
846 253 930 331 [ao.
946 258 1046 333 assor

205 422 281 483 prae
295 421 330 466 se
344 402 410 465 auri
424 401 506 466 milla
519 411 550 465 et
564 401 731 480 quingenta
745 402 920 479 qulndecim
932 403 1049 481 pondo,
1063 404 1182 482 argenti

205 485 316 565 viginti·
325 486 423 562 milla,
446 485 557 564 signati
578 486 737 549 denarium
755 486 878 563 triginta
899 496 1042 564 quattuor
1055 487 1139 549 milia
1151 500 1184 552 ct

206 573 395 651 quingentos
403 569 633 647 quinquaginta.
647 571 682 631 L.
690 570 854 633 Stertinius
863 588 905 632 ex
915 571 1061 634 ulterIore
1069 571 1181 650 Hispa·

205 657 264 730 nia,
280 662 478 731 retemptare
493 653 617 731 quidem
627 652 771 731 triumphi
783 670 850 731 spa,
863 653 1085 732 quinquaginta
1098 656 1191 717 milia.

203 741 310 819 pondo
330 737 448 815 argenti
462 736 494 799 in
509 736 660 800 aerarium
679 738 793 810 intulit3
816 748 847 800 et
866 739 906 801 de
926 739 1087 801 marmus
1101 739 1181 802 duos

205 823 339 888 lornIces
359 822 391 883 in
412 820 480 883 lor'o
498 821 632 884 BovarIo
653 830 725 884 ante
743 822 881 885 Fortuna
896 823 1006 885 aedem
1026 830 1061 884 ot*
1075 822 1181 885 matris

203 909 354 980 Matutae,
374 922 468 967 unum
488 904 520 966 in
540 904 674 967 mammo
690 905 772 968 clrcc
787 905 873 981 lecit,
894 915 924 967 ct
942 905 997 969 his·
1012 906 1180 968 fornicibus

205 992 294 1068 signa
307 996 413 1051 aurata
427 987 582 1064 Imposuit.
610 990 688 1051 haec
702 1006 759 1066 per
772 988 903 1052 hiemem
917 991 1012 1052 lanne
1026 999 1104 1053 acta

287 1072 475 1134 Hibernabat
494 1089 532 1134 eo
553 1081 692 1149 tempore
711 1073 827 1135 Elatiae
841 1075 873 1135 T.
888 1074 1063 1149 Quinctius,
1083 1090 1179 1150 aquo

204 1175 274 1220 cum
288 1158 382 1218 multa
395 1154 472 1217 socii
484 1164 631 1231 peterent,
646 1157 756 1219 Boeoti
765 1156 919 1234 petierunt
929 1155 1180 1234 impetraverunt

205 1258 281 1318 que,
302 1249 336 1302 ut
351 1238 409 1316 qui
430 1256 506 1301 suae
526 1239 626 1316 gentis
640 1240 823 1303 militassent
836 1244 920 1318 apud
933 1241 1105 1318 Philippum
1114 1240 1179 1303 sibi

202 1323 443 1386 restituerentur.
475 1322 508 1385 id
522 1341 541 1385 a
555 1323 695 1399 Quinctio
710 1323 799 1387 laclle
812 1325 1014 1402 impetratum,
1030 1341 1091 1388 non
1106 1325 1178 1401 quia

204 1407 280 1471 satis
301 1407 412 1484 dignos
433 1424 489 1469 eos
512 1409 672 1482 credebat,
693 1410 750 1469 sed
766 1408 838 1485 quia
850 1408 1005 1472 Antiocho
1025 1422 1099 1485 rege
1116 1408 1178 1469 iam

204 1499 351 1568 suspecto
373 1493 462 1553 lavor
481 1490 693 1553 conciliandus
713 1491 828 1553 nomini
847 1495 987 1556 Romano
1006 1494 1093 1570 apud·
1105 1490 1177 1554 civi·
1294 1495 1295 1502 ’

203 1586 281 1639 tates
293 1583 367 1638 erat.
408 1573 557 1638 restitutis
577 1574 616 1636 iis
637 1574 799 1637 confestim
820 1577 962 1652 apparuit
983 1592 1075 1654 quam
1096 1577 1178 1637 nulla

203 1659 277 1722 inita
290 1661 376 1737 apud
388 1661 525 1721 Boeotos
539 1658 636 1735 gratia
651 1666 744 1719 esset.
772 1676 843 1720 nam
854 1668 885 1721 et
897 1662 938 1721 ad
950 1659 1122 1737 Philippum
1133 1661 1177 1720 ie-

203 1752 292 1819 gatos
306 1742 420 1820 gratias
435 1750 562 1819 agentes
577 1741 607 1803 ei
620 1758 677 1818 pro
692 1742 820 1805 redditis
840 1743 1030 1819 hominibus,
1050 1742 1178 1820 perinde

202 1836 296 1904 atque
309 1827 388 1903 ipsis
402 1824 440 1886 iis
455 1836 486 1887 et
499 1844 561 1887 non
572 1825 712 1901 Quinctio
727 1833 758 1887 et
770 1827 918 1888 Romanis
928 1827 960 1889 id
970 1830 1074 1890 datum
1083 1834 1175 1900 esset,

203 1910 365 1982 miserunt,
392 1916 423 1969 et
442 1908 572 1970 comitiis
598 1908 748 1985 proximis
767 1911 980 1973 Boeotarchen
1001 1913 1041 1974 ob
1063 1913 1176 1973 nullam

202 1993 293 2054 aliam
300 2008 425 2054 causam
431 1991 625 2071 Brachyllem
632 1995 794 2070 quendam,
811 1997 1177 2073 quamquodpraelactos

203 2077 388 2139 Boeotorum
413 2076 497 2151 apud
520 2091 625 2153 regem
653 2078 841 2141 militantium
872 2079 997 2155 luisset,
1030 2082 1177 2154 lecerunt,

202 2159 375 2238 praeteritis
388 2159 550 2238 Zeuxippo
565 2170 596 2223 et
608 2161 766 2226 Pisistrato
782 2163 926 2241 aliisque,
948 2163 1000 2242 qui
1019 2166 1176 2226 Romanae

202 2244 359 2307 societatis
379 2253 522 2307 auctores
537 2247 666 2308 fuerant
707 2247 739 2308 id
760 2264 852 2324 aegre
866 2255 897 2310 ct
910 2247 940 2309 in
955 2247 1131 2324 praesentIa
1144 2247 1176 2310 hi

201 2327 298 2405 passi,
313 2337 344 2391 et
357 2327 388 2389 in
404 2331 537 2390 luturum
550 2329 641 2391 etlam
655 2338 768 2392 metum
784 2340 946 2408 ceperunta
966 2349 1037 2394 curn
1050 2333 1090 2392 ad
1103 2348 1174 2408 por·

201 2421 249 2474 tas
263 2427 362 2488 prope
376 2412 485 2473 sedent
472 2420 504 2473 te
518 2412 655 2474 exercitu
668 2414 806 2475 Romano
828 2432 865 2476 ea
884 2415 1007 2489 flerent,
1030 2415 1176 2492 quidnam

202 2513 237 2556 sc
252 2496 385 2556 futurum
400 2510 472 2554 esse
486 2494 654 2570 proiectis
644 2512 676 2555 ιιι
687 2496 804 2558 Italiam
813 2498 960 2561 Romanis
962 2498 1123 2575 ,Philippo
1136 2515 1176 2559 ex

202 2575 377 2653 propinquo
393 2575 498 2638 socios
513 2576 692 2653 adiuvante,
714 2588 744 2642 et
763 2580 910 2644 infesto
890 2600 928 2644 ns
944 2583 997 2660 qui
1011 2583 1106 2659 partis
1121 2583 1176 2643 ad·

202 2675 312 2721 versae
326 2658 466 2722 luissent
508 2661 641 2722 XXVIII.
664 2665 736 2724 dum
749 2666 887 2728 Romana
906 2684 991 2729 arma
1004 2667 1035 2728 in
1049 2665 1175 2743 propin-

202 2759 263 2839 quo
285 2742 445 2818 haberent,
474 2746 579 2807 tollere
598 2746 808 2827 Brachyllem,
833 2749 1004 2828 principem
1024 2754 1173 2813 lautorum

199 2824 297 2902 regis,
313 2836 491 2891 statuerunt.
528 2838 559 2892 et
572 2838 711 2908 tempore
725 2834 764 2894 ad
779 2850 847 2895 earn
859 2850 924 2896 rom
938 2843 1044 2912 capto,
1061 2851 1129 2896 cum
1143 2832 1174 2896 in

200 2909 324 2989 publico
346 2914 487 2988 epulatus
507 2923 711 2979 reverteretur
731 2920 855 2979 domurn
868 2920 1052 2981 temulentus
1066 2934 1173 2994 prose

201 2995 363 3071 quentibus
377 2997 521 3060 mollibus
534 2997 626 3073 viris,
652 3000 704 3075 qui
718 3000 779 3062 ioci
795 3016 887 3063 causa
903 3001 1046 3065 convivio
1061 2999 1174 3063 celebri

198 3078 406 3155 interfuerant,
421 3082 460 3142 ab
476 3098 532 3143 sex
545 3082 670 3145 umetis
678 3102 832 3161 ,quorum
845 3093 908 3147 tres
922 3085 1019 3147 Italici
1036 3087 1174 3148 tresde

201 3161 254 3224 toli
269 3171 362 3236 erant,
379 3164 604 3227 circumventus
619 3131 779 3230 occiditur
813 3170 887 3245 luga
903 3169 1047 3232 comitum
1062 3167 1174 3244 etqui

199 3244 298 3307 ritatio
320 3249 414 3322 lacta,
439 3256 470 3310 et
482 3250 628 3311 tumultus
642 3260 806 3327 perlatam
817 3254 925 3315 urbem
939 3252 1175 3316 discurrentium

200 3345 269 3390 cunr
289 3329 464 3391 luminibus.
505 3348 707 3408 percussores
728 3335 870 3412 proxima
890 3347 979 3414 porta
998 3344 1174 3400 evaserunt.

198 3415 267 3474 luce
283 3412 380 3512 priroa
395 3413 497 3477 contio
512 3417 659 3493 lrequens
672 3421 756 3481 velut
743 3428 809 3481 tex
823 3430 893 3483 ante
903 3421 1020 3484 indlcto
1031 3430 1085 3484 aut
1094 3435 1175 3482 voce

198 3497 362 3573 praeconis
377 3500 593 3561 convocatam
608 3503 726 3564 theatro
741 3511 814 3564 erat
836 3506 937 3580 palam
950 3507 990 3567 ab
1005 3522 1063 3567 suo
1079 3503 1174 3566 comi·
