2600 4000
296 188 412 252 LlBllR
422 190 542 251 xxxv.
569 191 764 253 cAP.11.12.
789 198 944 267 [achsa]
1042 191 1103 258 185

125 342 224 406 iacula
237 358 343 404 secum
357 349 472 420 portat,
494 342 566 419 equi
581 343 648 404 sine
663 343 771 418 frenis,
793 343 940 405 deformis
954 345 1023 421 lpse
1036 362 1102 408 cur-

124 443 178 492 tus
192 426 292 502 rigida
305 427 426 488 cervice
439 434 470 488 et
480 433 603 487 extento
616 426 716 504 capite
728 424 922 489 currentium.
936 427 1019 490 hunc
1031 445 1103 490 con-

124 517 269 588 temptum
292 511 331 571 de
345 510 495 572 industria
508 517 657 587 augentes
672 510 733 572 labi
747 527 788 572 ex
802 511 892 588 equis
907 518 938 572 et
951 527 1009 587 per
1025 512 1102 573 ludi-

121 595 222 656 brium
232 594 410 670 spectaculo
424 610 505 656 esse.
527 595 630 670 itaque
641 594 695 670 qui
705 594 804 670 primo
815 594 921 656 intenti
934 596 1102 672 paratique,

123 680 151 741 si
165 680 404 754 lacesserentur,
425 678 457 738 in
471 677 654 740 stationibus
675 679 810 751 fuerant,
832 680 892 740 iam
905 679 1038 741 inermes
1053 694 1104 741 se-

122 763 293 838 dentesque
306 778 380 837 pars
394 762 528 823 maxima
541 762 733 838 spectabant.
752 762 901 823 Numidae
915 763 1103 837 adequitare,

122 846 194 907 dein
213 846 371 921 refugere,
394 846 452 907 sed
465 847 596 923 propius
610 848 721 907 saltum
736 846 881 922 paulatim
894 846 999 920 evehi,
1021 848 1103 908 velut

123 946 205 1006 quos
218 928 394 1005 impotentis
407 929 536 1006 regendi
551 930 623 1006 equi
637 929 750 996 invitos
765 928 916 991 efferrent.
946 937 1103 1005 postremo

122 1013 253 1076 subditis
275 1014 446 1075 calcaribus
469 1013 686 1075 intermedias
710 1014 857 1075 stationes
878 1013 1013 1075 hostium
1035 1029 1102 1076 eru·

122 1113 211 1173 pere,
232 1104 265 1159 et
284 1097 314 1157 in
335 1112 442 1173 agrum
462 1096 601 1159 latiorem
616 1096 715 1157 evecti
730 1097 833 1159 omnia
847 1097 1022 1174 propinquo
1035 1097 1103 1158 viae

122 1187 202 1241 tecta
226 1181 402 1242 incendunt
438 1181 579 1257 proximo
604 1180 717 1241 deinde
742 1182 811 1242 vico
837 1182 970 1244 inierunt
992 1181 1103 1258 ignem,

123 1265 204 1326 ferro
218 1264 404 1342 flammaque
418 1264 520 1326 omnia
534 1270 719 1341 pervastant.
742 1267 844 1326 fumus
859 1266 958 1340 primo
970 1281 1102 1341 conspe-

125 1356 202 1423 ctus,
218 1348 329 1409 deinde
344 1350 459 1411 clamor
472 1349 689 1424 trepidantium
702 1348 733 1410 in
744 1349 822 1411 vicis
834 1348 966 1424 auditus,
983 1357 1103 1425 postre-

123 1449 174 1494 mo
199 1430 338 1493 seniores
367 1434 517 1510 puerique
542 1434 729 1509 refugientes
754 1434 914 1496 tumultum
938 1434 969 1494 in
994 1433 1103 1495 castris

124 1517 270 1577 iecerunt.
299 1516 403 1592 itaque
418 1518 485 1579 sine
500 1517 640 1593 consilio,
655 1516 724 1579 sine
737 1518 881 1595 imperio,
896 1534 954 1593 pro
970 1532 1005 1578 se
1020 1517 1104 1592 quis-

125 1617 185 1675 que
200 1616 322 1661 currere
337 1602 377 1662 ad
388 1618 446 1664 sua
456 1602 598 1672 tutanda;
613 1609 833 1678 momentoque
843 1599 990 1676 temporis
1003 1606 1104 1661 castra

124 1685 229 1745 relicta
242 1692 337 1760 erant,
353 1693 384 1746 et
397 1685 561 1749 obsidione
574 1686 721 1748 liberatus
736 1684 846 1748 consul
859 1699 921 1760 quo
933 1681 1106 1744 intenderat

124 1768 271 1840 pervenit.

206 1852 271 1912 llll.
294 1852 358 1914 Sed
372 1869 474 1928 neque
487 1853 556 1914 Boii
571 1869 673 1928 neque
686 1850 830 1927 Hispani,
852 1866 921 1911 cum
937 1847 1050 1926 quibus
1065 1864 1103 1909 eo

123 1950 205 1998 anno
229 1935 374 1997 bellatumn
398 1942 477 2009 erat,
503 1943 566 1995 tam
586 1936 707 1997 inimice
727 1935 829 1996 infesti
851 1941 938 1995 erant
956 1933 1103 1995 Romanis

125 2036 217 2095 quam
231 2019 412 2079 Aetolorum
427 2033 514 2093 gens.
535 2019 557 2078 ii
571 2028 644 2095 post
658 2021 837 2094 deportatos
853 2034 893 2079 ex
908 2017 1037 2101 Graecia
1051 2033 1104 2078 ex-

123 2102 237 2163 ercitus
252 2101 351 2178 primo
365 2101 397 2160 in
412 2116 469 2176 spe
482 2102 603 2161 fuerant
616 2107 647 2161 et
660 2101 844 2162 Antiochum
859 2103 890 2162 in
904 2117 1034 2162 vacuam
1043 2101 1104 2161 Eu·

124 2200 223 2260 nopae
236 2183 471 2260 possessionem
485 2190 657 2258 venturum,
672 2199 730 2244 nec
743 2183 917 2260 Philippum
933 2189 985 2245 ant
997 2183 1105 2244 Nabim

125 2268 294 2345 quieturos.
322 2268 374 2329 ubi
388 2265 461 2328 nibil
475 2284 608 2344 usquam
621 2269 739 2330 moveri
751 2267 908 2340 viderunt,
930 2265 1104 2343 &tandum

125 2351 242 2428 aliquid
265 2353 520 2429 miscendumque
543 2352 616 2428 rati,
642 2368 683 2413 ne
709 2352 881 2415 cunctando
907 2359 1106 2414 senescerent

126 2437 262 2513 consilia,
276 2437 438 2501 concilium
447 2437 637 2515 Naupactum
648 2437 833 2498 indixerunt.
855 2434 1005 2497 ibiThoas
1017 2450 1106 2511 prae-

125 2527 174 2582 tor
197 2537 303 2585 eorum
331 2529 521 2598 conquestus
547 2521 675 2584 iniurias
697 2523 906 2583 Romanorum
932 2526 1106 2600 statumque

124 2605 279 2682 Aetoliae,
301 2606 387 2683 quod
407 2605 541 2668 omnium
557 2607 704 2667 Graeciae
724 2607 859 2682 gentium
878 2604 1107 2679 civitatiumque

125 2689 387 2751 inhonoratissimi
407 2697 567 2766 postcom
586 2690 746 2752 victoriam
766 2697 886 2765 essent,
909 2687 996 2749 cuius
1012 2702 1107 2748 causa

126 2772 187 2848 ipsi
209 2772 354 2847 ruissent,
375 2773 495 2847 legatos
517 2773 636 2834 censuit
650 2772 734 2833 circo
746 2788 837 2849 reges
851 2772 1031 2845 nrittendos,
1055 2770 1106 2847 qui

126 2872 190 2917 non
211 2856 310 2917 solum
325 2861 508 2931 temptarent
520 2856 642 2918 animos
656 2872 777 2929 eorum,
799 2857 857 2917 sed
871 2856 937 2917 suis
953 2870 1107 2932 quemque

127 2940 258 3002 stimulis
279 2946 438 3001 moverent
458 2941 499 3001 ad
511 2942 683 3001 Romanum
703 2940 825 3001 bellum.
857 2938 1050 3001 Damocritus
1067 2938 1108 2998 ad

126 3023 248 3100 Nabim,
263 3023 418 3085 Nicander
432 3024 472 3084 ad
485 3023 673 3101 Philippum,
688 3023 897 3086 Dicaearchus
912 3024 1005 3083 trater
1018 3037 1106 3098 prae·

128 3107 202 3171 toris
217 3107 447 3170 adAntiochum
458 3114 506 3169 est
515 3108 639 3169 missus.
656 3104 1108 3186 tyrannoLacedoemonioDa·

128 3193 271 3254 mocritus
287 3192 438 3268 ademptis
452 3192 608 3255 maritimis
624 3191 797 3254 civitatibus
813 3198 989 3253 enervatam
1004 3196 1106 3269 tyron-

129 3274 231 3335 nidem
245 3277 357 3338 dicere.
377 3276 451 3337 inde
463 3277 598 3351 militem,
612 3276 685 3337 inde
695 3291 792 3337 naves
803 3278 994 3350 navalesque
1004 3274 1108 3334 socios

129 3357 284 3421 habuisse.
306 3360 458 3421 inclusum
473 3361 538 3421 suis
554 3375 654 3436 prope
665 3359 761 3421 muris
775 3360 919 3421 Achaeos
934 3358 1041 3419 videre
1054 3356 1109 3415 do·

130 3440 272 3503 minantis
296 3443 327 3505 in
346 3443 572 3521 Peloponneso.
605 3458 771 3520 numquam
796 3443 969 3504 habiturum
990 3439 1108 3512 recipe-
