2600 4000
214 231 277 296 aro
339 229 616 292 lunamve.
639 227 1068 306 ohr.n.1o.p.o.0.aar]

215 402 269 448 sas
293 384 390 444 moles
415 381 490 454 sint,
517 386 549 442 et
567 380 686 442 minore
711 380 885 443 molimento
910 379 1046 456 aperturi
1071 386 1199 455 portum

216 484 306 547 quam
328 468 523 528 obstruaturl
549 464 599 525 sin
616 470 718 525 autem
731 464 917 526 manandum
931 464 973 524 ibi
987 462 1082 523 nihilo
1092 463 1200 525 minus

215 554 269 629 sit,
291 551 366 627 quid
385 549 513 611 attinere
533 547 633 608 claudi
650 553 794 624 portame
815 549 889 624 quin
903 553 1011 610 contra
1023 546 1094 608 illos
1108 546 1200 608 tuda·

215 639 293 700 simo
308 641 408 711 portu,
424 631 743 709 opulentissimambe
754 631 891 705 mentis,
907 631 1009 692 omnia
1018 629 1096 691 Asia
1106 646 1199 706 prae·

215 722 322 792 bonta,
342 717 445 794 quieta
464 715 581 777 aestiva
600 721 739 776 acturosa
768 715 928 776 Romanos
946 719 1054 790 aperto
1074 713 1199 774 inmari

216 802 360 866 incubus
380 799 675 876 tempestatibusque
695 798 849 875 obiectos,
871 798 1006 861 omnium
1019 796 1148 873 inopes,
1168 799 1200 858 in

216 887 348 950 adsidua
360 885 491 946 statione
505 884 633 956 lutosos,
648 884 736 958 ipsos
747 883 844 958 magis
856 881 1007 958 adligatos
1017 880 1200 957 impeditos·

220 985 287 1048 quc,
303 984 342 1028 ne
357 968 431 1045 quid
442 982 549 1028 eorum
560 982 640 1042 quae
650 966 772 1042 agenda
782 966 843 1028 sint
855 966 975 1042 possint
984 980 1088 1040 agere,
1105 981 1199 1040 quam

217 1061 250 1115 ut
262 1052 362 1114 hostis
382 1052 506 1112 clausos
520 1050 661 1111 habeant.
697 1050 853 1111 Eudamus
867 1049 1045 1126 praelectus
1056 1048 1201 1110 Rhodiae

218 1135 328 1199 classis
356 1134 455 1210 magis
482 1149 550 1195 cam
573 1134 633 1195 sibi
658 1134 822 1210 displicere
846 1132 1028 1195 sententiam
1054 1132 1201 1209 ostendit,

219 1235 309 1298 quam
322 1218 392 1293 ipsc
405 1217 482 1292 quid
495 1224 637 1279 censeret
651 1218 823 1279 laciendum
835 1216 921 1278 dixit
942 1216 1104 1292 Epicrates
1113 1216 1201 1278 Rho-

219 1305 287 1365 dius
302 1302 418 1362 omisso
431 1302 462 1361 in
476 1302 651 1377 praesentia
661 1301 785 1377 Epheso
800 1300 975 1362 mittendam
989 1300 1113 1361 navium
1129 1316 1200 1377 par-

218 1395 278 1448 tem
293 1384 322 1444 in
336 1384 464 1463 Lyciam
477 1385 610 1458 censuit,
632 1391 663 1444 et
674 1385 798 1457 Patara,
813 1391 906 1460 caput
918 1384 1033 1459 gentis,
1049 1384 1082 1443 in
1097 1381 1200 1445 socie

219 1479 311 1533 tatem
331 1469 534 1544 adiungenda.
569 1467 695 1528 induas
715 1483 843 1543 magnas
864 1482 916 1528 res
935 1466 968 1528 id
980 1467 1052 1528 usui
1069 1468 1153 1529 lorea
1172 1473 1203 1527 et

219 1552 367 1626 Rhodios,
381 1552 500 1628 pacatis
514 1556 621 1612 contra
633 1551 764 1611 insulam
779 1566 867 1612 suam
880 1551 978 1625 terris,
994 1548 1066 1612 totis
1081 1550 1202 1611 viribus

221 1637 395 1702 incumbere
414 1637 444 1697 in
465 1635 556 1697 unius
576 1634 664 1708 belli,
686 1634 771 1710 quod
785 1634 938 1696 adversus
951 1633 1139 1696 Antiochum
1154 1635 1202 1711 sil,

223 1739 325 1784 ruram
339 1735 450 1797 posse,
466 1725 497 1781 et
509 1735 578 1781 eom
592 1719 738 1792 classem,
755 1733 834 1793 quaa
849 1718 880 1779 in
894 1719 990 1798 Lycia
1004 1733 1201 1794 comparare

221 1814 278 1880 tur,
293 1804 462 1880 intercludi,
477 1820 516 1865 ne
525 1802 736 1882 Polyxenidae
747 1802 957 1879 coniungatur.
980 1802 1057 1863 haec
1069 1802 1201 1863 maxime

221 1889 316 1952 movit
330 1888 488 1948 sententia.
511 1886 626 1963 placuit
638 1892 740 1947 tamen
754 1884 904 1961 Regillum
920 1887 1023 1947 classe
1036 1891 1100 1947 tota
1109 1882 1201 1946 evehi

222 1973 262 2034 ad
289 1979 410 2048 portum
436 1970 553 2047 Ephesi
579 1969 621 2033 ad
646 1969 839 2031 inferendum
870 1970 1012 2031 hostibus
1029 1976 1202 2032 terrorem.
1288 1991 1289 1994 ¹

221 2055 300 2117 xv1.
329 2055 361 2114 C.
374 2053 480 2116 Livius
500 2070 571 2117 oum
584 2055 705 2116 duabus
722 2054 993 2130 quinqueremibus
1008 2053 1158 2116 Romanis
1172 2058 1202 2114 et

225 2146 367 2218 quattuor
382 2137 626 2215 quadriremibus
640 2137 769 2199 Rhodiis
784 2145 815 2198 et
828 2138 948 2201 duabus
963 2138 1078 2214 apertis
1094 2136 1202 2217 Smyr-

222 2223 308 2285 naeis
322 2224 352 2284 in
363 2222 490 2303 Lyciam
503 2229 553 2285 est
565 2222 688 2296 missus,
702 2221 845 2284 Rhodum
855 2221 943 2298 prius
953 2223 1058 2283 iussus
1071 2220 1160 2282 adire
1173 2228 1204 2282 et

223 2308 324 2370 omnia
337 2324 407 2369 cum
422 2308 459 2368 iis
473 2307 698 2368 communicare
713 2306 849 2368 consiliu.
870 2306 1008 2368 civitates
1022 2320 1100 2381 quas
1112 2320 1203 2381 prae·

223 2398 375 2453 tervectus
398 2398 461 2464 est,
483 2390 604 2451 hsrlelus
623 2389 759 2465 Myndus
779 2390 1014 2450 Halicarnassus
1035 2389 1118 2450 Cous
1135 2389 1204 2449 cnl·
1288 2398 1289 2403 ’

224 2476 292 2548 dus,
307 2474 455 2549 imperem
468 2474 559 2532 enixe
574 2473 718 2533 lecerunt.
746 2473 890 2535 Rhodum
903 2482 936 2535 ut
949 2479 1073 2534 ventum
1087 2477 1145 2545 est
1162 2473 1204 2533 si·

223 2558 285 2616 mul
299 2563 330 2616 et
343 2556 383 2615 od
399 2570 489 2630 quarn
503 2568 569 2614 rem
583 2555 697 2615 missus
713 2564 798 2617 esset
812 2557 849 2618 iis
865 2556 1021 2633 exposuit,
1044 2564 1074 2617 et
1088 2571 1204 2617 consu·

224 2639 278 2700 luit
291 2654 357 2699 eos.
379 2637 622 2713 approbantibus
637 2639 764 2714 cunctis,
780 2648 810 2702 et
823 2640 862 2701 ad
874 2656 950 2715 corn,
967 2655 1058 2716 quam
1068 2639 1206 2700 habebat

225 2724 370 2796 classem,
391 2721 564 2797 adsumptis
577 2719 674 2783 tribus
690 2724 933 2799 quadriremibus
948 2724 1071 2800 navigat
1082 2723 1204 2785 Patara.
1287 2786 1288 2791 ,

224 2807 322 2882 primo
338 2807 496 2867 sccundus
509 2813 619 2867 ventus
633 2805 674 2865 ad
684 2807 783 2882 ipsam
795 2807 902 2869 urbem
913 2807 1030 2869 larebat
1040 2822 1114 2877 cos;
1130 2823 1206 2884 spe·
1287 2844 1288 2855 κ

224 2890 395 2966 tabantque
408 2889 510 2951 subito
524 2899 641 2952 terrore
655 2890 770 2967 aliquid
784 2899 932 2953 moturos.
961 2897 1128 2968 postquam
1145 2892 1204 2952 cir·

225 2980 403 3049 cumagente
423 2989 458 3034 se
478 2982 570 3036 vento
595 2973 739 3036 fluctibus
765 2975 866 3037 dubiis
887 2976 969 3038 volvi
990 2982 1135 3051 coeptum
1157 2982 1206 3036 est

224 3072 318 3132 mare,
333 3058 527 3134 pervicerunt
541 3055 663 3133 quidem
676 3059 785 3134 remis,
800 3066 834 3120 ut
846 3066 984 3121 tenerent
995 3065 1123 3119 terram:
1146 3059 1206 3120 sed
1287 3084 1288 3093 ¹

225 3155 326 3217 neque
346 3141 550 3203 hircaurbem
564 3141 824 3218 intestatione,
846 3158 904 3204 nec
918 3150 989 3204 ante
1004 3142 1116 3203 ostium
1131 3158 1205 3219 por·
1287 3168 1288 3175 κ

226 3231 275 3287 lus
289 3225 321 3286 ln
336 3226 403 3287 salo
418 3231 500 3286 stare
513 3230 656 3300 poterant
670 3242 782 3303 aspero
791 3227 867 3287 mari
878 3232 908 3289 et
918 3234 1008 3288 nocte
1017 3225 1203 3287 imminente.

227 3308 426 3387 praetervecti
452 3308 574 3370 moenia
597 3315 717 3385 portum
739 3309 962 3384 Phoenicunta,
986 3311 1086 3371 minus
1109 3310 1206 3371 duum

226 3392 340 3456 milium
353 3392 454 3470 spatio
468 3392 541 3454 inda
555 3392 727 3467 distantem,
742 3394 866 3469 petiere,
883 3394 1014 3455 navibus
1025 3411 1044 3455 a
1055 3394 1206 3454 maritima

227 3479 256 3538 vi
269 3485 380 3542 tutum:
401 3477 459 3538 sed
472 3478 552 3539 altae
565 3477 693 3553 insuper
706 3476 900 3538 imminebant
912 3492 1017 3554 rupes,
1033 3492 1112 3554 quas
1125 3477 1207 3537 cele·
