2600 4000
254 292 370 354 IIItttIa
382 293 543 354 XXXVIII.
566 294 648 354 CAP.
663 302 707 356 ro.
720 304 764 356 41.
788 302 871 368 [ac.
886 305 948 369 ree]
1026 296 1089 360 355

115 461 207 522 quam
229 443 360 503 maxime
381 443 556 504 recentibus
577 450 608 503 et
620 441 746 518 Integris
766 442 907 505 iumentis
917 444 1088 524 Thraciam,

114 544 170 606 per
186 543 277 603 quam
292 527 348 588 iter
363 527 453 601 vulgo
468 526 648 599 horrebant,
665 527 883 602 ingrederetur.
910 544 972 602 quo
987 532 1088 603 prore·

113 620 181 675 ctus
196 618 245 672 est
258 610 296 671 ab
310 610 504 687 LysimachIa
518 610 583 683 die,
604 611 644 670 ad
659 626 778 670 amnem
792 610 1020 694 Melana-quem
1035 629 1088 673 vo-

113 702 197 769 cant,
220 694 291 755 inde
310 699 436 769 postero
455 695 507 753 die
523 693 657 771 Cypsela
670 694 817 769 pervenit.
849 693 1026 773 acypsetis
1040 697 1090 757 vta

112 778 220 839 decem
237 777 352 838 miltum
366 777 430 836 iere
444 777 593 837 silvestris
609 783 739 852 angusta
753 778 939 853 confragosa
953 778 1088 854 excipie-

111 862 178 936 bat,
191 869 317 938 propter
331 860 419 921 cuius
433 859 641 921 difficultatem
655 861 770 921 itineris
785 860 816 921 in
832 863 910 923 duas
925 868 1028 937 partes
1044 863 1088 923 di-

109 946 196 1007 visus
217 944 380 1006 exercitus.
414 950 445 1003 et
464 944 651 1018 praecedere
670 960 732 1004 una
745 944 846 1019 iussa,
868 946 964 1006 altera
977 961 1087 1021 magno

110 1028 269 1090 intervallo
285 1041 397 1101 cogere
411 1040 530 1102 agmen,
545 1026 646 1086 media
659 1026 876 1103 impedimenta
889 1028 1087 1104 interposuit=

109 1109 1087 1188 plaustracumpecuniapublicaerantpretiosaqueatiapraeda.

106 1195 150 1256 ite
171 1211 241 1257 curn
261 1206 318 1269 per
338 1193 447 1254 saltum
467 1194 537 1264 iret,
556 1192 708 1254 Thracum
727 1194 834 1255 decern
853 1194 937 1257 baud
954 1196 1086 1273 amptius

108 1277 191 1339 mitia
205 1293 245 1338 ex
260 1281 403 1352 quattuor
417 1275 558 1352 popuIIs,
578 1277 658 1337 Astii
675 1283 706 1338 et
719 1276 811 1337 Caeni
825 1284 856 1340 et
870 1278 1044 1341 Maduateni
1058 1287 1088 1342 et

109 1360 224 1435 Coreli,
246 1361 285 1420 ad
306 1360 392 1436 ipsas
413 1358 571 1434 angustias
592 1359 672 1419 viam
688 1359 957 1425 circumsederunt.
981 1363 1086 1440 opinio

108 1449 175 1505 erat
188 1459 249 1506 uon
264 1444 332 1504 sine
342 1442 472 1519 Phihppi
483 1442 685 1504 Macedonum
698 1445 781 1522 regis
797 1447 904 1507 fraude
915 1447 947 1508 id
958 1449 1085 1511 Iactum

108 1543 179 1589 eum
192 1526 294 1588 scisse
307 1542 369 1589 uon
383 1527 443 1587 alia
458 1542 550 1602 quam
564 1528 794 1603 pertinaciam
807 1531 961 1592 redituros
975 1531 1086 1592 Rorna-

108 1626 182 1686 nos,
209 1616 241 1673 et
260 1616 403 1685 quantam
428 1610 588 1687 pecuniam
608 1627 714 1673 secum
734 1619 900 1689 portarent.
934 1612 965 1672 in
988 1613 1086 1688 primo

106 1694 229 1772 agmine
242 1694 407 1770 imperator
418 1701 491 1770 erat,
507 1694 655 1761 sollicitus
666 1704 794 1771 propter
804 1695 991 1769 iniquitatem
1002 1696 1078 1756 ioco

104 1796 182 1842 rum.
203 1778 337 1841 Thraces
351 1779 424 1841 nihil
440 1784 658 1850 semoverunt,
674 1779 774 1838 donec
789 1776 895 1838 annoti
908 1779 1086 1839 transirent·

106 1871 270 1942 postquam
287 1861 403 1938 primos
424 1876 594 1937 superasse
614 1858 773 1933 angustias
790 1859 945 1936 viderunt,
967 1869 1086 1938 postre

104 1963 172 2010 mos
187 1948 325 2008 nondum
346 1943 639 2021 appropinquantis,
661 1941 878 2018 impedimenta
897 1951 928 2006 et
947 1947 1086 2008 sarcinas

105 2031 262 2099 Invadunt,
272 2025 436 2103 caesisque
448 2025 629 2088 custodibus
639 2026 749 2100 partim
760 2042 798 2088 ea
809 2044 889 2104 quae
899 2029 929 2090 in
941 2031 1086 2106 plaustris

104 2119 191 2173 erant
211 2109 358 2185 diripere,
381 2109 491 2186 partim
510 2109 569 2171 sub
591 2107 736 2171 oneribus
750 2110 883 2172 iumenta
896 2113 1085 2176 abstrahere.

105 2196 187 2258 unde
208 2199 374 2269 postquam
395 2194 510 2270 clamor
530 2191 660 2268 primum
680 2194 720 2253 ad
741 2210 797 2256 eos
812 2194 865 2271 qui
879 2195 940 2256 iam
953 2196 1085 2272 ingressi

104 2280 216 2341 saltum
236 2275 460 2352 sequebantur,
482 2276 593 2337 deinde
609 2276 700 2336 etiam
715 2277 755 2338 ad
769 2278 900 2354 primum
914 2294 1023 2355 agmen
1038 2288 1085 2342 est

104 2361 249 2440 perlatus,
266 2360 416 2436 utrimque
431 2360 463 2421 In
476 2360 610 2421 medium
621 2361 821 2438 concurritur,
839 2368 870 2424 et
882 2362 1084 2426 inordinatum

103 2444 242 2522 pluribus
259 2444 349 2505 simul
361 2444 439 2506 iocis
454 2444 603 2522 proelium
619 2444 798 2507 conseritur.
821 2446 954 2508 Thracas
968 2449 1084 2523 praeda

102 2530 172 2605 ipsa
191 2527 355 2604 impeditos
375 2528 520 2590 oneribus
539 2533 570 2588 et
591 2529 772 2607 plerosque,
797 2537 832 2593 ut
844 2531 884 2591 ad
902 2531 1082 2608 rapiendum

101 2628 210 2674 manus
224 2626 339 2673 vacuas
356 2612 511 2685 haberent,
528 2612 659 2673 inermes
676 2614 716 2673 ad
727 2614 853 2676 caedem
864 2613 1006 2690 praebet:
1021 2618 1082 2678 Ro-

101 2711 212 2755 manos
227 2695 370 2769 iniquitas
388 2697 525 2757 locorum
543 2694 683 2756 barbaris
701 2713 757 2772 per
769 2700 862 2759 calles
873 2707 962 2760 notas
975 2716 1082 2761 occur·

103 2776 242 2838 sontibus
256 2783 288 2836 et
300 2778 463 2838 latentibus
478 2779 628 2839 interdurn
641 2794 698 2854 per
708 2796 803 2841 cavas
815 2783 910 2845 valles
921 2784 1080 2857 prodebat.

102 2860 173 2937 ipsa
186 2860 277 2920 ettam
292 2875 386 2920 onera
399 2863 606 2935 plaustraque,
623 2870 657 2922 ut
672 2862 735 2922 fors
751 2863 825 2935 tulit,
840 2861 889 2924 his
904 2873 956 2927 aut
966 2867 1025 2927 illis
1036 2869 1080 2928 in-

103 2944 266 3005 commode
287 2943 407 3005 obiecta
432 2943 636 3019 pugnantibus
658 2943 875 3020 impedimento
898 2954 977 3009 sunt.
1010 2952 1080 3011 aiibi

101 3026 236 3104 praedo,
257 3026 329 3087 alibi
344 3029 479 3102 praedae
494 3027 607 3088 vIndex
623 3028 712 3089 cadit.
749 3035 841 3104 prout
854 3032 942 3092 locus
956 3030 1081 3107 iniquus

101 3126 262 3188 aequusve
271 3109 320 3171 his
331 3118 384 3172 aut
394 3110 463 3187 illis,
479 3118 571 3187 prout
581 3112 700 3173 animus
712 3114 911 3188 pugnantium
923 3124 977 3189 est,
992 3123 1082 3192 prout

101 3211 299 3257 numerus-
310 3194 361 3254 alii
380 3195 460 3256 enim
477 3195 615 3271 pluribus
637 3213 729 3271 quam
744 3196 804 3273 ipsi
818 3205 919 3271 erant,
940 3199 990 3260 aiii
1005 3218 1079 3276 pau·

102 3277 237 3339 cioribus
251 3286 514 3353 occurrerant-,
530 3279 614 3340 varia
628 3281 751 3342 fortuna
770 3296 891 3358 pugnae
907 3290 962 3344 est.
995 3282 1080 3345 multi

101 3360 253 3435 utrimque
268 3363 387 3425 cadunt.
420 3363 480 3423 iarn
494 3378 557 3425 nox
571 3364 750 3438 appetebat,
773 3380 841 3425 curn
857 3367 974 3442 proeIIo
990 3381 1079 3426 exce

102 3443 180 3505 dunt
198 3442 346 3520 Thraces,
367 3461 428 3506 non
450 3447 523 3522 iuga
541 3447 701 3505 vulnerum
721 3455 773 3508 aut
792 3449 914 3521 mortis,
936 3450 992 3509 sed
1007 3448 1079 3522 quia

103 3526 179 3588 satis
190 3527 326 3602 praedae
335 3527 496 3589 habebant.
518 3526 594 3588 xit.
614 3530 821 3591 Romanorum
830 3531 959 3604 primurn
970 3545 1079 3603 agmen

816 3612 872 3673 ᾖ*
