<?xml version="1.0" encoding="UTF-8"?>
<!DOCTYPE html PUBLIC "-//W3C//DTD XHTML 1.0 Transitional//EN"
    "http://www.w3.org/TR/xhtml1/DTD/xhtml1-transitional.dtd">
<html xmlns="http://www.w3.org/1999/xhtml" xml:lang="en" lang="en">
 <head>
  <title>
</title>
<meta http-equiv="Content-Type" content="text/html;charset=utf-8" />
  <meta name='ocr-system' content='tesseract 3.04.00' />
  <meta name='ocr-capabilities' content='ocr_page ocr_carea ocr_par ocr_line ocrx_word'/>
</head>
<body>
  <div class='ocr_page' id='page_1' title='image "./aburbeconditali00mlgoog_0386.png"; bbox 0 0 2600 4000; ppageno 0'>
   <div class='ocr_carea' id='block_1_1' title="bbox 240 188 1080 296">
    <p class='ocr_par' dir='ltr' id='par_1_1' title="bbox 240 188 1080 296">
     <span class='ocr_line' id='line_1_1' title="bbox 240 188 1080 296; baseline 0.005 -20"><span class='ocrx_word' id='word_1_1' title='bbox 240 214 303 281; x_wconf 74' lang='lat'><strong>332</strong></span> <span class='ocrx_word' id='word_1_2' title='bbox 366 214 866 279; x_wconf 75' lang='lat' dir='ltr'><strong>LlBEttxxxvltl.cnltro.1r.</strong></span> <span class='ocrx_word' id='word_1_3' title='bbox 887 222 923 289; x_wconf 77' lang='grc' dir='ltr'><strong>[ι.</strong></span> <span class='ocrx_word' id='word_1_4' title='bbox 936 188 1080 296; x_wconf 53' lang='lat' dir='ltr'><strong>umbos]</strong></span> 
     </span>
    </p>
   </div>
   <div class='ocr_carea' id='block_1_2' title="bbox 139 352 1216 446">
    <p class='ocr_par' dir='ltr' id='par_1_2' title="bbox 139 352 1216 446">
     <span class='ocr_line' id='line_1_2' title="bbox 139 352 1216 446; baseline 0.002 -16"><span class='ocrx_word' id='word_1_5' title='bbox 139 379 142 385; x_wconf 85' lang='lat'>&#39;</span> <span class='ocrx_word' id='word_1_6' title='bbox 242 377 377 444; x_wconf 85' lang='lat' dir='ltr'><strong>venerat,</strong></span> <span class='ocrx_word' id='word_1_7' title='bbox 399 352 467 430; x_wconf 81' lang='lat' dir='ltr'><strong>cum</strong></span> <span class='ocrx_word' id='word_1_8' title='bbox 486 368 609 430; x_wconf 84' lang='lat' dir='ltr'><strong>maiore.</strong></span> <span class='ocrx_word' id='word_1_9' title='bbox 622 375 708 444; x_wconf 89' lang='lat' dir='ltr'><strong>perte</strong></span> <span class='ocrx_word' id='word_1_10' title='bbox 726 367 881 434; x_wconf 86' lang='lat' dir='ltr'><strong>bominum</strong></span> <span class='ocrx_word' id='word_1_11' title='bbox 894 367 1005 443; x_wconf 88' lang='lat' dir='ltr'><strong>repetit</strong></span> <span class='ocrx_word' id='word_1_12' title='bbox 1016 367 1216 446; x_wconf 68' lang='lat' dir='ltr'><strong>Byzantiuma</strong></span> 
     </span>
    </p>
   </div>
   <div class='ocr_carea' id='block_1_3' title="bbox 204 449 1293 2705">
    <p class='ocr_par' dir='ltr' id='par_1_3' title="bbox 204 449 1293 2705">
     <span class='ocr_line' id='line_1_3' title="bbox 240 449 1216 527; baseline -0.003 -10"><span class='ocrx_word' id='word_1_13' title='bbox 240 454 378 517; x_wconf 81' lang='lat' dir='ltr'><strong>Lutarius</strong></span> <span class='ocrx_word' id='word_1_14' title='bbox 397 451 618 513; x_wconf 79' lang='lat' dir='ltr'><strong>Macedonibus</strong></span> <span class='ocrx_word' id='word_1_15' title='bbox 645 466 701 527; x_wconf 91' lang='lat' dir='ltr'><strong>per</strong></span> <span class='ocrx_word' id='word_1_16' title='bbox 725 449 861 526; x_wconf 87' lang='lat' dir='ltr'><strong>speeiem</strong></span> <span class='ocrx_word' id='word_1_17' title='bbox 886 451 1048 527; x_wconf 74' lang='lat' dir='ltr'>legationis</span> <span class='ocrx_word' id='word_1_18' title='bbox 1069 451 1109 511; x_wconf 91' lang='lat' dir='ltr'><strong>ab</strong></span> <span class='ocrx_word' id='word_1_19' title='bbox 1128 453 1216 519; x_wconf 86' lang='lat' dir='ltr'><strong>Anti·</strong></span> 
     </span>
     <span class='ocr_line' id='line_1_4' title="bbox 239 533 1217 615; baseline 0 -16"><span class='ocrx_word' id='word_1_20' title='bbox 239 545 327 615; x_wconf 89' lang='lat' dir='ltr'><strong>patro</strong></span> <span class='ocrx_word' id='word_1_21' title='bbox 347 538 385 598; x_wconf 91' lang='lat' dir='ltr'><strong>ad</strong></span> <span class='ocrx_word' id='word_1_22' title='bbox 408 536 630 613; x_wconf 84' lang='lat' dir='ltr'><strong>speculandum</strong></span> <span class='ocrx_word' id='word_1_23' title='bbox 654 533 758 596; x_wconf 79' lang='lat' dir='ltr'><strong>missis</strong></span> <span class='ocrx_word' id='word_1_24' title='bbox 778 534 857 595; x_wconf 85' lang='lat' dir='ltr'><strong>duas</strong></span> <span class='ocrx_word' id='word_1_25' title='bbox 877 542 973 597; x_wconf 84' lang='lat' dir='ltr'><strong>tectas</strong></span> <span class='ocrx_word' id='word_1_26' title='bbox 992 550 1088 596; x_wconf 86' lang='lat' dir='ltr'><strong>naves</strong></span> <span class='ocrx_word' id='word_1_27' title='bbox 1110 543 1144 598; x_wconf 86' lang='lat' dir='ltr'><strong>et</strong></span> <span class='ocrx_word' id='word_1_28' title='bbox 1162 537 1217 599; x_wconf 85' lang='lat' dir='ltr'><strong>tris</strong></span> 
     </span>
     <span class='ocr_line' id='line_1_5' title="bbox 239 618 1217 695; baseline -0.002 -13"><span class='ocrx_word' id='word_1_29' title='bbox 239 622 357 683; x_wconf 89' lang='lat' dir='ltr'><strong>lembos</strong></span> <span class='ocrx_word' id='word_1_30' title='bbox 372 618 485 681; x_wconf 83' lang='lat' dir='ltr'><strong>adimit</strong></span> <span class='ocrx_word' id='word_1_31' title='bbox 507 619 544 680; x_wconf 92' lang='lat' dir='ltr'><strong>iis</strong></span> <span class='ocrx_word' id='word_1_32' title='bbox 558 618 636 680; x_wconf 90' lang='lat' dir='ltr'><strong>alios</strong></span> <span class='ocrx_word' id='word_1_33' title='bbox 651 624 744 694; x_wconf 90' lang='lat' dir='ltr'><strong>atque</strong></span> <span class='ocrx_word' id='word_1_34' title='bbox 757 618 834 679; x_wconf 86' lang='lat' dir='ltr'><strong>alios</strong></span> <span class='ocrx_word' id='word_1_35' title='bbox 849 618 916 679; x_wconf 88' lang='lat' dir='ltr'><strong>dies</strong></span> <span class='ocrx_word' id='word_1_36' title='bbox 931 625 1103 695; x_wconf 91' lang='lat' dir='ltr'><strong>noctesque</strong></span> <span class='ocrx_word' id='word_1_37' title='bbox 1115 625 1217 682; x_wconf 83' lang='lat' dir='ltr'><strong>trave</strong></span> 
     </span>
     <span class='ocr_line' id='line_1_6' title="bbox 237 701 1219 779; baseline -0.002 -12"><span class='ocrx_word' id='word_1_38' title='bbox 237 706 355 779; x_wconf 87' lang='lat' dir='ltr'><strong>hendo,</strong></span> <span class='ocrx_word' id='word_1_39' title='bbox 375 704 453 765; x_wconf 89' lang='lat' dir='ltr'><strong>intra</strong></span> <span class='ocrx_word' id='word_1_40' title='bbox 466 718 585 779; x_wconf 89' lang='lat' dir='ltr'><strong>paucos</strong></span> <span class='ocrx_word' id='word_1_41' title='bbox 600 703 667 765; x_wconf 87' lang='lat' dir='ltr'><strong>dies</strong></span> <span class='ocrx_word' id='word_1_42' title='bbox 681 702 780 763; x_wconf 90' lang='lat' dir='ltr'><strong>omnis</strong></span> <span class='ocrx_word' id='word_1_43' title='bbox 795 702 902 778; x_wconf 88' lang='lat' dir='ltr'><strong>copias</strong></span> <span class='ocrx_word' id='word_1_44' title='bbox 917 701 1041 763; x_wconf 85' lang='lat' dir='ltr'><strong>traiecit.</strong></span> <span class='ocrx_word' id='word_1_45' title='bbox 1076 703 1164 764; x_wconf 90' lang='lat' dir='ltr'><strong>haud</strong></span> <span class='ocrx_word' id='word_1_46' title='bbox 1177 705 1219 765; x_wconf 85' lang='lat' dir='ltr'><strong>ita</strong></span> 
     </span>
     <span class='ocr_line' id='line_1_7' title="bbox 238 784 1218 865; baseline -0.003 -16"><span class='ocrx_word' id='word_1_47' title='bbox 238 791 331 851; x_wconf 91' lang='lat' dir='ltr'><strong>multo</strong></span> <span class='ocrx_word' id='word_1_48' title='bbox 353 796 426 865; x_wconf 93' lang='lat' dir='ltr'><strong>post</strong></span> <span class='ocrx_word' id='word_1_49' title='bbox 438 787 590 849; x_wconf 89' lang='lat' dir='ltr'><strong>Lonorius</strong></span> <span class='ocrx_word' id='word_1_50' title='bbox 610 787 773 847; x_wconf 89' lang='lat' dir='ltr'><strong>adiuvante</strong></span> <span class='ocrx_word' id='word_1_51' title='bbox 785 784 952 847; x_wconf 84' lang='lat' dir='ltr'><strong>Nicomede</strong></span> <span class='ocrx_word' id='word_1_52' title='bbox 965 785 1128 864; x_wconf 73' lang='lat' dir='ltr'><strong>Bithyniae</strong></span> <span class='ocrx_word' id='word_1_53' title='bbox 1143 804 1218 863; x_wconf 83' lang='lat' dir='ltr'><strong>rege</strong></span> 
     </span>
     <span class='ocr_line' id='line_1_8' title="bbox 239 869 1219 952; baseline -0.001 -19"><span class='ocrx_word' id='word_1_54' title='bbox 239 890 257 933; x_wconf 94' lang='lat' dir='ltr'><strong>a</strong></span> <span class='ocrx_word' id='word_1_55' title='bbox 271 872 419 952; x_wconf 81' lang='lat' dir='ltr'><strong>Byzantio</strong></span> <span class='ocrx_word' id='word_1_56' title='bbox 434 870 615 948; x_wconf 20' lang='lat' dir='ltr'><strong>transmisit,</strong></span> <span class='ocrx_word' id='word_1_57' title='bbox 626 877 738 931; x_wconf 91' lang='lat' dir='ltr'><strong>coeunt</strong></span> <span class='ocrx_word' id='word_1_58' title='bbox 749 869 861 930; x_wconf 89' lang='lat' dir='ltr'><strong>deinde</strong></span> <span class='ocrx_word' id='word_1_59' title='bbox 870 870 901 930; x_wconf 94' lang='lat' dir='ltr'><strong>in</strong></span> <span class='ocrx_word' id='word_1_60' title='bbox 913 885 1007 930; x_wconf 90' lang='lat' dir='ltr'><strong>unum</strong></span> <span class='ocrx_word' id='word_1_61' title='bbox 1016 887 1126 932; x_wconf 89' lang='lat' dir='ltr'><strong>rursus</strong></span> <span class='ocrx_word' id='word_1_62' title='bbox 1140 871 1219 932; x_wconf 87' lang='lat' dir='ltr'><strong>Galli</strong></span> 
     </span>
     <span class='ocr_line' id='line_1_9' title="bbox 238 953 1217 1030; baseline -0.001 -13"><span class='ocrx_word' id='word_1_63' title='bbox 238 965 268 1017; x_wconf 92' lang='lat' dir='ltr'><strong>et</strong></span> <span class='ocrx_word' id='word_1_64' title='bbox 284 956 398 1018; x_wconf 87' lang='lat' dir='ltr'><strong>auxilia</strong></span> <span class='ocrx_word' id='word_1_65' title='bbox 411 954 569 1017; x_wconf 79' lang='lat' dir='ltr'><strong>Nicomedi</strong></span> <span class='ocrx_word' id='word_1_66' title='bbox 589 954 664 1016; x_wconf 90' lang='lat' dir='ltr'><strong>dant</strong></span> <span class='ocrx_word' id='word_1_67' title='bbox 683 954 834 1015; x_wconf 86' lang='lat' dir='ltr'><strong>adversus</strong></span> <span class='ocrx_word' id='word_1_68' title='bbox 846 953 1019 1028; x_wconf 76' lang='lat' dir='ltr'><strong>Ziboetam,</strong></span> <span class='ocrx_word' id='word_1_69' title='bbox 1039 962 1160 1030; x_wconf 87' lang='lat' dir='ltr'><strong>partem</strong></span> <span class='ocrx_word' id='word_1_70' title='bbox 1174 963 1217 1016; x_wconf 90' lang='lat' dir='ltr'><strong>te·</strong></span> 
     </span>
     <span class='ocr_line' id='line_1_10' title="bbox 239 1037 1218 1118; baseline 0 -17"><span class='ocrx_word' id='word_1_71' title='bbox 239 1048 360 1101; x_wconf 89' lang='lat' dir='ltr'><strong>nentem</strong></span> <span class='ocrx_word' id='word_1_72' title='bbox 373 1039 549 1118; x_wconf 79' lang='lat' dir='ltr'><strong>Bithyniae,</strong></span> <span class='ocrx_word' id='word_1_73' title='bbox 570 1037 688 1113; x_wconf 79' lang='lat' dir='ltr'><strong>gerenti</strong></span> <span class='ocrx_word' id='word_1_74' title='bbox 703 1037 825 1098; x_wconf 88' lang='lat' dir='ltr'><strong>bellum.</strong></span> <span class='ocrx_word' id='word_1_75' title='bbox 855 1046 948 1113; x_wconf 90' lang='lat' dir='ltr'><strong>atque</strong></span> <span class='ocrx_word' id='word_1_76' title='bbox 962 1052 1068 1099; x_wconf 80' lang='lat' dir='ltr'><strong>cortun</strong></span> <span class='ocrx_word' id='word_1_77' title='bbox 1083 1037 1218 1101; x_wconf 86' lang='lat' dir='ltr'><strong>maxime</strong></span> 
     </span>
     <span class='ocr_line' id='line_1_11' title="bbox 237 1120 1218 1202; baseline 0 -18"><span class='ocrx_word' id='word_1_78' title='bbox 237 1138 335 1199; x_wconf 82' lang='lat' dir='ltr'><strong>opera</strong></span> <span class='ocrx_word' id='word_1_79' title='bbox 355 1121 494 1184; x_wconf 89' lang='lat' dir='ltr'><strong>devictus</strong></span> <span class='ocrx_word' id='word_1_80' title='bbox 508 1122 634 1183; x_wconf 84' lang='lat' dir='ltr'><strong>Ziboeta</strong></span> <span class='ocrx_word' id='word_1_81' title='bbox 652 1126 714 1202; x_wconf 81' lang='lat' dir='ltr'><strong>cst,</strong></span> <span class='ocrx_word' id='word_1_82' title='bbox 734 1120 940 1200; x_wconf 77' lang='lat' dir='ltr'><strong>Bithyniaque</strong></span> <span class='ocrx_word' id='word_1_83' title='bbox 954 1122 1054 1183; x_wconf 88' lang='lat' dir='ltr'><strong>omnis</strong></span> <span class='ocrx_word' id='word_1_84' title='bbox 1069 1122 1101 1181; x_wconf 91' lang='lat' dir='ltr'><strong>in</strong></span> <span class='ocrx_word' id='word_1_85' title='bbox 1118 1121 1218 1184; x_wconf 87' lang='lat' dir='ltr'><strong>dicio·</strong></span> 
     </span>
     <span class='ocr_line' id='line_1_12' title="bbox 237 1204 1217 1284; baseline -0.001 -16"><span class='ocrx_word' id='word_1_86' title='bbox 237 1222 307 1268; x_wconf 90' lang='lat' dir='ltr'><strong>nem</strong></span> <span class='ocrx_word' id='word_1_87' title='bbox 321 1206 497 1267; x_wconf 87' lang='lat' dir='ltr'><strong>Nicomedis</strong></span> <span class='ocrx_word' id='word_1_88' title='bbox 512 1206 675 1266; x_wconf 88' lang='lat' dir='ltr'><strong>concessit.</strong></span> <span class='ocrx_word' id='word_1_89' title='bbox 708 1204 836 1282; x_wconf 84' lang='lat' dir='ltr'><strong>proiecti</strong></span> <span class='ocrx_word' id='word_1_90' title='bbox 851 1221 891 1265; x_wconf 85' lang='lat' dir='ltr'><strong>ex</strong></span> <span class='ocrx_word' id='word_1_91' title='bbox 904 1204 1049 1284; x_wconf 80' lang='lat' dir='ltr'><strong>Bithynia</strong></span> <span class='ocrx_word' id='word_1_92' title='bbox 1061 1206 1093 1266; x_wconf 90' lang='lat' dir='ltr'><strong>in</strong></span> <span class='ocrx_word' id='word_1_93' title='bbox 1107 1206 1217 1267; x_wconf 79' lang='lat' dir='ltr'><strong>Asiam</strong></span> 
     </span>
     <span class='ocr_line' id='line_1_13' title="bbox 239 1287 1261 1367; baseline 0.002 -17"><span class='ocrx_word' id='word_1_94' title='bbox 239 1297 467 1367; x_wconf 84' lang='lat' dir='ltr'><strong>processerunt</strong></span> <span class='ocrx_word' id='word_1_95' title='bbox 487 1304 550 1349; x_wconf 89' lang='lat' dir='ltr'><strong>nen</strong></span> <span class='ocrx_word' id='word_1_96' title='bbox 564 1291 635 1367; x_wconf 79' lang='lat' dir='ltr'><strong>plus</strong></span> <span class='ocrx_word' id='word_1_97' title='bbox 649 1304 691 1348; x_wconf 88' lang='lat' dir='ltr'><strong>ex</strong></span> <span class='ocrx_word' id='word_1_98' title='bbox 705 1287 808 1364; x_wconf 84' lang='lat' dir='ltr'><strong>viginti</strong></span> <span class='ocrx_word' id='word_1_99' title='bbox 822 1287 944 1349; x_wconf 87' lang='lat' dir='ltr'><strong>milibus</strong></span> <span class='ocrx_word' id='word_1_100' title='bbox 955 1288 1110 1351; x_wconf 90' lang='lat' dir='ltr'><strong>hominum</strong></span> <span class='ocrx_word' id='word_1_101' title='bbox 1121 1306 1216 1365; x_wconf 89' lang='lat' dir='ltr'><strong>quam</strong></span> <span class='ocrx_word' id='word_1_102' title='bbox 1257 1355 1261 1362; x_wconf 72' lang='grc'><strong>,</strong></span> 
     </span>
     <span class='ocr_line' id='line_1_14' title="bbox 204 1371 1217 1449; baseline 0.001 -15"><span class='ocrx_word' id='word_1_103' title='bbox 204 1401 207 1408; x_wconf 52' lang='lat'><strong><em>⁴</em></strong></span> <span class='ocrx_word' id='word_1_104' title='bbox 238 1374 344 1435; x_wconf 85' lang='lat' dir='ltr'><strong>decem</strong></span> <span class='ocrx_word' id='word_1_105' title='bbox 358 1380 474 1433; x_wconf 84' lang='lat' dir='ltr'><strong>armata</strong></span> <span class='ocrx_word' id='word_1_106' title='bbox 489 1381 583 1433; x_wconf 85' lang='lat' dir='ltr'><strong>erant</strong></span> <span class='ocrx_word' id='word_1_107' title='bbox 606 1380 708 1433; x_wconf 85' lang='lat' dir='ltr'><strong>tamen</strong></span> <span class='ocrx_word' id='word_1_108' title='bbox 719 1379 832 1433; x_wconf 90' lang='lat' dir='ltr'><strong>tantum</strong></span> <span class='ocrx_word' id='word_1_109' title='bbox 844 1371 968 1435; x_wconf 87' lang='lat' dir='ltr'><strong>terroris</strong></span> <span class='ocrx_word' id='word_1_110' title='bbox 980 1372 1122 1434; x_wconf 91' lang='lat' dir='ltr'><strong>omnibus</strong></span> <span class='ocrx_word' id='word_1_111' title='bbox 1134 1390 1217 1449; x_wconf 87' lang='lat' dir='ltr'><strong>quae</strong></span> 
     </span>
     <span class='ocr_line' id='line_1_15' title="bbox 237 1453 1244 1534; baseline 0.003 -17"><span class='ocrx_word' id='word_1_112' title='bbox 237 1457 282 1518; x_wconf 89' lang='lat' dir='ltr'><strong>cis</strong></span> <span class='ocrx_word' id='word_1_113' title='bbox 295 1459 428 1518; x_wconf 83' lang='lat' dir='ltr'><strong>Taurum</strong></span> <span class='ocrx_word' id='word_1_114' title='bbox 442 1456 579 1516; x_wconf 84' lang='lat' dir='ltr'><strong>inaniunt</strong></span> <span class='ocrx_word' id='word_1_115' title='bbox 593 1456 734 1532; x_wconf 87' lang='lat' dir='ltr'><strong>gentibus</strong></span> <span class='ocrx_word' id='word_1_116' title='bbox 749 1457 924 1530; x_wconf 87' lang='lat' dir='ltr'><strong>iniecerunt,</strong></span> <span class='ocrx_word' id='word_1_117' title='bbox 938 1455 975 1518; x_wconf 78' lang='lat' dir='ltr'><strong>ut‘</strong></span> <span class='ocrx_word' id='word_1_118' title='bbox 986 1473 1064 1534; x_wconf 88' lang='lat' dir='ltr'><strong>quas</strong></span> <span class='ocrx_word' id='word_1_119' title='bbox 1077 1456 1216 1521; x_wconf 85' lang='lat' dir='ltr'><strong>adissent</strong></span> <span class='ocrx_word' id='word_1_120' title='bbox 1241 1453 1244 1458; x_wconf 72' lang='grc'><em>’</em></span> 
     </span>
     <span class='ocr_line' id='line_1_16' title="bbox 239 1538 1213 1620; baseline 0 -17"><span class='ocrx_word' id='word_1_121' title='bbox 239 1555 379 1617; x_wconf 86' lang='lat' dir='ltr'><strong>quasque</strong></span> <span class='ocrx_word' id='word_1_122' title='bbox 390 1556 451 1620; x_wconf 85' lang='lat' dir='ltr'><strong>non</strong></span> <span class='ocrx_word' id='word_1_123' title='bbox 464 1539 608 1614; x_wconf 85' lang='lat' dir='ltr'><strong>adissent,</strong></span> <span class='ocrx_word' id='word_1_124' title='bbox 625 1538 738 1614; x_wconf 88' lang='lat' dir='ltr'><strong>pariter</strong></span> <span class='ocrx_word' id='word_1_125' title='bbox 748 1540 871 1601; x_wconf 85' lang='lat' dir='ltr'><strong>ultimae</strong></span> <span class='ocrx_word' id='word_1_126' title='bbox 881 1540 1073 1617; x_wconf 86' lang='lat' dir='ltr'><strong>propinquis,</strong></span> <span class='ocrx_word' id='word_1_127' title='bbox 1085 1542 1213 1617; x_wconf 86' lang='lat' dir='ltr'><strong>imperio</strong></span> 
     </span>
     <span class='ocr_line' id='line_1_17' title="bbox 239 1624 1215 1701; baseline 0.001 -15"><span class='ocrx_word' id='word_1_128' title='bbox 239 1633 388 1700; x_wconf 89' lang='lat' dir='ltr'><strong>parerent.</strong></span> <span class='ocrx_word' id='word_1_129' title='bbox 421 1632 576 1700; x_wconf 91' lang='lat' dir='ltr'><strong>postremo</strong></span> <span class='ocrx_word' id='word_1_130' title='bbox 593 1638 662 1697; x_wconf 86' lang='lat' dir='ltr'><strong>curn</strong></span> <span class='ocrx_word' id='word_1_131' title='bbox 676 1630 739 1685; x_wconf 94' lang='lat' dir='ltr'><strong>tres</strong></span> <span class='ocrx_word' id='word_1_132' title='bbox 754 1633 860 1685; x_wconf 85' lang='lat' dir='ltr'><strong>essent</strong></span> <span class='ocrx_word' id='word_1_133' title='bbox 872 1633 997 1700; x_wconf 85' lang='lat' dir='ltr'><strong>gentes,</strong></span> <span class='ocrx_word' id='word_1_134' title='bbox 1014 1624 1215 1701; x_wconf 84' lang='lat' dir='ltr'><strong>Tolistobogii</strong></span> 
     </span>
     <span class='ocr_line' id='line_1_18' title="bbox 237 1706 1217 1785; baseline -0.003 -15"><span class='ocrx_word' id='word_1_135' title='bbox 237 1710 358 1771; x_wconf 84' lang='lat' dir='ltr'><strong>Trocmi</strong></span> <span class='ocrx_word' id='word_1_136' title='bbox 370 1710 575 1784; x_wconf 83' lang='lat' dir='ltr'><strong>Tectosages,</strong></span> <span class='ocrx_word' id='word_1_137' title='bbox 594 1706 624 1766; x_wconf 91' lang='lat' dir='ltr'><strong>in</strong></span> <span class='ocrx_word' id='word_1_138' title='bbox 639 1707 693 1767; x_wconf 87' lang='lat' dir='ltr'><strong>tris</strong></span> <span class='ocrx_word' id='word_1_139' title='bbox 703 1708 814 1783; x_wconf 90' lang='lat' dir='ltr'><strong>partis,</strong></span> <span class='ocrx_word' id='word_1_140' title='bbox 830 1724 892 1783; x_wconf 90' lang='lat' dir='ltr'><strong>qua</strong></span> <span class='ocrx_word' id='word_1_141' title='bbox 906 1709 1016 1783; x_wconf 90' lang='lat' dir='ltr'><strong>cuique</strong></span> <span class='ocrx_word' id='word_1_142' title='bbox 1031 1710 1217 1785; x_wconf 87' lang='lat' dir='ltr'><strong>populorum</strong></span> 
     </span>
     <span class='ocr_line' id='line_1_19' title="bbox 237 1789 1215 1868; baseline -0.001 -15"><span class='ocrx_word' id='word_1_143' title='bbox 237 1808 363 1854; x_wconf 92' lang='lat' dir='ltr'><strong>suorum</strong></span> <span class='ocrx_word' id='word_1_144' title='bbox 379 1792 535 1868; x_wconf 85' lang='lat' dir='ltr'><strong>vectigalis</strong></span> <span class='ocrx_word' id='word_1_145' title='bbox 550 1790 625 1851; x_wconf 87' lang='lat' dir='ltr'><strong>Asia</strong></span> <span class='ocrx_word' id='word_1_146' title='bbox 639 1799 733 1862; x_wconf 77' lang='lat' dir='ltr'><strong>esset,</strong></span> <span class='ocrx_word' id='word_1_147' title='bbox 750 1790 928 1853; x_wconf 85' lang='lat' dir='ltr'><strong>diviserunt.</strong></span> <span class='ocrx_word' id='word_1_148' title='bbox 949 1789 1085 1855; x_wconf 76' lang='lat' dir='ltr'><strong>&#39;Irocmis</strong></span> <span class='ocrx_word' id='word_1_149' title='bbox 1096 1792 1215 1853; x_wconf 88' lang='lat' dir='ltr'><strong>Helles·</strong></span> 
     </span>
     <span class='ocr_line' id='line_1_20' title="bbox 237 1874 1217 1952; baseline -0.001 -15"><span class='ocrx_word' id='word_1_150' title='bbox 237 1875 324 1952; x_wconf 85' lang='lat' dir='ltr'><strong>ponti</strong></span> <span class='ocrx_word' id='word_1_151' title='bbox 345 1892 400 1937; x_wconf 92' lang='lat' dir='ltr'><strong>ora</strong></span> <span class='ocrx_word' id='word_1_152' title='bbox 419 1876 506 1946; x_wconf 72' lang='lat' dir='ltr'><strong>data,</strong></span> <span class='ocrx_word' id='word_1_153' title='bbox 527 1875 728 1951; x_wconf 85' lang='lat' dir='ltr'><strong>Tolistobogii</strong></span> <span class='ocrx_word' id='word_1_154' title='bbox 745 1875 874 1937; x_wconf 83' lang='lat' dir='ltr'><strong>Aeolida</strong></span> <span class='ocrx_word' id='word_1_155' title='bbox 894 1882 986 1952; x_wconf 90' lang='lat' dir='ltr'><strong>atque</strong></span> <span class='ocrx_word' id='word_1_156' title='bbox 1007 1874 1139 1950; x_wconf 88' lang='lat' dir='ltr'><strong>leniam,</strong></span> <span class='ocrx_word' id='word_1_157' title='bbox 1159 1878 1217 1937; x_wconf 87' lang='lat' dir='ltr'><strong>Te·</strong></span> 
     </span>
     <span class='ocr_line' id='line_1_21' title="bbox 237 1959 1217 2037; baseline 0.002 -18"><span class='ocrx_word' id='word_1_158' title='bbox 237 1966 382 2035; x_wconf 82' lang='lat' dir='ltr'><strong>ctosages</strong></span> <span class='ocrx_word' id='word_1_159' title='bbox 402 1959 623 2022; x_wconf 87' lang='lat' dir='ltr'><strong>mediterranea</strong></span> <span class='ocrx_word' id='word_1_160' title='bbox 637 1960 731 2021; x_wconf 87' lang='lat' dir='ltr'><strong>Asiae</strong></span> <span class='ocrx_word' id='word_1_161' title='bbox 750 1959 846 2023; x_wconf 90' lang='lat' dir='ltr'><strong>sortiti</strong></span> <span class='ocrx_word' id='word_1_162' title='bbox 867 1968 945 2022; x_wconf 89' lang='lat' dir='ltr'><strong>sunt</strong></span> <span class='ocrx_word' id='word_1_163' title='bbox 983 1968 1013 2022; x_wconf 87' lang='lat' dir='ltr'><strong>et</strong></span> <span class='ocrx_word' id='word_1_164' title='bbox 1030 1959 1217 2037; x_wconf 88' lang='lat' dir='ltr'><strong>stipendium</strong></span> 
     </span>
     <span class='ocr_line' id='line_1_22' title="bbox 236 2042 1293 2121; baseline 0.004 -19"><span class='ocrx_word' id='word_1_165' title='bbox 236 2049 301 2104; x_wconf 89' lang='lat' dir='ltr'><strong>tota</strong></span> <span class='ocrx_word' id='word_1_166' title='bbox 322 2043 367 2103; x_wconf 89' lang='lat' dir='ltr'><strong>cis</strong></span> <span class='ocrx_word' id='word_1_167' title='bbox 386 2045 518 2105; x_wconf 83' lang='lat' dir='ltr'><strong>Taunrm</strong></span> <span class='ocrx_word' id='word_1_168' title='bbox 531 2042 610 2104; x_wconf 80' lang='lat' dir='ltr'><strong>Asia</strong></span> <span class='ocrx_word' id='word_1_169' title='bbox 626 2044 807 2119; x_wconf 78' lang='lat' dir='ltr'><strong>exigebant,</strong></span> <span class='ocrx_word' id='word_1_170' title='bbox 828 2044 935 2121; x_wconf 85' lang='lat' dir='ltr'><strong>sedem</strong></span> <span class='ocrx_word' id='word_1_171' title='bbox 954 2051 1056 2105; x_wconf 88' lang='lat' dir='ltr'><strong>autem</strong></span> <span class='ocrx_word' id='word_1_172' title='bbox 1075 2045 1136 2120; x_wconf 85' lang='lat' dir='ltr'><strong>ipsi</strong></span> <span class='ocrx_word' id='word_1_173' title='bbox 1158 2045 1217 2106; x_wconf 88' lang='lat' dir='ltr'><strong>sihi</strong></span> <span class='ocrx_word' id='word_1_174' title='bbox 1290 2052 1293 2057; x_wconf 84' lang='lat'>&#39;</span> 
     </span>
     <span class='ocr_line' id='line_1_23' title="bbox 237 2125 1216 2209; baseline 0.003 -22"><span class='ocrx_word' id='word_1_175' title='bbox 237 2125 320 2188; x_wconf 90' lang='lat' dir='ltr'><strong>circa</strong></span> <span class='ocrx_word' id='word_1_176' title='bbox 328 2126 428 2206; x_wconf 77' lang='lat' dir='ltr'><strong>Halyn</strong></span> <span class='ocrx_word' id='word_1_177' title='bbox 444 2126 557 2189; x_wconf 88' lang='lat' dir='ltr'><strong>flumen</strong></span> <span class='ocrx_word' id='word_1_178' title='bbox 574 2135 732 2205; x_wconf 89' lang='lat' dir='ltr'><strong>ceperunt</strong></span> <span class='ocrx_word' id='word_1_179' title='bbox 752 2135 917 2204; x_wconf 88' lang='lat' dir='ltr'><strong>tantusque</strong></span> <span class='ocrx_word' id='word_1_180' title='bbox 932 2137 1028 2209; x_wconf 84' lang='lat' dir='ltr'><strong>terror</strong></span> <span class='ocrx_word' id='word_1_181' title='bbox 1042 2144 1151 2189; x_wconf 90' lang='lat' dir='ltr'><strong>eorum</strong></span> <span class='ocrx_word' id='word_1_182' title='bbox 1162 2145 1216 2190; x_wconf 92' lang='lat' dir='ltr'><strong>no-</strong></span> 
     </span>
     <span class='ocr_line' id='line_1_24' title="bbox 237 2211 1216 2295; baseline 0.003 -24"><span class='ocrx_word' id='word_1_183' title='bbox 237 2211 326 2295; x_wconf 88' lang='lat' dir='ltr'><strong>minis</strong></span> <span class='ocrx_word' id='word_1_184' title='bbox 341 2217 420 2284; x_wconf 92' lang='lat' dir='ltr'><strong>erat,</strong></span> <span class='ocrx_word' id='word_1_185' title='bbox 436 2211 625 2272; x_wconf 89' lang='lat' dir='ltr'><strong>multitudine</strong></span> <span class='ocrx_word' id='word_1_186' title='bbox 639 2213 730 2274; x_wconf 88' lang='lat' dir='ltr'><strong>ctiam</strong></span> <span class='ocrx_word' id='word_1_187' title='bbox 744 2228 854 2288; x_wconf 83' lang='lat' dir='ltr'><strong>magna</strong></span> <span class='ocrx_word' id='word_1_188' title='bbox 867 2212 978 2273; x_wconf 91' lang='lat' dir='ltr'><strong>subole</strong></span> <span class='ocrx_word' id='word_1_189' title='bbox 993 2219 1093 2286; x_wconf 88' lang='lat' dir='ltr'><strong>aucta,</strong></span> <span class='ocrx_word' id='word_1_190' title='bbox 1109 2220 1144 2274; x_wconf 92' lang='lat' dir='ltr'><strong>ut</strong></span> <span class='ocrx_word' id='word_1_191' title='bbox 1159 2211 1216 2291; x_wconf 79' lang='lat' dir='ltr'><strong>Sy·</strong></span> 
     </span>
     <span class='ocr_line' id='line_1_25' title="bbox 237 2295 1217 2372; baseline 0 -17"><span class='ocrx_word' id='word_1_192' title='bbox 237 2296 300 2356; x_wconf 84' lang='lat' dir='ltr'><strong>riae</strong></span> <span class='ocrx_word' id='word_1_193' title='bbox 325 2310 452 2372; x_wconf 89' lang='lat' dir='ltr'><strong>quoque</strong></span> <span class='ocrx_word' id='word_1_194' title='bbox 471 2296 510 2356; x_wconf 89' lang='lat' dir='ltr'><strong>ad</strong></span> <span class='ocrx_word' id='word_1_195' title='bbox 533 2302 722 2371; x_wconf 89' lang='lat' dir='ltr'><strong>postremum</strong></span> <span class='ocrx_word' id='word_1_196' title='bbox 741 2311 831 2372; x_wconf 88' lang='lat' dir='ltr'><strong>reges</strong></span> <span class='ocrx_word' id='word_1_197' title='bbox 850 2295 1036 2372; x_wconf 88' lang='lat' dir='ltr'><strong>stipendium</strong></span> <span class='ocrx_word' id='word_1_198' title='bbox 1057 2297 1133 2358; x_wconf 89' lang='lat' dir='ltr'><strong>dare</strong></span> <span class='ocrx_word' id='word_1_199' title='bbox 1155 2313 1217 2359; x_wconf 93' lang='lat' dir='ltr'><strong>non</strong></span> 
     </span>
     <span class='ocr_line' id='line_1_26' title="bbox 238 2377 1216 2455; baseline 0.001 -16"><span class='ocrx_word' id='word_1_200' title='bbox 238 2379 415 2441; x_wconf 85' lang='lat' dir='ltr'><strong>abnuerent.</strong></span> <span class='ocrx_word' id='word_1_201' title='bbox 452 2377 701 2454; x_wconf 78' lang='lat' dir='ltr'><strong>primusnsiam</strong></span> <span class='ocrx_word' id='word_1_202' title='bbox 728 2378 924 2447; x_wconf 88' lang='lat' dir='ltr'><strong>incolentium</strong></span> <span class='ocrx_word' id='word_1_203' title='bbox 952 2381 1057 2442; x_wconf 90' lang='lat' dir='ltr'><strong>abnuit</strong></span> <span class='ocrx_word' id='word_1_204' title='bbox 1082 2382 1216 2455; x_wconf 87' lang='lat' dir='ltr'><strong>Attalus,</strong></span> 
     </span>
     <span class='ocr_line' id='line_1_27' title="bbox 238 2461 1216 2541; baseline 0.001 -18"><span class='ocrx_word' id='word_1_205' title='bbox 238 2469 325 2537; x_wconf 88' lang='lat' dir='ltr'><strong>pater</strong></span> <span class='ocrx_word' id='word_1_206' title='bbox 344 2463 426 2537; x_wconf 86' lang='lat' dir='ltr'><strong>regis</strong></span> <span class='ocrx_word' id='word_1_207' title='bbox 443 2461 604 2533; x_wconf 85' lang='lat' dir='ltr'><strong>Bumenis;</strong></span> <span class='ocrx_word' id='word_1_208' title='bbox 628 2463 801 2538; x_wconf 86' lang='lat' dir='ltr'><strong>audacique</strong></span> <span class='ocrx_word' id='word_1_209' title='bbox 821 2464 943 2540; x_wconf 83' lang='lat' dir='ltr'><strong>incepto</strong></span> <span class='ocrx_word' id='word_1_210' title='bbox 958 2471 1081 2541; x_wconf 89' lang='lat' dir='ltr'><strong>praeter</strong></span> <span class='ocrx_word' id='word_1_211' title='bbox 1095 2465 1216 2540; x_wconf 78' lang='lat' dir='ltr'><strong>opinio</strong></span> 
     </span>
     <span class='ocr_line' id='line_1_28' title="bbox 237 2545 1217 2625; baseline 0.001 -20"><span class='ocrx_word' id='word_1_212' title='bbox 237 2548 307 2605; x_wconf 80' lang='lat' dir='ltr'><strong>nem</strong></span> <span class='ocrx_word' id='word_1_213' title='bbox 328 2545 462 2606; x_wconf 91' lang='lat' dir='ltr'><strong>omnium</strong></span> <span class='ocrx_word' id='word_1_214' title='bbox 483 2546 581 2607; x_wconf 88' lang='lat' dir='ltr'><strong>adluit</strong></span> <span class='ocrx_word' id='word_1_215' title='bbox 600 2547 736 2621; x_wconf 76' lang='lat' dir='ltr'><strong>senuna,</strong></span> <span class='ocrx_word' id='word_1_216' title='bbox 762 2553 792 2606; x_wconf 90' lang='lat' dir='ltr'><strong>et</strong></span> <span class='ocrx_word' id='word_1_217' title='bbox 813 2547 910 2625; x_wconf 89' lang='lat' dir='ltr'><strong>signis</strong></span> <span class='ocrx_word' id='word_1_218' title='bbox 932 2549 1050 2610; x_wconf 80' lang='lat' dir='ltr'><strong>collatis</strong></span> <span class='ocrx_word' id='word_1_219' title='bbox 1072 2548 1217 2623; x_wconf 87' lang='lat' dir='ltr'><strong>superior</strong></span> 
     </span>
     <span class='ocr_line' id='line_1_29' title="bbox 238 2627 1218 2705; baseline 0 -16"><span class='ocrx_word' id='word_1_220' title='bbox 238 2627 300 2689; x_wconf 86' lang='lat' dir='ltr'><strong>luit.</strong></span> <span class='ocrx_word' id='word_1_221' title='bbox 323 2641 385 2687; x_wconf 94' lang='lat' dir='ltr'><strong>non</strong></span> <span class='ocrx_word' id='word_1_222' title='bbox 399 2634 499 2687; x_wconf 89' lang='lat' dir='ltr'><strong>tamen</strong></span> <span class='ocrx_word' id='word_1_223' title='bbox 515 2628 557 2689; x_wconf 89' lang='lat' dir='ltr'><strong>ita</strong></span> <span class='ocrx_word' id='word_1_224' title='bbox 570 2628 693 2705; x_wconf 71' lang='lat' dir='ltr'><strong>infregit</strong></span> <span class='ocrx_word' id='word_1_225' title='bbox 706 2630 825 2693; x_wconf 85' lang='lat' dir='ltr'><strong>animos</strong></span> <span class='ocrx_word' id='word_1_226' title='bbox 839 2647 960 2705; x_wconf 89' lang='lat' dir='ltr'><strong>eorum,</strong></span> <span class='ocrx_word' id='word_1_227' title='bbox 972 2638 1017 2693; x_wconf 87' lang='lat' dir='ltr'><strong>ut</strong></span> <span class='ocrx_word' id='word_1_228' title='bbox 1030 2630 1218 2693; x_wconf 91' lang='lat' dir='ltr'><strong>absisterent</strong></span> 
     </span>
    </p>
   </div>
   <div class='ocr_carea' id='block_1_4' title="bbox 129 2705 1230 2876">
    <p class='ocr_par' dir='ltr' id='par_1_4' title="bbox 129 2705 1230 2876">
     <span class='ocr_line' id='line_1_30' title="bbox 129 2705 1216 2790; baseline 0.002 -18"><span class='ocrx_word' id='word_1_229' title='bbox 129 2739 134 2747; x_wconf 89' lang='lat'><strong>·</strong></span> <span class='ocrx_word' id='word_1_230' title='bbox 236 2708 375 2786; x_wconf 85' lang='lat' dir='ltr'><strong>imperio.</strong></span> <span class='ocrx_word' id='word_1_231' title='bbox 411 2705 639 2789; x_wconf 77' lang='lat' dir='ltr'><strong>eaedem&#39;opcs</strong></span> <span class='ocrx_word' id='word_1_232' title='bbox 664 2716 823 2790; x_wconf 85' lang='lat' dir='ltr'><strong>usquead</strong></span> <span class='ocrx_word' id='word_1_233' title='bbox 847 2716 962 2777; x_wconf 90' lang='lat' dir='ltr'><strong>bellum</strong></span> <span class='ocrx_word' id='word_1_234' title='bbox 981 2714 1216 2778; x_wconf 86' lang='lat' dir='ltr'><strong>Antiochinum</strong></span> 
     </span>
     <span class='ocr_line' id='line_1_31' title="bbox 136 2795 1230 2876; baseline 0.002 -19"><span class='ocrx_word' id='word_1_235' title='bbox 136 2816 138 2821; x_wconf 56' lang='lat'><strong><em>¹</em></strong></span> <span class='ocrx_word' id='word_1_236' title='bbox 235 2795 381 2857; x_wconf 91' lang='lat' dir='ltr'><strong>Romanis</strong></span> <span class='ocrx_word' id='word_1_237' title='bbox 402 2803 589 2857; x_wconf 91' lang='lat' dir='ltr'><strong>manserunt.</strong></span> <span class='ocrx_word' id='word_1_238' title='bbox 620 2804 682 2875; x_wconf 84' lang='lat' dir='ltr'><strong>turn</strong></span> <span class='ocrx_word' id='word_1_239' title='bbox 698 2815 837 2875; x_wconf 90' lang='lat' dir='ltr'><strong>quoque,</strong></span> <span class='ocrx_word' id='word_1_240' title='bbox 860 2800 949 2876; x_wconf 88' lang='lat' dir='ltr'><strong>pulso</strong></span> <span class='ocrx_word' id='word_1_241' title='bbox 963 2798 1134 2875; x_wconf 81' lang='lat' dir='ltr'><strong>Antiocho,</strong></span> <span class='ocrx_word' id='word_1_242' title='bbox 1155 2816 1230 2859; x_wconf 88' lang='lat' dir='ltr'><strong>ma·-</strong></span> 
     </span>
    </p>
   </div>
   <div class='ocr_carea' id='block_1_5' title="bbox 157 2880 1254 3546">
    <p class='ocr_par' dir='ltr' id='par_1_5' title="bbox 235 2880 1216 3043">
     <span class='ocr_line' id='line_1_32' title="bbox 235 2880 1216 2959; baseline 0.003 -20"><span class='ocrx_word' id='word_1_243' title='bbox 235 2895 326 2955; x_wconf 88' lang='lat' dir='ltr'><strong>gnam</strong></span> <span class='ocrx_word' id='word_1_244' title='bbox 340 2895 428 2956; x_wconf 90' lang='lat' dir='ltr'><strong>spem</strong></span> <span class='ocrx_word' id='word_1_245' title='bbox 442 2880 628 2957; x_wconf 90' lang='lat' dir='ltr'><strong>habuerunt,</strong></span> <span class='ocrx_word' id='word_1_246' title='bbox 650 2884 722 2957; x_wconf 90' lang='lat' dir='ltr'><strong>quia</strong></span> <span class='ocrx_word' id='word_1_247' title='bbox 737 2885 847 2959; x_wconf 89' lang='lat' dir='ltr'><strong>procul</strong></span> <span class='ocrx_word' id='word_1_248' title='bbox 861 2885 936 2944; x_wconf 89' lang='lat' dir='ltr'><strong>mari</strong></span> <span class='ocrx_word' id='word_1_249' title='bbox 949 2884 1135 2957; x_wconf 84' lang='lat' dir='ltr'><strong>incolerent,</strong></span> <span class='ocrx_word' id='word_1_250' title='bbox 1156 2883 1216 2943; x_wconf 86' lang='lat' dir='ltr'><strong>Bo-</strong></span> 
     </span>
     <span class='ocr_line' id='line_1_33' title="bbox 235 2963 1063 3043; baseline 0.012 -21"><span class='ocrx_word' id='word_1_251' title='bbox 235 2979 357 3024; x_wconf 89' lang='lat' dir='ltr'><strong>manum</strong></span> <span class='ocrx_word' id='word_1_252' title='bbox 371 2963 537 3026; x_wconf 88' lang='lat' dir='ltr'><strong>exercitum</strong></span> <span class='ocrx_word' id='word_1_253' title='bbox 552 2966 591 3026; x_wconf 89' lang='lat' dir='ltr'><strong>ed</strong></span> <span class='ocrx_word' id='word_1_254' title='bbox 607 2982 642 3027; x_wconf 92' lang='lat' dir='ltr'><strong>se</strong></span> <span class='ocrx_word' id='word_1_255' title='bbox 658 2983 718 3030; x_wconf 88' lang='lat' dir='ltr'><strong>non</strong></span> <span class='ocrx_word' id='word_1_256' title='bbox 735 2975 961 3043; x_wconf 85' lang='lat' dir='ltr'><strong>perventurum</strong></span> <span class='ocrx_word' id='word_1_257' title='bbox 1014 2982 1017 2989; x_wconf 85' lang='lat'>·</span> <span class='ocrx_word' id='word_1_258' title='bbox 1060 2974 1063 2981; x_wconf 87' lang='lat'>&#39;</span> 
     </span>
    </p>

    <p class='ocr_par' dir='ltr' id='par_1_6' title="bbox 157 3047 1254 3546">
     <span class='ocr_line' id='line_1_34' title="bbox 318 3047 1238 3131; baseline 0.002 -22"><span class='ocrx_word' id='word_1_259' title='bbox 318 3047 411 3109; x_wconf 85' lang='lat' dir='ltr'><strong>XVII.</strong></span> <span class='ocrx_word' id='word_1_260' title='bbox 434 3047 507 3109; x_wconf 85' lang='lat' dir='ltr'><strong>Cum</strong></span> <span class='ocrx_word' id='word_1_261' title='bbox 521 3049 581 3110; x_wconf 90' lang='lat' dir='ltr'><strong>hoc</strong></span> <span class='ocrx_word' id='word_1_262' title='bbox 595 3049 655 3110; x_wconf 90' lang='lat' dir='ltr'><strong>iam</strong></span> <span class='ocrx_word' id='word_1_263' title='bbox 670 3051 774 3121; x_wconf 90' lang='lat' dir='ltr'><strong>hoste,</strong></span> <span class='ocrx_word' id='word_1_264' title='bbox 796 3059 857 3112; x_wconf 87' lang='lat' dir='ltr'><strong>tam</strong></span> <span class='ocrx_word' id='word_1_265' title='bbox 871 3052 995 3113; x_wconf 87' lang='lat' dir='ltr'><strong>terribili</strong></span> <span class='ocrx_word' id='word_1_266' title='bbox 1010 3052 1156 3113; x_wconf 89' lang='lat' dir='ltr'><strong>omnibus</strong></span> <span class='ocrx_word' id='word_1_267' title='bbox 1170 3067 1216 3111; x_wconf 91' lang='lat' dir='ltr'><strong>re·</strong></span> <span class='ocrx_word' id='word_1_268' title='bbox 1237 3128 1238 3131; x_wconf 8' lang='grc' dir='ltr'><strong>Ἴ</strong></span> 
     </span>
     <span class='ocr_line' id='line_1_35' title="bbox 157 3130 1216 3217; baseline 0.003 -26"><span class='ocrx_word' id='word_1_269' title='bbox 157 3191 161 3199; x_wconf 83' lang='grc'><em>,</em></span> <span class='ocrx_word' id='word_1_270' title='bbox 233 3130 333 3205; x_wconf 88' lang='lat' dir='ltr'><strong>gionis</strong></span> <span class='ocrx_word' id='word_1_271' title='bbox 349 3132 426 3203; x_wconf 87' lang='lat' dir='ltr'><strong>eius,</strong></span> <span class='ocrx_word' id='word_1_272' title='bbox 443 3133 515 3208; x_wconf 91' lang='lat' dir='ltr'><strong>quia</strong></span> <span class='ocrx_word' id='word_1_273' title='bbox 528 3132 641 3194; x_wconf 92' lang='lat' dir='ltr'><strong>bellum</strong></span> <span class='ocrx_word' id='word_1_274' title='bbox 655 3136 825 3209; x_wconf 87' lang='lat' dir='ltr'><strong>gerendum</strong></span> <span class='ocrx_word' id='word_1_275' title='bbox 838 3143 911 3210; x_wconf 85' lang='lat' dir='ltr'><strong>erat,</strong></span> <span class='ocrx_word' id='word_1_276' title='bbox 928 3153 985 3212; x_wconf 90' lang='lat' dir='ltr'><strong>pro</strong></span> <span class='ocrx_word' id='word_1_277' title='bbox 1001 3135 1216 3217; x_wconf 81' lang='lat' dir='ltr'><strong>contionemi·</strong></span> 
     </span>
     <span class='ocr_line' id='line_1_36' title="bbox 233 3213 1254 3299; baseline 0.003 -25"><span class='ocrx_word' id='word_1_278' title='bbox 233 3213 301 3278; x_wconf 86' lang='lat' dir='ltr'><strong>lites</strong></span> <span class='ocrx_word' id='word_1_279' title='bbox 315 3214 346 3273; x_wconf 90' lang='lat' dir='ltr'><strong>in</strong></span> <span class='ocrx_word' id='word_1_280' title='bbox 360 3215 442 3276; x_wconf 92' lang='lat' dir='ltr'><strong>hunc</strong></span> <span class='ocrx_word' id='word_1_281' title='bbox 456 3216 587 3276; x_wconf 83' lang='lat' dir='ltr'><strong>maxime</strong></span> <span class='ocrx_word' id='word_1_282' title='bbox 602 3218 727 3278; x_wconf 91' lang='lat' dir='ltr'><strong>modum</strong></span> <span class='ocrx_word' id='word_1_283' title='bbox 743 3219 905 3281; x_wconf 87' lang='lat' dir='ltr'><strong>adlocutus</strong></span> <span class='ocrx_word' id='word_1_284' title='bbox 919 3226 968 3280; x_wconf 88' lang='lat' dir='ltr'><strong>est</strong></span> <span class='ocrx_word' id='word_1_285' title='bbox 981 3221 1101 3280; x_wconf 89' lang='lat' dir='ltr'><strong>consul.</strong></span> <span class='ocrx_word' id='word_1_286' title='bbox 1133 3233 1215 3299; x_wconf 85' lang='lat' dir='ltr'><strong>„non</strong></span> <span class='ocrx_word' id='word_1_287' title='bbox 1250 3284 1254 3292; x_wconf 51' lang='grc'>,</span> 
     </span>
     <span class='ocr_line' id='line_1_37' title="bbox 232 3298 1215 3379; baseline 0.007 -23"><span class='ocrx_word' id='word_1_288' title='bbox 232 3312 282 3359; x_wconf 90' lang='lat' dir='ltr'><strong>me</strong></span> <span class='ocrx_word' id='word_1_289' title='bbox 297 3299 448 3373; x_wconf 77' lang='lat' dir='ltr'><strong>praeterit</strong></span> <span class='ocrx_word' id='word_1_290' title='bbox 464 3298 582 3372; x_wconf 90' lang='lat' dir='ltr'><strong>milites,</strong></span> <span class='ocrx_word' id='word_1_291' title='bbox 599 3301 732 3362; x_wconf 88' lang='lat' dir='ltr'><strong>omnium</strong></span> <span class='ocrx_word' id='word_1_292' title='bbox 748 3319 827 3379; x_wconf 90' lang='lat' dir='ltr'><strong>quae</strong></span> <span class='ocrx_word' id='word_1_293' title='bbox 841 3301 949 3364; x_wconf 84' lang='lat' dir='ltr'><strong>Asiam</strong></span> <span class='ocrx_word' id='word_1_294' title='bbox 963 3304 1068 3364; x_wconf 90' lang='lat' dir='ltr'><strong>colunt</strong></span> <span class='ocrx_word' id='word_1_295' title='bbox 1080 3302 1215 3377; x_wconf 80' lang='lat' dir='ltr'><strong>gentium</strong></span> 
     </span>
     <span class='ocr_line' id='line_1_38' title="bbox 232 3379 1213 3462; baseline 0.004 -21"><span class='ocrx_word' id='word_1_296' title='bbox 232 3379 337 3443; x_wconf 87' lang='lat' dir='ltr'><strong>Gallos</strong></span> <span class='ocrx_word' id='word_1_297' title='bbox 357 3382 440 3442; x_wconf 81' lang='lat' dir='ltr'><strong>lama</strong></span> <span class='ocrx_word' id='word_1_298' title='bbox 458 3381 532 3443; x_wconf 88' lang='lat' dir='ltr'><strong>belli</strong></span> <span class='ocrx_word' id='word_1_299' title='bbox 550 3392 719 3458; x_wconf 85' lang='lat' dir='ltr'><strong>praestare.</strong></span> <span class='ocrx_word' id='word_1_300' title='bbox 747 3385 826 3446; x_wconf 90' lang='lat' dir='ltr'><strong>inter</strong></span> <span class='ocrx_word' id='word_1_301' title='bbox 839 3386 1031 3449; x_wconf 88' lang='lat' dir='ltr'><strong>mitissimum</strong></span> <span class='ocrx_word' id='word_1_302' title='bbox 1045 3401 1147 3462; x_wconf 87' lang='lat' dir='ltr'><strong>genus</strong></span> <span class='ocrx_word' id='word_1_303' title='bbox 1161 3385 1213 3445; x_wconf 79' lang='lat' dir='ltr'><strong>ho</strong></span> 
     </span>
     <span class='ocr_line' id='line_1_39' title="bbox 233 3464 1210 3546; baseline 0.007 -22"><span class='ocrx_word' id='word_1_304' title='bbox 233 3464 344 3527; x_wconf 90' lang='lat' dir='ltr'><strong>minum</strong></span> <span class='ocrx_word' id='word_1_305' title='bbox 358 3465 446 3528; x_wconf 84' lang='lat' dir='ltr'><strong>iero&#39;x</strong></span> <span class='ocrx_word' id='word_1_306' title='bbox 456 3465 549 3542; x_wconf 89' lang='lat' dir='ltr'><strong>natio,</strong></span> <span class='ocrx_word' id='word_1_307' title='bbox 559 3475 728 3543; x_wconf 88' lang='lat' dir='ltr'><strong>pervagata</strong></span> <span class='ocrx_word' id='word_1_308' title='bbox 734 3469 815 3530; x_wconf 86' lang='lat' dir='ltr'><strong>hello</strong></span> <span class='ocrx_word' id='word_1_309' title='bbox 827 3486 925 3546; x_wconf 87' lang='lat' dir='ltr'><strong>prope</strong></span> <span class='ocrx_word' id='word_1_310' title='bbox 938 3471 1044 3531; x_wconf 89' lang='lat' dir='ltr'><strong>orbem</strong></span> <span class='ocrx_word' id='word_1_311' title='bbox 1056 3478 1210 3540; x_wconf 79' lang='lat' dir='ltr'><strong>terrarum,</strong></span> 
     </span>
    </p>
   </div>
   <div class='ocr_carea' id='block_1_6' title="bbox 0 0 1304 4000">
    <p class='ocr_par' dir='ltr' id='par_1_7' title="bbox 0 0 1304 4000">
     <span class='ocr_line' id='line_1_40' title="bbox 0 0 1304 4000; baseline 0 1"><span class='ocrx_word' id='word_1_312' title='bbox 0 0 1304 4000; x_wconf 95' lang='lat' dir='ltr'><strong> </strong></span> 
     </span>
    </p>
   </div>
  </div>
 </body>
</html>
