2600 4000
222 252 283 321 ιιι
351 251 466 312 amaa
480 250 627 310 manvu.
650 247 734 310 car.
751 255 849 311 nan.
873 254 910 322 h·
923 253 959 306 a.
972 256 1069 322 ema]

220 414 252 467 at
266 401 333 466 urbi
347 401 502 478 praesidio
517 407 637 474 essent,
651 398 782 461 navibus
797 398 993 462 circumvecti
1005 398 1159 463 Aemilius
1172 412 1203 466 et

220 489 373 550 Eumenes
389 492 546 547 venerant,

302 571 366 631 XX.
391 568 450 629 Per
469 568 597 629 eosdem
611 568 690 629 torte
712 566 778 628 dies
792 566 915 628 Elaeam
931 583 972 628 ex
983 565 1105 629 Achaia
1119 568 1203 630 mille
1290 545 1291 616 l

219 655 341 733 pedites
356 669 425 715 cum
440 659 562 713 eentum
575 650 746 728 equitibus,
761 648 922 726 Diophane
937 650 1079 712 omnibus
1093 651 1137 713 iis
1149 668 1203 715 co·
1290 695 1291 738 ,

219 738 279 817 piis
294 735 488 813 praeposito,
503 741 717 804 accesserunt;
740 748 821 810 quos
837 749 983 809 egressos
998 733 1133 797 navibus
1147 737 1202 799 ob
1290 745 1291 800 l

220 823 300 883 viam
313 820 400 882 missi
413 819 453 880 ab
465 821 567 881 Attalo
581 826 672 879 nocte
686 818 867 894 Pergamum
886 818 1089 880 deduxerunt.
1116 829 1202 883 vete

219 905 285 967 rani
297 919 404 966 omnes
416 909 446 963 et
457 902 545 978 periti
556 902 628 963 belli
639 909 733 976 erant,
748 907 779 962 et
789 900 858 976 ipse
870 902 932 962 dux
942 901 1201 980 Philopoemenis,

219 988 329 1051 summi
348 993 410 1048 turn
431 984 566 1047 omnium
581 986 768 1046 Graecorum
787 985 998 1061 imperatoris,
1017 985 1201 1062 discipulus.
1290 1023 1291 1064 ι

221 1072 272 1149 qui
292 1072 419 1132 biduum
439 1068 529 1131 simul
549 1071 590 1130 ad
611 1068 746 1145 quietem
764 1069 920 1130 hominum
940 1086 1157 1146 equorumque
1171 1079 1202 1133 et
1290 1069 1291 1090 ¹

220 1157 258 1216 ad
273 1153 421 1215 visendas
441 1153 574 1215 hostium
589 1155 753 1228 stationes,
775 1153 887 1229 quibus
901 1154 979 1214 locis
994 1155 1200 1230 temporibus·
1290 1159 1291 1162 ’

220 1256 280 1315 que
294 1238 477 1299 accederent
490 1237 724 1318 reciperentque
739 1252 819 1311 sese,
834 1246 1042 1312 sumpserunt
1064 1240 1106 1300 ad
1120 1239 1200 1300 radi-
1290 1257 1291 1304 t

220 1339 272 1383 ces
288 1325 352 1383 lere
368 1321 469 1394 collis,
485 1321 514 1381 in
530 1337 592 1396 quo
607 1321 710 1397 posita
725 1322 798 1382 urbs
813 1328 875 1395 est,
890 1322 966 1397 regii
981 1323 1200 1384 succedebant
1290 1317 1291 1322 ’

219 1408 260 1467 ita
281 1406 378 1466 libera
397 1404 436 1464 ab
459 1413 544 1479 tergo
566 1407 726 1481 populatio
744 1413 824 1478 erat,
847 1406 930 1466 nullo
946 1405 985 1465 ab
999 1406 1091 1479 urbe,
1114 1423 1155 1468 ne
1169 1406 1199 1467 in

220 1491 366 1552 stationes
383 1487 512 1586 quidem
519 1506 570 1564 qur
563 1490 690 1565 procul
702 1489 891 1563 immoretur,
907 1498 1097 1552 excurrente
1115 1499 1199 1565 post·

220 1592 312 1651 quam
326 1575 420 1635 semel
436 1559 587 1648 com'palsi
598 1580 681 1633 meta
692 1588 727 1633 se
738 1572 899 1634 moenibus
911 1573 1110 1646 incluserunt,
1128 1591 1199 1636 eon·

220 1668 350 1736 temptas
376 1674 482 1723 eorum
503 1664 533 1718 et
556 1656 628 1717 inde
652 1657 845 1732 neglegentia
863 1659 948 1732 apud
968 1658 1072 1734 regios
1094 1660 1200 1720 oritm.

220 1762 282 1805 non
298 1749 426 1816 stratos,
448 1759 511 1802 non
526 1741 694 1802 infrenatos
709 1757 820 1816 magna
834 1757 907 1816 pars
921 1740 1075 1804 habebant
1089 1758 1200 1818 equos.

220 1828 330 1904 paucis
352 1828 392 1888 ad
414 1843 499 1887 arma
521 1832 551 1886 et
571 1826 696 1886 ordines
710 1824 823 1885 relictis
838 1825 951 1901 dilapsi
967 1827 1060 1887 ceteri
1076 1842 1200 1902 sparse-

218 1918 286 1972 rant
299 1928 334 1972 se
348 1917 412 1972 toto
428 1910 546 1985 passim
561 1925 686 1985 caupo,
701 1925 775 1984 pars
788 1910 819 1969 in
833 1909 991 1970 iuvenales
1005 1910 1094 1971 lasus
1108 1911 1199 1972 lasei-

220 1995 362 2071 viamque
376 1994 467 2068 versi,
483 2010 557 2070 pars
573 2003 734 2055 vescentes
750 1994 808 2055 sab
819 1993 936 2068 umbra,
953 1993 1077 2071 quidam
1089 2011 1200 2057 somno

219 2077 309 2140 etiarn
329 2080 423 2139 strati
460 2077 537 2138 haec
551 2078 729 2154 Diophanes
744 2094 783 2138 ex
798 2081 858 2140 alta
872 2079 948 2139 urbe
961 2079 1109 2155 Pergamo
1127 2095 1199 2142 con

218 2166 394 2240 temptatus,
416 2178 501 2223 arma
521 2179 596 2224 suos
618 2178 730 2240 capere
750 2170 781 2223 et
793 2163 833 2222 ad
854 2170 974 2237 portam
988 2171 1111 2239 praesto
1128 2178 1201 2224 esse
1290 2176 1291 2239 3

218 2249 317 2319 iabet;
338 2247 406 2324 ipse
421 2247 555 2308 Attalum
575 2247 653 2321 adit,
676 2254 706 2308 et
725 2245 756 2306 in
777 2246 878 2308 animo
893 2246 954 2308 sibi
967 2263 1038 2309 esse
1051 2246 1132 2309 dixit
1145 2247 1200 2309 ho·

219 2335 309 2395 stium
330 2330 492 2394 stationem
512 2339 671 2407 temptare.
707 2346 799 2407 aegre
819 2329 852 2391 id
871 2331 1063 2407 permittente
1083 2331 1199 2402 Attalo,

219 2417 334 2492 quippe
357 2416 409 2491 qui
430 2421 551 2476 centum
571 2414 725 2491 equitibus
741 2415 891 2476 adversus
913 2422 1094 2488 sexcentos,
1115 2414 1200 2475 mille

218 2500 372 2575 peditibus
402 2514 471 2558 curn
500 2504 644 2573 quattuor
671 2499 791 2559 milibus
821 2506 1025 2576 pugnaturum
1048 2506 1199 2570 cerneret,

218 2589 307 2657 porta
321 2595 468 2654 egressus
482 2580 565 2641 haud
579 2582 690 2657 procul
701 2582 830 2643 statione
841 2581 984 2658 hostiurn,
1000 2583 1201 2645 occasionem

218 2664 393 2741 opperiens,
409 2665 558 2725 consedit.
592 2672 622 2726 ct
636 2665 689 2739 qui
702 2665 842 2742 Pergami
857 2675 944 2729 arant
958 2665 1120 2729 amentiam
1134 2682 1200 2726 rna-

217 2747 265 2824 gis
283 2762 375 2824 quam
395 2748 554 2809 audaciam
576 2749 702 2810 credere
722 2766 808 2827 esse,
829 2758 860 2812 et
873 2752 979 2814 hostes
994 2751 1154 2827 paulisper
1168 2750 1200 2810 in

217 2848 273 2893 eos
287 2833 384 2907 versi,
399 2840 433 2894 at
446 2832 518 2893 nihil
533 2835 650 2896 moveri
664 2833 815 2911 viderunt,
830 2852 887 2896 nco
902 2836 962 2912 ipsi
977 2836 1144 2911 quicquam
1159 2850 1199 2895 ex

218 2916 308 2978 solita
327 2916 532 2994 neglegentia,
557 2919 686 2995 insuper
711 2920 801 2981 etiam
820 2920 981 2981 eludentes
1003 2918 1199 2995 paucitatem,

216 3006 378 3062 mutarunt.
404 3001 584 3079 Diophanes
606 3004 727 3080 quietos
741 3003 930 3080 aliquamdiu
944 3020 1037 3077 suos,
1060 3001 1198 3064 velutad

218 3086 426 3160 spectaculum
440 3087 533 3150 modo
546 3088 684 3163 eductos,
701 3086 863 3150 continuit:
878 3096 1045 3164 postquam
1056 3087 1200 3162 dilapsos
1290 3072 1291 3149 l

216 3167 255 3228 ab
272 3167 431 3233 ordinibus
446 3170 553 3233 hostes
567 3170 660 3245 vidit,
674 3170 845 3248 peditibus,
863 3178 1008 3248 quantam
1023 3174 1201 3233 accelerare

217 3259 360 3328 possent,
385 3252 475 3330 sequi
488 3254 598 3329 iussis,
624 3255 693 3331 ipse
719 3257 862 3331 princeps
887 3258 964 3319 inter
984 3254 1105 3331 equites
1127 3270 1201 3316 cum

217 3344 315 3397 turma
333 3353 391 3398 sua
412 3345 556 3414 quantam
574 3338 673 3414 potuit
686 3337 881 3401 effusissimis
895 3339 1040 3412 habenis,
1062 3341 1201 3399 elamore

216 3420 255 3481 ab
269 3421 350 3485 omni
365 3419 455 3482 simul
470 3419 574 3497 pedite
588 3428 681 3498 atquc
695 3422 797 3499 equite
812 3423 942 3498 sublato,
961 3423 1125 3485 stationem
1140 3420 1200 3483 ho-

216 3505 307 3566 alium
331 3504 499 3581 improviso
521 3505 645 3567 invadit.
682 3522 743 3566 non
758 3506 897 3568 homines
913 3507 1029 3580 solam,
1051 3506 1110 3566 sed
1123 3502 1200 3582 equi
