<?xml version="1.0" encoding="UTF-8"?>
<!DOCTYPE html PUBLIC "-//W3C//DTD XHTML 1.0 Transitional//EN"
    "http://www.w3.org/TR/xhtml1/DTD/xhtml1-transitional.dtd">
<html xmlns="http://www.w3.org/1999/xhtml" xml:lang="en" lang="en">
 <head>
  <title>
</title>
<meta http-equiv="Content-Type" content="text/html;charset=utf-8" />
  <meta name='ocr-system' content='tesseract 3.04.00' />
  <meta name='ocr-capabilities' content='ocr_page ocr_carea ocr_par ocr_line ocrx_word'/>
</head>
<body>
  <div class='ocr_page' id='page_1' title='image "./aburbeconditali00mlgoog_0128.png"; bbox 0 0 2600 4000; ppageno 0'>
   <div class='ocr_carea' id='block_1_1' title="bbox 186 266 1022 340">
    <p class='ocr_par' dir='ltr' id='par_1_1' title="bbox 186 266 1022 340">
     <span class='ocr_line' id='line_1_1' title="bbox 186 266 1022 340; baseline -0.005 -7"><span class='ocrx_word' id='word_1_1' title='bbox 186 268 226 332; x_wconf 79' lang='lat' dir='ltr'>cc</span> <span class='ocrx_word' id='word_1_2' title='bbox 329 267 585 333; x_wconf 78' lang='lat' dir='ltr'>cmunxxxur.</span> <span class='ocrx_word' id='word_1_3' title='bbox 609 266 691 326; x_wconf 81' lang='lat' dir='ltr'>cnr.</span> <span class='ocrx_word' id='word_1_4' title='bbox 704 273 802 328; x_wconf 79' lang='lat' dir='ltr'>ran.</span> <span class='ocrx_word' id='word_1_5' title='bbox 825 272 861 340; x_wconf 66' lang='lat' dir='ltr'>[a.</span> <span class='ocrx_word' id='word_1_6' title='bbox 874 271 1022 339; x_wconf 50' lang='lat' dir='ltr'>nasa]</span> 
     </span>
    </p>
   </div>
   <div class='ocr_carea' id='block_1_2' title="bbox 178 416 1211 2503">
    <p class='ocr_par' dir='ltr' id='par_1_2' title="bbox 179 416 1211 2002">
     <span class='ocr_line' id='line_1_2' title="bbox 184 416 1162 496; baseline -0.001 -16"><span class='ocrx_word' id='word_1_7' title='bbox 184 434 265 496; x_wconf 91' lang='lat' dir='ltr'>quae</span> <span class='ocrx_word' id='word_1_8' title='bbox 280 426 350 480; x_wconf 87' lang='lat' dir='ltr'>ante</span> <span class='ocrx_word' id='word_1_9' title='bbox 361 417 473 478; x_wconf 91' lang='lat' dir='ltr'>bellum</span> <span class='ocrx_word' id='word_1_10' title='bbox 483 417 672 490; x_wconf 79' lang='lat' dir='ltr'><strong>habuissent,</strong></span> <span class='ocrx_word' id='word_1_11' title='bbox 687 416 803 476; x_wconf 90' lang='lat' dir='ltr'>restitui</span> <span class='ocrx_word' id='word_1_12' title='bbox 814 416 933 477; x_wconf 88' lang='lat' dir='ltr'>Aetolis</span> <span class='ocrx_word' id='word_1_13' title='bbox 945 431 1077 493; x_wconf 89' lang='lat' dir='ltr'>aequum</span> <span class='ocrx_word' id='word_1_14' title='bbox 1090 433 1162 479; x_wconf 87' lang='lat' dir='ltr'>cen·</span> 
     </span>
     <span class='ocr_line' id='line_1_3' title="bbox 184 499 1163 577; baseline -0.002 -13"><span class='ocrx_word' id='word_1_15' title='bbox 184 503 281 576; x_wconf 78' lang='lat' dir='ltr'>sebat</span> <span class='ocrx_word' id='word_1_16' title='bbox 297 502 381 562; x_wconf 88' lang='lat' dir='ltr'>etita</span> <span class='ocrx_word' id='word_1_17' title='bbox 395 501 426 561; x_wconf 91' lang='lat' dir='ltr'>in</span> <span class='ocrx_word' id='word_1_18' title='bbox 440 502 565 561; x_wconf 87' lang='lat' dir='ltr'>loedere</span> <span class='ocrx_word' id='word_1_19' title='bbox 578 499 676 576; x_wconf 90' lang='lat' dir='ltr'>primo</span> <span class='ocrx_word' id='word_1_20' title='bbox 693 507 814 560; x_wconf 90' lang='lat' dir='ltr'>cautum</span> <span class='ocrx_word' id='word_1_21' title='bbox 826 514 906 574; x_wconf 92' lang='lat' dir='ltr'>esse,</span> <span class='ocrx_word' id='word_1_22' title='bbox 922 505 956 560; x_wconf 92' lang='lat' dir='ltr'>ut</span> <span class='ocrx_word' id='word_1_23' title='bbox 964 500 1035 560; x_wconf 90' lang='lat' dir='ltr'>belli</span> <span class='ocrx_word' id='word_1_24' title='bbox 1046 503 1163 577; x_wconf 88' lang='lat' dir='ltr'>praeda</span> 
     </span>
     <span class='ocr_line' id='line_1_4' title="bbox 183 583 1211 662; baseline 0 -16"><span class='ocrx_word' id='word_1_25' title='bbox 183 601 348 662; x_wconf 82' lang='lat' dir='ltr'>rerumque</span> <span class='ocrx_word' id='word_1_26' title='bbox 362 601 443 662; x_wconf 91' lang='lat' dir='ltr'>quae</span> <span class='ocrx_word' id='word_1_27' title='bbox 458 583 531 645; x_wconf 81' lang='lat' dir='ltr'>terri</span> <span class='ocrx_word' id='word_1_28' title='bbox 544 584 657 659; x_wconf 82' lang='lat' dir='ltr'>agique</span> <span class='ocrx_word' id='word_1_29' title='bbox 671 589 814 658; x_wconf 83' lang='lat' dir='ltr'>possent,</span> <span class='ocrx_word' id='word_1_30' title='bbox 834 584 1008 659; x_wconf 87' lang='lat' dir='ltr'>Romanos,</span> <span class='ocrx_word' id='word_1_31' title='bbox 1024 599 1098 659; x_wconf 80' lang='lat' dir='ltr'>ager</span> <span class='ocrx_word' id='word_1_32' title='bbox 1111 602 1160 646; x_wconf 89' lang='lat' dir='ltr'>ur·</span> <span class='ocrx_word' id='word_1_33' title='bbox 1208 647 1211 656; x_wconf 82' lang='grc'><strong>,</strong></span> 
     </span>
     <span class='ocr_line' id='line_1_5' title="bbox 183 667 1162 745; baseline -0.002 -15"><span class='ocrx_word' id='word_1_34' title='bbox 183 670 302 745; x_wconf 90' lang='lat' dir='ltr'>besque</span> <span class='ocrx_word' id='word_1_35' title='bbox 317 677 425 745; x_wconf 88' lang='lat' dir='ltr'>captae</span> <span class='ocrx_word' id='word_1_36' title='bbox 438 668 566 729; x_wconf 87' lang='lat' dir='ltr'>Aetolos</span> <span class='ocrx_word' id='word_1_37' title='bbox 581 673 793 743; x_wconf 84' lang='lat' dir='ltr'>sequerentur.</span> <span class='ocrx_word' id='word_1_38' title='bbox 825 671 924 741; x_wconf 85' lang='lat' dir='ltr'>„vos“</span> <span class='ocrx_word' id='word_1_39' title='bbox 944 667 1043 744; x_wconf 91' lang='lat' dir='ltr'>inquit</span> <span class='ocrx_word' id='word_1_40' title='bbox 1062 668 1162 745; x_wconf 79' lang='lat' dir='ltr'>„ipsi“</span> 
     </span>
     <span class='ocr_line' id='line_1_6' title="bbox 183 750 1162 828; baseline -0.001 -15"><span class='ocrx_word' id='word_1_41' title='bbox 183 754 341 827; x_wconf 79' lang='lat' dir='ltr'>Quinctius</span> <span class='ocrx_word' id='word_1_42' title='bbox 363 753 538 827; x_wconf 87' lang='lat' dir='ltr'>„societatis</span> <span class='ocrx_word' id='word_1_43' title='bbox 558 750 647 812; x_wconf 90' lang='lat' dir='ltr'>istius</span> <span class='ocrx_word' id='word_1_44' title='bbox 667 752 752 827; x_wconf 80' lang='lat' dir='ltr'>leges</span> <span class='ocrx_word' id='word_1_45' title='bbox 772 751 915 827; x_wconf 90' lang='lat' dir='ltr'>rupistis,</span> <span class='ocrx_word' id='word_1_46' title='bbox 943 769 1004 827; x_wconf 92' lang='lat' dir='ltr'>quo</span> <span class='ocrx_word' id='word_1_47' title='bbox 1023 759 1162 828; x_wconf 88' lang='lat' dir='ltr'>tempore</span> 
     </span>
     <span class='ocr_line' id='line_1_7' title="bbox 182 834 1161 911; baseline -0.002 -14"><span class='ocrx_word' id='word_1_48' title='bbox 182 838 296 898; x_wconf 90' lang='lat' dir='ltr'>relictis</span> <span class='ocrx_word' id='word_1_49' title='bbox 317 837 407 898; x_wconf 91' lang='lat' dir='ltr'>nobis</span> <span class='ocrx_word' id='word_1_50' title='bbox 428 851 497 896; x_wconf 88' lang='lat' dir='ltr'>cum</span> <span class='ocrx_word' id='word_1_51' title='bbox 511 834 650 911; x_wconf 91' lang='lat' dir='ltr'>Philippo</span> <span class='ocrx_word' id='word_1_52' title='bbox 672 850 781 910; x_wconf 85' lang='lat' dir='ltr'>pacem</span> <span class='ocrx_word' id='word_1_53' title='bbox 802 836 927 897; x_wconf 85' lang='lat' dir='ltr'>lecistis.</span> <span class='ocrx_word' id='word_1_54' title='bbox 961 852 1041 911; x_wconf 89' lang='lat' dir='ltr'>quae</span> <span class='ocrx_word' id='word_1_55' title='bbox 1057 836 1084 896; x_wconf 91' lang='lat' dir='ltr'>si</span> <span class='ocrx_word' id='word_1_56' title='bbox 1098 852 1161 895; x_wconf 90' lang='lat' dir='ltr'>ma·</span> 
     </span>
     <span class='ocr_line' id='line_1_8' title="bbox 182 919 1162 996; baseline 0 -16"><span class='ocrx_word' id='word_1_57' title='bbox 182 928 283 995; x_wconf 87' lang='lat' dir='ltr'>neret,</span> <span class='ocrx_word' id='word_1_58' title='bbox 305 927 463 996; x_wconf 86' lang='lat' dir='ltr'>captarum</span> <span class='ocrx_word' id='word_1_59' title='bbox 482 926 582 979; x_wconf 85' lang='lat' dir='ltr'>tamen</span> <span class='ocrx_word' id='word_1_60' title='bbox 603 919 724 979; x_wconf 88' lang='lat' dir='ltr'>urbium</span> <span class='ocrx_word' id='word_1_61' title='bbox 739 919 790 979; x_wconf 89' lang='lat' dir='ltr'>illa</span> <span class='ocrx_word' id='word_1_62' title='bbox 803 921 855 980; x_wconf 91' lang='lat' dir='ltr'>lex</span> <span class='ocrx_word' id='word_1_63' title='bbox 869 921 963 980; x_wconf 81' lang='lat' dir='ltr'>loret=</span> <span class='ocrx_word' id='word_1_64' title='bbox 984 919 1162 981; x_wconf 84' lang='lat' dir='ltr'>Tbessaliae</span> 
     </span>
     <span class='ocr_line' id='line_1_9' title="bbox 183 1001 1161 1074; baseline -0.002 -9"><span class='ocrx_word' id='word_1_65' title='bbox 183 1005 319 1065; x_wconf 87' lang='lat' dir='ltr'>civitates</span> <span class='ocrx_word' id='word_1_66' title='bbox 345 1019 403 1064; x_wconf 88' lang='lat' dir='ltr'>sua</span> <span class='ocrx_word' id='word_1_67' title='bbox 426 1003 582 1063; x_wconf 88' lang='lat' dir='ltr'>voluntate</span> <span class='ocrx_word' id='word_1_68' title='bbox 601 1001 633 1063; x_wconf 93' lang='lat' dir='ltr'>in</span> <span class='ocrx_word' id='word_1_69' title='bbox 655 1003 806 1064; x_wconf 91' lang='lat' dir='ltr'>dicionem</span> <span class='ocrx_word' id='word_1_70' title='bbox 826 1010 962 1065; x_wconf 89' lang='lat' dir='ltr'>nostram</span> <span class='ocrx_word' id='word_1_71' title='bbox 981 1006 1161 1074; x_wconf 54' lang='lat' dir='ltr'>venerumt?</span> 
     </span>
     <span class='ocr_line' id='line_1_10' title="bbox 181 1087 1160 1149; baseline -0.001 -2"><span class='ocrx_word' id='word_1_72' title='bbox 181 1087 259 1147; x_wconf 92' lang='lat' dir='ltr'>haec</span> <span class='ocrx_word' id='word_1_73' title='bbox 285 1103 353 1148; x_wconf 89' lang='lat' dir='ltr'>cum</span> <span class='ocrx_word' id='word_1_74' title='bbox 372 1087 506 1147; x_wconf 91' lang='lat' dir='ltr'>omnium</span> <span class='ocrx_word' id='word_1_75' title='bbox 525 1087 680 1149; x_wconf 86' lang='lat' dir='ltr'>sociorum</span> <span class='ocrx_word' id='word_1_76' title='bbox 703 1089 840 1149; x_wconf 90' lang='lat' dir='ltr'>adsensu</span> <span class='ocrx_word' id='word_1_77' title='bbox 860 1088 941 1148; x_wconf 87' lang='lat' dir='ltr'>dicta</span> <span class='ocrx_word' id='word_1_78' title='bbox 959 1088 1077 1148; x_wconf 88' lang='lat' dir='ltr'>Aetolis</span> <span class='ocrx_word' id='word_1_79' title='bbox 1099 1104 1160 1149; x_wconf 92' lang='lat' dir='ltr'>non</span> 
     </span>
     <span class='ocr_line' id='line_1_11' title="bbox 181 1169 1161 1247; baseline 0 -17"><span class='ocrx_word' id='word_1_80' title='bbox 181 1171 211 1230; x_wconf 93' lang='lat' dir='ltr'>in</span> <span class='ocrx_word' id='word_1_81' title='bbox 233 1172 408 1246; x_wconf 89' lang='lat' dir='ltr'>praesentia</span> <span class='ocrx_word' id='word_1_82' title='bbox 428 1172 521 1233; x_wconf 92' lang='lat' dir='ltr'>modo</span> <span class='ocrx_word' id='word_1_83' title='bbox 540 1171 647 1247; x_wconf 82' lang='lat' dir='ltr'>gravia</span> <span class='ocrx_word' id='word_1_84' title='bbox 666 1171 786 1247; x_wconf 91' lang='lat' dir='ltr'>auditu,</span> <span class='ocrx_word' id='word_1_85' title='bbox 812 1172 868 1232; x_wconf 93' lang='lat' dir='ltr'>sed</span> <span class='ocrx_word' id='word_1_86' title='bbox 888 1187 961 1231; x_wconf 89' lang='lat' dir='ltr'>mox</span> <span class='ocrx_word' id='word_1_87' title='bbox 983 1170 1074 1231; x_wconf 90' lang='lat' dir='ltr'>etiam</span> <span class='ocrx_word' id='word_1_88' title='bbox 1089 1169 1161 1231; x_wconf 91' lang='lat' dir='ltr'>belll</span> 
     </span>
     <span class='ocr_line' id='line_1_12' title="bbox 182 1252 1158 1331; baseline -0.002 -16"><span class='ocrx_word' id='word_1_89' title='bbox 182 1270 276 1316; x_wconf 87' lang='lat' dir='ltr'>causa</span> <span class='ocrx_word' id='word_1_90' title='bbox 291 1271 532 1331; x_wconf 80' lang='lat' dir='ltr'>magnarumque</span> <span class='ocrx_word' id='word_1_91' title='bbox 546 1271 586 1315; x_wconf 87' lang='lat' dir='ltr'>ex</span> <span class='ocrx_word' id='word_1_92' title='bbox 600 1270 638 1317; x_wconf 89' lang='lat' dir='ltr'>eo</span> <span class='ocrx_word' id='word_1_93' title='bbox 654 1256 785 1317; x_wconf 90' lang='lat' dir='ltr'>cladium</span> <span class='ocrx_word' id='word_1_94' title='bbox 797 1256 836 1316; x_wconf 90' lang='lat' dir='ltr'>iis</span> <span class='ocrx_word' id='word_1_95' title='bbox 851 1255 980 1318; x_wconf 83' lang='lat' dir='ltr'>fuerunt.</span> <span class='ocrx_word' id='word_1_96' title='bbox 1007 1269 1076 1314; x_wconf 92' lang='lat' dir='ltr'>cum</span> <span class='ocrx_word' id='word_1_97' title='bbox 1089 1252 1158 1313; x_wconf 88' lang='lat' dir='ltr'>Phi·</span> 
     </span>
     <span class='ocr_line' id='line_1_13' title="bbox 181 1338 1160 1415; baseline -0.001 -18"><span class='ocrx_word' id='word_1_98' title='bbox 181 1339 268 1414; x_wconf 94' lang='lat' dir='ltr'>lippo</span> <span class='ocrx_word' id='word_1_99' title='bbox 288 1339 330 1399; x_wconf 87' lang='lat' dir='ltr'>ita</span> <span class='ocrx_word' id='word_1_100' title='bbox 351 1340 508 1415; x_wconf 91' lang='lat' dir='ltr'>convenit,</span> <span class='ocrx_word' id='word_1_101' title='bbox 530 1346 564 1400; x_wconf 94' lang='lat' dir='ltr'>ut</span> <span class='ocrx_word' id='word_1_102' title='bbox 577 1340 762 1400; x_wconf 88' lang='lat' dir='ltr'>Demetrium</span> <span class='ocrx_word' id='word_1_103' title='bbox 783 1339 877 1401; x_wconf 86' lang='lat' dir='ltr'>fllium</span> <span class='ocrx_word' id='word_1_104' title='bbox 898 1345 928 1399; x_wconf 89' lang='lat' dir='ltr'>et</span> <span class='ocrx_word' id='word_1_105' title='bbox 948 1338 1100 1415; x_wconf 89' lang='lat' dir='ltr'>quosdam</span> <span class='ocrx_word' id='word_1_106' title='bbox 1120 1352 1160 1397; x_wconf 87' lang='lat' dir='ltr'>cx</span> 
     </span>
     <span class='ocr_line' id='line_1_14' title="bbox 181 1420 1160 1494; baseline -0.001 -13"><span class='ocrx_word' id='word_1_107' title='bbox 181 1423 348 1484; x_wconf 86' lang='lat' dir='ltr'>amicorum</span> <span class='ocrx_word' id='word_1_108' title='bbox 369 1438 496 1485; x_wconf 88' lang='lat' dir='ltr'>numero</span> <span class='ocrx_word' id='word_1_109' title='bbox 519 1424 645 1485; x_wconf 91' lang='lat' dir='ltr'>obsides</span> <span class='ocrx_word' id='word_1_110' title='bbox 668 1429 699 1484; x_wconf 90' lang='lat' dir='ltr'>et</span> <span class='ocrx_word' id='word_1_111' title='bbox 712 1423 844 1484; x_wconf 88' lang='lat' dir='ltr'>ducenta</span> <span class='ocrx_word' id='word_1_112' title='bbox 863 1423 976 1483; x_wconf 87' lang='lat' dir='ltr'>talenta</span> <span class='ocrx_word' id='word_1_113' title='bbox 995 1421 1097 1494; x_wconf 88' lang='lat' dir='ltr'>daret,</span> <span class='ocrx_word' id='word_1_114' title='bbox 1121 1420 1160 1480; x_wconf 91' lang='lat' dir='ltr'>de</span> 
     </span>
     <span class='ocr_line' id='line_1_15' title="bbox 181 1506 1162 1583; baseline -0.004 -17"><span class='ocrx_word' id='word_1_115' title='bbox 181 1506 292 1568; x_wconf 89' lang='lat' dir='ltr'>ceteris</span> <span class='ocrx_word' id='word_1_116' title='bbox 310 1508 440 1568; x_wconf 86' lang='lat' dir='ltr'>Romam</span> <span class='ocrx_word' id='word_1_117' title='bbox 466 1507 595 1569; x_wconf 88' lang='lat' dir='ltr'>mitteret</span> <span class='ocrx_word' id='word_1_118' title='bbox 618 1511 755 1583; x_wconf 82' lang='lat' dir='ltr'>legatos;</span> <span class='ocrx_word' id='word_1_119' title='bbox 783 1507 911 1567; x_wconf 87' lang='lat' dir='ltr'>adeam</span> <span class='ocrx_word' id='word_1_120' title='bbox 931 1521 996 1566; x_wconf 89' lang='lat' dir='ltr'>rem</span> <span class='ocrx_word' id='word_1_121' title='bbox 1017 1510 1162 1581; x_wconf 89' lang='lat' dir='ltr'>quattuor</span> 
     </span>
     <span class='ocr_line' id='line_1_16' title="bbox 179 1588 1159 1667; baseline 0 -18"><span class='ocrx_word' id='word_1_122' title='bbox 179 1605 319 1651; x_wconf 91' lang='lat' dir='ltr'>mensum</span> <span class='ocrx_word' id='word_1_123' title='bbox 333 1591 468 1652; x_wconf 87' lang='lat' dir='ltr'>indutiae</span> <span class='ocrx_word' id='word_1_124' title='bbox 482 1598 596 1652; x_wconf 84' lang='lat' dir='ltr'>essent.</span> <span class='ocrx_word' id='word_1_125' title='bbox 630 1592 658 1652; x_wconf 89' lang='lat' dir='ltr'>si</span> <span class='ocrx_word' id='word_1_126' title='bbox 671 1607 735 1667; x_wconf 86' lang='lat' dir='ltr'>pax</span> <span class='ocrx_word' id='word_1_127' title='bbox 748 1606 810 1652; x_wconf 90' lang='lat' dir='ltr'>non</span> <span class='ocrx_word' id='word_1_128' title='bbox 824 1590 984 1665; x_wconf 89' lang='lat' dir='ltr'>impetrata</span> <span class='ocrx_word' id='word_1_129' title='bbox 998 1588 1037 1649; x_wconf 86' lang='lat' dir='ltr'>ab</span> <span class='ocrx_word' id='word_1_130' title='bbox 1052 1594 1159 1649; x_wconf 88' lang='lat' dir='ltr'>senatu</span> 
     </span>
     <span class='ocr_line' id='line_1_17' title="bbox 180 1673 1159 1752; baseline -0.003 -19"><span class='ocrx_word' id='word_1_131' title='bbox 180 1674 273 1750; x_wconf 82' lang='lat' dir='ltr'>toret,</span> <span class='ocrx_word' id='word_1_132' title='bbox 295 1675 422 1736; x_wconf 88' lang='lat' dir='ltr'>obsides</span> <span class='ocrx_word' id='word_1_133' title='bbox 437 1676 661 1752; x_wconf 79' lang='lat' dir='ltr'>pecuniamque</span> <span class='ocrx_word' id='word_1_134' title='bbox 673 1674 762 1735; x_wconf 89' lang='lat' dir='ltr'>reddi</span> <span class='ocrx_word' id='word_1_135' title='bbox 775 1673 916 1749; x_wconf 91' lang='lat' dir='ltr'>Philippo</span> <span class='ocrx_word' id='word_1_136' title='bbox 930 1680 1089 1748; x_wconf 90' lang='lat' dir='ltr'>receptum</span> <span class='ocrx_word' id='word_1_137' title='bbox 1102 1680 1159 1731; x_wconf 82' lang='lat' dir='ltr'>est.</span> 
     </span>
     <span class='ocr_line' id='line_1_18' title="bbox 180 1755 1159 1835; baseline -0.002 -18"><span class='ocrx_word' id='word_1_138' title='bbox 180 1773 275 1821; x_wconf 85' lang='lat' dir='ltr'>causa</span> <span class='ocrx_word' id='word_1_139' title='bbox 294 1760 433 1820; x_wconf 86' lang='lat' dir='ltr'>Romano</span> <span class='ocrx_word' id='word_1_140' title='bbox 457 1759 633 1835; x_wconf 88' lang='lat' dir='ltr'>imperatori</span> <span class='ocrx_word' id='word_1_141' title='bbox 653 1773 713 1818; x_wconf 95' lang='lat' dir='ltr'>non</span> <span class='ocrx_word' id='word_1_142' title='bbox 735 1758 795 1818; x_wconf 87' lang='lat' dir='ltr'>alia</span> <span class='ocrx_word' id='word_1_143' title='bbox 814 1757 911 1816; x_wconf 89' lang='lat' dir='ltr'>maior</span> <span class='ocrx_word' id='word_1_144' title='bbox 931 1756 1028 1817; x_wconf 85' lang='lat' dir='ltr'>luisse</span> <span class='ocrx_word' id='word_1_145' title='bbox 1051 1755 1159 1816; x_wconf 87' lang='lat' dir='ltr'>dicitur</span> 
     </span>
     <span class='ocr_line' id='line_1_19' title="bbox 179 1838 1159 1919; baseline -0.003 -18"><span class='ocrx_word' id='word_1_146' title='bbox 179 1844 376 1904; x_wconf 78' lang='lat' dir='ltr'>maturandae</span> <span class='ocrx_word' id='word_1_147' title='bbox 396 1843 497 1919; x_wconf 88' lang='lat' dir='ltr'>pacis,</span> <span class='ocrx_word' id='word_1_148' title='bbox 520 1858 612 1917; x_wconf 88' lang='lat' dir='ltr'>quam</span> <span class='ocrx_word' id='word_1_149' title='bbox 628 1841 713 1917; x_wconf 92' lang='lat' dir='ltr'>quod</span> <span class='ocrx_word' id='word_1_150' title='bbox 725 1839 909 1902; x_wconf 79' lang='lat' dir='ltr'>Antiochum</span> <span class='ocrx_word' id='word_1_151' title='bbox 922 1840 1036 1901; x_wconf 92' lang='lat' dir='ltr'>bellum</span> <span class='ocrx_word' id='word_1_152' title='bbox 1051 1838 1159 1900; x_wconf 88' lang='lat' dir='ltr'>transi·</span> 
     </span>
     <span class='ocr_line' id='line_1_20' title="bbox 179 1925 815 2002; baseline -0.002 -18"><span class='ocrx_word' id='word_1_153' title='bbox 179 1930 305 2001; x_wconf 91' lang='lat' dir='ltr'>tumque</span> <span class='ocrx_word' id='word_1_154' title='bbox 317 1927 349 1984; x_wconf 92' lang='lat' dir='ltr'>in</span> <span class='ocrx_word' id='word_1_155' title='bbox 363 1927 517 2002; x_wconf 87' lang='lat' dir='ltr'>Europam</span> <span class='ocrx_word' id='word_1_156' title='bbox 533 1925 632 1986; x_wconf 92' lang='lat' dir='ltr'>moliri</span> <span class='ocrx_word' id='word_1_157' title='bbox 647 1926 815 1985; x_wconf 82' lang='lat' dir='ltr'>constabat.</span> 
     </span>
    </p>

    <p class='ocr_par' dir='ltr' id='par_1_3' title="bbox 178 2008 1199 2503">
     <span class='ocr_line' id='line_1_21' title="bbox 262 2008 1159 2085; baseline -0.001 -18"><span class='ocrx_word' id='word_1_158' title='bbox 262 2009 342 2069; x_wconf 90' lang='lat' dir='ltr'><strong>XIV.</strong></span> <span class='ocrx_word' id='word_1_159' title='bbox 369 2009 487 2070; x_wconf 84' lang='lat' dir='ltr'>Eodem</span> <span class='ocrx_word' id='word_1_160' title='bbox 510 2016 648 2085; x_wconf 91' lang='lat' dir='ltr'>tempore</span> <span class='ocrx_word' id='word_1_161' title='bbox 670 2016 775 2085; x_wconf 87' lang='lat' dir='ltr'>atque,</span> <span class='ocrx_word' id='word_1_162' title='bbox 801 2017 835 2070; x_wconf 92' lang='lat' dir='ltr'>ut</span> <span class='ocrx_word' id='word_1_163' title='bbox 855 2008 979 2084; x_wconf 89' lang='lat' dir='ltr'>quidam</span> <span class='ocrx_word' id='word_1_164' title='bbox 996 2008 1159 2082; x_wconf 85' lang='lat' dir='ltr'>tradidere,</span> 
     </span>
     <span class='ocr_line' id='line_1_22' title="bbox 180 2090 1158 2167; baseline -0.002 -15"><span class='ocrx_word' id='word_1_165' title='bbox 180 2093 290 2153; x_wconf 90' lang='lat' dir='ltr'>eodem</span> <span class='ocrx_word' id='word_1_166' title='bbox 311 2093 361 2153; x_wconf 89' lang='lat' dir='ltr'>dic</span> <span class='ocrx_word' id='word_1_167' title='bbox 381 2093 421 2154; x_wconf 89' lang='lat' dir='ltr'>ad</span> <span class='ocrx_word' id='word_1_168' title='bbox 436 2094 611 2155; x_wconf 84' lang='lat' dir='ltr'>corinthum</span> <span class='ocrx_word' id='word_1_169' title='bbox 630 2093 749 2155; x_wconf 85' lang='lat' dir='ltr'>Achaei</span> <span class='ocrx_word' id='word_1_170' title='bbox 770 2095 879 2155; x_wconf 89' lang='lat' dir='ltr'>ducem</span> <span class='ocrx_word' id='word_1_171' title='bbox 900 2092 1017 2167; x_wconf 80' lang='lat' dir='ltr'>regium</span> <span class='ocrx_word' id='word_1_172' title='bbox 1036 2090 1158 2153; x_wconf 88' lang='lat' dir='ltr'>Andro·</span> 
     </span>
     <span class='ocr_line' id='line_1_23' title="bbox 179 2174 1158 2254; baseline -0.002 -18"><span class='ocrx_word' id='word_1_173' title='bbox 179 2177 318 2238; x_wconf 88' lang='lat' dir='ltr'>sthenem</span> <span class='ocrx_word' id='word_1_174' title='bbox 333 2177 413 2239; x_wconf 91' lang='lat' dir='ltr'>iusto</span> <span class='ocrx_word' id='word_1_175' title='bbox 427 2180 547 2254; x_wconf 88' lang='lat' dir='ltr'>proelio</span> <span class='ocrx_word' id='word_1_176' title='bbox 562 2178 714 2239; x_wconf 81' lang='lat' dir='ltr'>fuderunt.</span> <span class='ocrx_word' id='word_1_177' title='bbox 744 2192 812 2238; x_wconf 86' lang='lat' dir='ltr'>eam</span> <span class='ocrx_word' id='word_1_178' title='bbox 826 2177 932 2237; x_wconf 91' lang='lat' dir='ltr'>urbem</span> <span class='ocrx_word' id='word_1_179' title='bbox 947 2192 1004 2251; x_wconf 90' lang='lat' dir='ltr'>pro</span> <span class='ocrx_word' id='word_1_180' title='bbox 1020 2191 1091 2235; x_wconf 88' lang='lat' dir='ltr'>aroc</span> <span class='ocrx_word' id='word_1_181' title='bbox 1105 2174 1158 2234; x_wconf 90' lang='lat' dir='ltr'>ba-</span> 
     </span>
     <span class='ocr_line' id='line_1_24' title="bbox 178 2258 1159 2338; baseline -0.004 -17"><span class='ocrx_word' id='word_1_182' title='bbox 178 2261 296 2322; x_wconf 91' lang='lat' dir='ltr'>biturus</span> <span class='ocrx_word' id='word_1_183' title='bbox 305 2260 466 2338; x_wconf 88' lang='lat' dir='ltr'>Philippus</span> <span class='ocrx_word' id='word_1_184' title='bbox 477 2264 629 2324; x_wconf 88' lang='lat' dir='ltr'>adversus</span> <span class='ocrx_word' id='word_1_185' title='bbox 640 2261 786 2322; x_wconf 85' lang='lat' dir='ltr'>Graeciae</span> <span class='ocrx_word' id='word_1_186' title='bbox 799 2260 945 2331; x_wconf 85' lang='lat' dir='ltr'>civitates,</span> <span class='ocrx_word' id='word_1_187' title='bbox 961 2267 991 2321; x_wconf 92' lang='lat' dir='ltr'>et</span> <span class='ocrx_word' id='word_1_188' title='bbox 1001 2258 1159 2336; x_wconf 89' lang='lat' dir='ltr'>principes</span> 
     </span>
     <span class='ocr_line' id='line_1_25' title="bbox 179 2343 1199 2422; baseline -0.002 -18"><span class='ocrx_word' id='word_1_189' title='bbox 179 2344 250 2405; x_wconf 89' lang='lat' dir='ltr'>inde</span> <span class='ocrx_word' id='word_1_190' title='bbox 264 2353 412 2407; x_wconf 87' lang='lat' dir='ltr'>evocatos</span> <span class='ocrx_word' id='word_1_191' title='bbox 427 2360 484 2421; x_wconf 90' lang='lat' dir='ltr'>per</span> <span class='ocrx_word' id='word_1_192' title='bbox 496 2346 631 2422; x_wconf 89' lang='lat' dir='ltr'>speciem</span> <span class='ocrx_word' id='word_1_193' title='bbox 647 2345 850 2421; x_wconf 91' lang='lat' dir='ltr'>colloquendi,</span> <span class='ocrx_word' id='word_1_194' title='bbox 867 2351 1011 2420; x_wconf 87' lang='lat' dir='ltr'>quantum</span> <span class='ocrx_word' id='word_1_195' title='bbox 1022 2343 1159 2418; x_wconf 89' lang='lat' dir='ltr'>equitum</span> <span class='ocrx_word' id='word_1_196' title='bbox 1196 2398 1199 2402; x_wconf 73' lang='grc'><strong>,</strong></span> 
     </span>
     <span class='ocr_line' id='line_1_26' title="bbox 179 2425 1158 2503; baseline -0.002 -15"><span class='ocrx_word' id='word_1_197' title='bbox 179 2428 408 2489; x_wconf 82' lang='lat' dir='ltr'>dare‘Corinthii</span> <span class='ocrx_word' id='word_1_198' title='bbox 422 2429 462 2489; x_wconf 93' lang='lat' dir='ltr'>ad</span> <span class='ocrx_word' id='word_1_199' title='bbox 472 2429 584 2490; x_wconf 91' lang='lat' dir='ltr'>bellum</span> <span class='ocrx_word' id='word_1_200' title='bbox 595 2435 734 2503; x_wconf 83' lang='lat' dir='ltr'>possent,</span> <span class='ocrx_word' id='word_1_201' title='bbox 745 2428 910 2489; x_wconf 83' lang='lat' dir='ltr'>retinuerat</span> <span class='ocrx_word' id='word_1_202' title='bbox 920 2443 976 2502; x_wconf 88' lang='lat' dir='ltr'>pro</span> <span class='ocrx_word' id='word_1_203' title='bbox 989 2425 1158 2499; x_wconf 89' lang='lat' dir='ltr'>obsidibus,</span> 
     </span>
    </p>
   </div>
   <div class='ocr_carea' id='block_1_3' title="bbox 58 2508 1157 2586">
    <p class='ocr_par' dir='ltr' id='par_1_4' title="bbox 58 2508 1157 2586">
     <span class='ocr_line' id='line_1_27' title="bbox 58 2508 1157 2586; baseline 0 -16"><span class='ocrx_word' id='word_1_204' title='bbox 58 2542 62 2548; x_wconf 90' lang='lat'>·</span> <span class='ocrx_word' id='word_1_205' title='bbox 158 2518 209 2572; x_wconf 82' lang='lat' dir='ltr'>et</span> <span class='ocrx_word' id='word_1_206' title='bbox 232 2518 355 2586; x_wconf 89' lang='lat' dir='ltr'>praeter</span> <span class='ocrx_word' id='word_1_207' title='bbox 384 2511 569 2586; x_wconf 80' lang='lat' dir='ltr'>quingentos</span> <span class='ocrx_word' id='word_1_208' title='bbox 593 2510 782 2572; x_wconf 86' lang='lat' dir='ltr'>Macedonas</span> <span class='ocrx_word' id='word_1_209' title='bbox 808 2511 982 2586; x_wconf 84' lang='lat' dir='ltr'>mixtosque</span> <span class='ocrx_word' id='word_1_210' title='bbox 1010 2508 1157 2570; x_wconf 89' lang='lat' dir='ltr'>exomni</span> 
     </span>
    </p>
   </div>
   <div class='ocr_carea' id='block_1_4' title="bbox 157 2591 1159 3506">
    <p class='ocr_par' dir='ltr' id='par_1_5' title="bbox 157 2591 1159 3506">
     <span class='ocr_line' id='line_1_28' title="bbox 178 2591 1156 2670; baseline -0.002 -17"><span class='ocrx_word' id='word_1_211' title='bbox 178 2608 292 2670; x_wconf 80' lang='lat' dir='ltr'>genere</span> <span class='ocrx_word' id='word_1_212' title='bbox 315 2593 497 2654; x_wconf 87' lang='lat' dir='ltr'>auxiliorum</span> <span class='ocrx_word' id='word_1_213' title='bbox 512 2594 718 2670; x_wconf 80' lang='lat' dir='ltr'>octingentos,</span> <span class='ocrx_word' id='word_1_214' title='bbox 735 2594 820 2670; x_wconf 92' lang='lat' dir='ltr'>quod</span> <span class='ocrx_word' id='word_1_215' title='bbox 834 2594 894 2655; x_wconf 91' lang='lat' dir='ltr'>iam</span> <span class='ocrx_word' id='word_1_216' title='bbox 908 2602 977 2655; x_wconf 90' lang='lat' dir='ltr'>ante</span> <span class='ocrx_word' id='word_1_217' title='bbox 990 2591 1032 2653; x_wconf 91' lang='lat' dir='ltr'>ibi</span> <span class='ocrx_word' id='word_1_218' title='bbox 1049 2593 1156 2664; x_wconf 78' lang='lat' dir='ltr'>iuerat</span> 
     </span>
     <span class='ocr_line' id='line_1_29' title="bbox 177 2674 1156 2754; baseline -0.003 -17"><span class='ocrx_word' id='word_1_219' title='bbox 177 2676 260 2737; x_wconf 87' lang='lat' dir='ltr'>mille</span> <span class='ocrx_word' id='word_1_220' title='bbox 269 2675 474 2737; x_wconf 87' lang='lat' dir='ltr'>Macedonum</span> <span class='ocrx_word' id='word_1_221' title='bbox 487 2691 526 2737; x_wconf 89' lang='lat' dir='ltr'>eo</span> <span class='ocrx_word' id='word_1_222' title='bbox 540 2677 664 2739; x_wconf 87' lang='lat' dir='ltr'>miserat</span> <span class='ocrx_word' id='word_1_223' title='bbox 678 2684 708 2740; x_wconf 90' lang='lat' dir='ltr'>et</span> <span class='ocrx_word' id='word_1_224' title='bbox 718 2678 799 2738; x_wconf 90' lang='lat' dir='ltr'>mille</span> <span class='ocrx_word' id='word_1_225' title='bbox 812 2694 850 2738; x_wconf 89' lang='lat' dir='ltr'>ac</span> <span class='ocrx_word' id='word_1_226' title='bbox 865 2680 1013 2739; x_wconf 92' lang='lat' dir='ltr'>ducentos</span> <span class='ocrx_word' id='word_1_227' title='bbox 1024 2674 1156 2754; x_wconf 75' lang='lat' dir='ltr'>Illyrios,</span> 
     </span>
     <span class='ocr_line' id='line_1_30' title="bbox 176 2759 1156 2838; baseline 0 -20"><span class='ocrx_word' id='word_1_228' title='bbox 176 2759 374 2834; x_wconf 79' lang='lat' dir='ltr'>Thracasque</span> <span class='ocrx_word' id='word_1_229' title='bbox 390 2766 421 2821; x_wconf 90' lang='lat' dir='ltr'>et</span> <span class='ocrx_word' id='word_1_230' title='bbox 436 2760 606 2836; x_wconf 87' lang='lat' dir='ltr'>cretenses,</span> <span class='ocrx_word' id='word_1_231' title='bbox 623 2762 720 2838; x_wconf 88' lang='lat' dir='ltr'>quiin</span> <span class='ocrx_word' id='word_1_232' title='bbox 735 2771 865 2837; x_wconf 89' lang='lat' dir='ltr'>utraque</span> <span class='ocrx_word' id='word_1_233' title='bbox 879 2768 965 2838; x_wconf 87' lang='lat' dir='ltr'>perte</span> <span class='ocrx_word' id='word_1_234' title='bbox 979 2759 1156 2831; x_wconf 90' lang='lat' dir='ltr'>militabant,</span> 
     </span>
     <span class='ocr_line' id='line_1_31' title="bbox 178 2843 1157 2921; baseline -0.002 -17"><span class='ocrx_word' id='word_1_235' title='bbox 178 2843 378 2917; x_wconf 82' lang='lat' dir='ltr'>octingentos.</span> <span class='ocrx_word' id='word_1_236' title='bbox 414 2844 463 2905; x_wconf 92' lang='lat' dir='ltr'>his</span> <span class='ocrx_word' id='word_1_237' title='bbox 486 2846 580 2907; x_wconf 90' lang='lat' dir='ltr'>additi</span> <span class='ocrx_word' id='word_1_238' title='bbox 595 2846 706 2907; x_wconf 88' lang='lat' dir='ltr'>Boeoti</span> <span class='ocrx_word' id='word_1_239' title='bbox 719 2845 920 2921; x_wconf 88' lang='lat' dir='ltr'>Thessalique</span> <span class='ocrx_word' id='word_1_240' title='bbox 935 2852 965 2904; x_wconf 91' lang='lat' dir='ltr'>et</span> <span class='ocrx_word' id='word_1_241' title='bbox 976 2846 1157 2905; x_wconf 86' lang='lat' dir='ltr'>Acarnanes</span> 
     </span>
     <span class='ocr_line' id='line_1_32' title="bbox 177 2926 1157 3006; baseline -0.002 -20"><span class='ocrx_word' id='word_1_242' title='bbox 177 2926 272 3000; x_wconf 90' lang='lat' dir='ltr'>mille,</span> <span class='ocrx_word' id='word_1_243' title='bbox 296 2927 405 2989; x_wconf 87' lang='lat' dir='ltr'>scutati</span> <span class='ocrx_word' id='word_1_244' title='bbox 420 2944 542 3004; x_wconf 90' lang='lat' dir='ltr'>omnes,</span> <span class='ocrx_word' id='word_1_245' title='bbox 565 2936 595 2990; x_wconf 92' lang='lat' dir='ltr'>et</span> <span class='ocrx_word' id='word_1_246' title='bbox 610 2931 801 3006; x_wconf 87' lang='lat' dir='ltr'>exipsorum</span> <span class='ocrx_word' id='word_1_247' title='bbox 816 2929 1039 2989; x_wconf 83' lang='lat' dir='ltr'>corinthiorum</span> <span class='ocrx_word' id='word_1_248' title='bbox 1052 2928 1157 2987; x_wconf 89' lang='lat' dir='ltr'>iuven·</span> 
     </span>
     <span class='ocr_line' id='line_1_33' title="bbox 157 3007 1157 3089; baseline -0.002 -18"><span class='ocrx_word' id='word_1_249' title='bbox 157 3083 161 3089; x_wconf 12' lang='grc' dir='ltr'><strong>ἢ</strong></span> <span class='ocrx_word' id='word_1_250' title='bbox 176 3015 248 3083; x_wconf 89' lang='lat' dir='ltr'>tute,</span> <span class='ocrx_word' id='word_1_251' title='bbox 263 3011 387 3087; x_wconf 90' lang='lat' dir='ltr'>impleta</span> <span class='ocrx_word' id='word_1_252' title='bbox 400 3019 434 3073; x_wconf 93' lang='lat' dir='ltr'>ut</span> <span class='ocrx_word' id='word_1_253' title='bbox 448 3020 553 3073; x_wconf 89' lang='lat' dir='ltr'>essent</span> <span class='ocrx_word' id='word_1_254' title='bbox 567 3029 624 3074; x_wconf 90' lang='lat' dir='ltr'>sex</span> <span class='ocrx_word' id='word_1_255' title='bbox 634 3014 718 3073; x_wconf 89' lang='lat' dir='ltr'>milia</span> <span class='ocrx_word' id='word_1_256' title='bbox 727 3021 921 3088; x_wconf 89' lang='lat' dir='ltr'>armatorum,</span> <span class='ocrx_word' id='word_1_257' title='bbox 937 3011 1081 3072; x_wconf 84' lang='lat' dir='ltr'>fiduciam</span> <span class='ocrx_word' id='word_1_258' title='bbox 1092 3007 1157 3068; x_wconf 83' lang='lat' dir='ltr'>An·</span> 
     </span>
     <span class='ocr_line' id='line_1_34' title="bbox 177 3092 1158 3169; baseline -0.004 -15"><span class='ocrx_word' id='word_1_259' title='bbox 177 3092 336 3154; x_wconf 90' lang='lat' dir='ltr'>drostheni</span> <span class='ocrx_word' id='word_1_260' title='bbox 364 3096 501 3157; x_wconf 88' lang='lat' dir='ltr'>iecerunt</span> <span class='ocrx_word' id='word_1_261' title='bbox 525 3096 592 3157; x_wconf 90' lang='lat' dir='ltr'>acie</span> <span class='ocrx_word' id='word_1_262' title='bbox 616 3097 811 3158; x_wconf 86' lang='lat' dir='ltr'>decernendi.</span> <span class='ocrx_word' id='word_1_263' title='bbox 848 3096 1007 3158; x_wconf 88' lang='lat' dir='ltr'>Niceratus</span> <span class='ocrx_word' id='word_1_264' title='bbox 1034 3098 1158 3169; x_wconf 87' lang='lat' dir='ltr'>praetor</span> 
     </span>
     <span class='ocr_line' id='line_1_35' title="bbox 175 3175 1156 3258; baseline -0.002 -23"><span class='ocrx_word' id='word_1_265' title='bbox 175 3176 371 3238; x_wconf 85' lang='lat' dir='ltr'>Achaeorum</span> <span class='ocrx_word' id='word_1_266' title='bbox 391 3179 527 3258; x_wconf 77' lang='lat' dir='ltr'>Sicyone</span> <span class='ocrx_word' id='word_1_267' title='bbox 550 3185 615 3241; x_wconf 89' lang='lat' dir='ltr'>erat</span> <span class='ocrx_word' id='word_1_268' title='bbox 638 3195 708 3241; x_wconf 85' lang='lat' dir='ltr'>oum</span> <span class='ocrx_word' id='word_1_269' title='bbox 729 3179 851 3242; x_wconf 91' lang='lat' dir='ltr'>duobus</span> <span class='ocrx_word' id='word_1_270' title='bbox 870 3179 990 3240; x_wconf 88' lang='lat' dir='ltr'>milibus</span> <span class='ocrx_word' id='word_1_271' title='bbox 1011 3175 1156 3253; x_wconf 88' lang='lat' dir='ltr'>peditum,</span> 
     </span>
     <span class='ocr_line' id='line_1_36' title="bbox 177 3262 1158 3338; baseline -0.003 -18"><span class='ocrx_word' id='word_1_272' title='bbox 177 3266 298 3320; x_wconf 89' lang='lat' dir='ltr'>centum</span> <span class='ocrx_word' id='word_1_273' title='bbox 318 3262 487 3337; x_wconf 68' lang='lat' dir='ltr'>equitibus:</span> <span class='ocrx_word' id='word_1_274' title='bbox 515 3263 573 3324; x_wconf 89' lang='lat' dir='ltr'>sed</span> <span class='ocrx_word' id='word_1_275' title='bbox 592 3263 740 3338; x_wconf 84' lang='lat' dir='ltr'>imparem</span> <span class='ocrx_word' id='word_1_276' title='bbox 761 3280 797 3325; x_wconf 93' lang='lat' dir='ltr'>se</span> <span class='ocrx_word' id='word_1_277' title='bbox 813 3272 844 3325; x_wconf 94' lang='lat' dir='ltr'>et</span> <span class='ocrx_word' id='word_1_278' title='bbox 858 3279 985 3324; x_wconf 90' lang='lat' dir='ltr'>numero</span> <span class='ocrx_word' id='word_1_279' title='bbox 1000 3267 1030 3321; x_wconf 91' lang='lat' dir='ltr'>et</span> <span class='ocrx_word' id='word_1_280' title='bbox 1043 3274 1158 3336; x_wconf 78' lang='lat' dir='ltr'>genere</span> 
     </span>
     <span class='ocr_line' id='line_1_37' title="bbox 176 3340 1158 3422; baseline -0.001 -19"><span class='ocrx_word' id='word_1_281' title='bbox 176 3345 302 3404; x_wconf 89' lang='lat' dir='ltr'>militum</span> <span class='ocrx_word' id='word_1_282' title='bbox 317 3360 447 3406; x_wconf 88' lang='lat' dir='ltr'>cernens</span> <span class='ocrx_word' id='word_1_283' title='bbox 460 3346 622 3408; x_wconf 90' lang='lat' dir='ltr'>moenibus</span> <span class='ocrx_word' id='word_1_284' title='bbox 637 3364 700 3410; x_wconf 92' lang='lat' dir='ltr'>non</span> <span class='ocrx_word' id='word_1_285' title='bbox 715 3348 893 3409; x_wconf 88' lang='lat' dir='ltr'>excedebat.</span> <span class='ocrx_word' id='word_1_286' title='bbox 927 3346 1032 3422; x_wconf 83' lang='lat' dir='ltr'>regiae</span> <span class='ocrx_word' id='word_1_287' title='bbox 1047 3340 1158 3419; x_wconf 87' lang='lat' dir='ltr'>copiae</span> 
     </span>
     <span class='ocr_line' id='line_1_38' title="bbox 176 3427 1159 3506; baseline -0.002 -18"><span class='ocrx_word' id='word_1_288' title='bbox 176 3428 312 3503; x_wconf 91' lang='lat' dir='ltr'>peditum</span> <span class='ocrx_word' id='word_1_289' title='bbox 333 3429 531 3506; x_wconf 85' lang='lat' dir='ltr'>equitumque</span> <span class='ocrx_word' id='word_1_290' title='bbox 549 3447 647 3506; x_wconf 82' lang='lat' dir='ltr'>vagae</span> <span class='ocrx_word' id='word_1_291' title='bbox 666 3431 876 3492; x_wconf 86' lang='lat' dir='ltr'>Pellenensem</span> <span class='ocrx_word' id='word_1_292' title='bbox 896 3438 926 3491; x_wconf 90' lang='lat' dir='ltr'>et</span> <span class='ocrx_word' id='word_1_293' title='bbox 939 3427 1105 3490; x_wconf 89' lang='lat' dir='ltr'>Phliasium</span> <span class='ocrx_word' id='word_1_294' title='bbox 1128 3434 1159 3487; x_wconf 89' lang='lat' dir='ltr'>et</span> 
     </span>
    </p>
   </div>
   <div class='ocr_carea' id='block_1_5' title="bbox 176 3511 1156 3591">
    <p class='ocr_par' dir='ltr' id='par_1_6' title="bbox 176 3511 1156 3591">
     <span class='ocr_line' id='line_1_39' title="bbox 176 3511 1156 3591; baseline -0.001 -20"><span class='ocrx_word' id='word_1_295' title='bbox 176 3511 361 3575; x_wconf 75' lang='lat' dir='ltr'>Cleonaeum</span> <span class='ocrx_word' id='word_1_296' title='bbox 367 3528 472 3589; x_wconf 76' lang='lat' dir='ltr'>agrum</span> <span class='ocrx_word' id='word_1_297' title='bbox 479 3514 754 3591; x_wconf 91' lang='lat' dir='ltr'>depopulabantur.</span> <span class='ocrx_word' id='word_1_298' title='bbox 766 3520 923 3591; x_wconf 90' lang='lat' dir='ltr'>postremo</span> <span class='ocrx_word' id='word_1_299' title='bbox 931 3511 1156 3589; x_wconf 87' lang='lat' dir='ltr'>exprobrantes</span> 
     </span>
    </p>
   </div>
   <div class='ocr_carea' id='block_1_6' title="bbox 0 0 1304 4000">
    <p class='ocr_par' dir='ltr' id='par_1_7' title="bbox 0 0 1304 4000">
     <span class='ocr_line' id='line_1_40' title="bbox 0 0 1304 4000; baseline 0 2"><span class='ocrx_word' id='word_1_300' title='bbox 0 0 1304 4000; x_wconf 95' lang='lat' dir='ltr'> </span> 
     </span>
    </p>
   </div>
  </div>
 </body>
</html>
