2600 4000
220 245 282 308 186
375 244 491 304 LIBER
505 243 625 304 XXXV.
648 243 728 305 CAP.
748 252 790 305 12.
804 252 846 308 13·
868 249 905 321 [ι.
917 249 952 304 U.
963 266 987 302 c.
999 249 1064 318 559]

218 395 307 456 randi
321 411 378 457 sua
393 394 603 469 occasionem,
624 394 651 454 si
666 409 733 454 eam
748 409 829 469 quae
843 400 905 455 turn
921 401 1006 455 esset
1021 397 1201 468 praetermi-

219 478 323 542 sisset.
337 486 369 540 et
378 478 494 540 nullum
505 478 672 539 exercitum
683 478 853 539 Romanum
863 477 893 537 in
905 476 1032 538 Graecia
1043 493 1123 552 esse,
1139 496 1201 542 nec

220 569 346 639 propter
371 562 515 641 Gythium
540 567 592 623 aut
615 560 783 623 maritimos
809 561 886 622 alios
907 561 1048 621 Laconas
1074 561 1200 638 dignam

220 663 346 708 causam
362 645 589 707 existimaturos
609 647 782 719 Romanos,
804 661 860 705 cur
878 646 1016 719 legiones
1037 662 1144 707 rursus
1167 649 1201 708 in

219 730 378 792 Graeciam
398 729 609 791 transmittant.
640 729 717 790 haec
738 729 779 789 ad
799 727 985 789 incitandum
1002 728 1135 791 animum
1149 738 1201 810 ty-

217 815 306 875 ranni
327 814 520 888 dicebantur,
540 820 589 887 ut,
610 829 680 875 cum
693 813 863 874 Antiochus
885 813 916 872 in
932 813 1091 873 Graeciam
1106 814 1200 875 traie-

218 900 327 970 cisset,
349 898 538 958 conscientia
558 897 690 958 violatae
704 913 760 973 per
774 896 930 959 sociorum
943 896 1069 957 iniurias
1083 898 1200 959 Roma·

216 998 276 1043 nae
290 980 437 1041 amicitiae
452 981 649 1055 coniungeret
663 997 698 1041 se
713 997 782 1042 cum
795 979 958 1041 Antiocho.
980 986 1011 1040 et
1024 980 1201 1057 Philippum

217 1066 369 1144 Nicander
393 1058 475 1126 haud
490 1065 651 1127 dissimili
668 1059 806 1147 oratione
830 1062 982 1139 incitabat
1018 1072 1083 1124 erat
1105 1065 1200 1127 οιιιιιιι

217 1148 314 1208 maior
328 1146 474 1209 erationis
490 1143 628 1221 materia,
646 1144 708 1225 quo
723 1160 762 1210 ex
776 1135 882 1211 altiore
884 1149 1023 1234 lastigie
1032 1164 1087 1209 rex
1103 1165 1201 1224 quam

153 1228 156 1232 ’
216 1240 366 1310 tyrannus
379 1233 534 1294 detractus
550 1240 623 1306 erat,
639 1249 765 1310 quoque
780 1235 882 1309 plnres
898 1233 1081 1308 ademptae
1074 1248 1135 1294 res
1153 1235 1214 1295 ad·
1299 1257 1300 1262 ¹

182 1315 184 1319 ’
216 1316 276 1377 hoc
289 1323 410 1377 vetusta
424 1331 531 1390 regum
544 1316 744 1378 Macedoniae
758 1319 838 1378 lama
853 1322 1095 1392 peragratusque
1109 1317 1197 1378 orbis
1298 1350 1299 1353 π

215 1414 363 1460 terrarum
387 1400 523 1461 victoriis
544 1400 611 1462 eius
631 1402 731 1476 gentis
751 1401 949 1461 referebatur.
981 1407 1011 1461 et
1029 1407 1125 1462 tutum
1143 1402 1197 1463 vel
1298 1408 1299 1411 ’

216 1484 339 1560 incepto
359 1485 409 1545 vel
430 1491 541 1545 eventu
562 1500 598 1544 se
618 1484 778 1546 consilium
799 1486 934 1545 adlerre=
960 1501 1029 1544 nam
1047 1500 1147 1560 neque
1162 1494 1198 1546 ut
1294 1486 1299 1561 ξ

217 1575 288 1629 ante
301 1583 337 1629 se
350 1573 472 1629 moveat
484 1566 659 1643 Philippus,
682 1586 773 1644 quam
786 1569 958 1629 Antiochus
973 1584 1040 1629 cum
1057 1567 1196 1631 exercitu

215 1652 367 1714 transierit
381 1652 411 1711 ιιι
428 1652 593 1724 Graeciam,
608 1653 757 1724 suadere,
779 1659 809 1713 et
824 1652 876 1727 qui
891 1653 958 1713 sine
971 1652 1124 1714 Antiocho
1139 1653 1196 1713 ad-

215 1752 325 1797 versus
339 1737 496 1797 Romanos
509 1736 701 1811 Aetolosque
721 1743 783 1796 tam
804 1737 857 1797 diu
876 1737 1055 1798 sustinuerit
1071 1737 1194 1811 bellurn,

215 1821 244 1880 ci
264 1821 409 1882 adiuncto
423 1820 592 1894 Antiocho,
613 1819 708 1881 sociis
721 1818 856 1892 Aetolis,
879 1820 931 1895 qui
951 1827 1014 1881 tum
1034 1820 1195 1895 graviores

214 1903 321 1964 hostes
344 1920 435 1978 quarn
451 1904 581 1966 Romani
595 1902 731 1977 fuerunt,
754 1902 865 1977 quibus
879 1905 1002 1965 tandem
1015 1903 1132 1964 viribus
1145 1919 1196 1963 re-

215 1987 325 2049 sistere
345 1987 502 2050 Romanos
528 1994 645 2063 posset
675 1986 826 2050 adiciebat
851 1987 891 2047 de
915 1986 995 2049 duce
1013 1988 1194 2063 Hannibale,

214 2077 286 2131 nato
301 2072 452 2133 adversus
462 2074 619 2134 Romanas
634 2072 733 2145 hoste,
750 2071 801 2148 qui
817 2071 922 2147 plures
937 2078 967 2132 et
982 2073 1079 2134 duces
1094 2078 1126 2132 et
1139 2073 1195 2133 mi-

214 2155 282 2216 lites
296 2170 403 2217 eorum
418 2156 593 2232 occidisset,
609 2172 701 2232 quam
716 2162 791 2231 quot
804 2162 1013 2230 superessent.
1036 2156 1114 2216 haec
1124 2154 1193 2216 Phi-

214 2240 300 2317 lippo
322 2240 482 2301 Nicander.
512 2242 571 2301 alia
591 2239 798 2301 Dicaearchus
817 2240 986 2314 Antiocho,
1009 2248 1040 2300 et
1059 2241 1194 2301 omnium

215 2325 343 2399 primurn
368 2325 516 2400 praedam
541 2325 580 2384 de
599 2323 740 2400 Philippo
760 2325 967 2385 Romanorum
988 2339 1060 2385 esse
1080 2324 1195 2397 dicere,

214 2408 372 2468 victoriam
395 2409 590 2468 Aetolorum=
623 2414 654 2467 ct
674 2406 787 2468 aditum
812 2405 842 2466 in
864 2407 1021 2468 Graeciam
1046 2407 1195 2468 Romanis

213 2492 314 2552 nullos
328 2492 406 2550 alios
423 2506 515 2564 quarn
527 2491 655 2550 Aetolos
670 2490 804 2564 dedisse.
821 2497 851 2551 et
864 2491 903 2551 ad
915 2491 1099 2552 vincendum
1111 2491 1194 2551 vires

213 2573 341 2633 eosdem
356 2571 546 2647 praebuisse.
573 2570 685 2632 deinde
699 2581 829 2648 quantas
845 2575 979 2650 peditum
995 2575 1194 2651 equitumque

203 2655 321 2731 copias
345 2655 512 2753 praebituri
525 2655 678 2717 Antiocho
699 2658 739 2717 ad
758 2657 870 2720 bellum
890 2667 1010 2734 essent,
1031 2674 1110 2735 quae
1123 2661 1195 2718 loca

189 2737 424 2825 „terrestribus
430 2737 556 2817 copiis,
569 2756 647 2816 quos
670 2748 778 2816 portus
799 2741 965 2804 maritimis.
992 2726 1054 2805 tum
1070 2742 1109 2803 de
1122 2740 1193 2805 Phi·

172 2822 175 2828 '
214 2824 299 2899 lippo
325 2831 356 2884 et
374 2822 491 2884 Nabide
506 2824 626 2901 lib'e'ro
629 2821 797 2911 mendacio
821 2821 1018 2910 abutebatur}
1053 2833 1192 2902 paratum

155 2892 163 2942 ·'
211 2911 378 2985 utrumqne
385 2908 425 2967 ad
435 2905 646 2970 rebellandum
657 2901 737 2990 esse,
752 2916 782 2970 et
793 2923 921 2986 primam
935 2921 1090 2987 quamque
1102 2925 1192 2971 occa
1298 2930 1300 2933 ·

213 2989 333 3052 sionem
340 2987 545 3070 reciperandi
566 3008 604 3054 ea
609 3010 709 3077 quae
713 2991 794 3055 helle
807 2994 988 3071 ‘amisissent
1002 3002 1190 3069 arrepturos.

212 3074 254 3134 ita
267 3092 343 3154 per
343 3082 439 3137 totum
454 3076 544 3138 simul
559 3067 676 3150 orbem
679 3071 831 3156 terrarum
833 3066 942 3156 {lietoli
955 3077 1103 3140 Romanis
1118 3092 1190 3137 con-
1229 3120 1233 3124 -

212 3150 345 3220 citabant
359 3160 501 3220 bellum.
515 3169 545 3220 et
558 3173 648 3235 reges
662 3162 762 3221 tamen
778 3150 905 3223 autnon
920 3163 996 3232 nibli
1007 3168 1060 3224 aut
1074 3161 1193 3222 tardius

212 3244 284 3303 moti
304 3249 384 3305 sunt.
411 3243 488 3302 Xlll.
516 3243 610 3319 Nabis
630 3248 784 3342 extemplo
806 3246 888 3306 circa
909 3247 1009 3309 omnis
1023 3245 1193 3306 maritimos

212 3326 297 3388 vicos
312 3326 426 3388 dimisit
440 3328 480 3386 ad
493 3326 679 3388 seditiones
671 3346 701 3388 ιιι
713 3329 751 3389 iis
762 3328 953 3402 miscendas·
976 3337 1010 3391 ct
1018 3328 1097 3391 alios
1109 3328 1193 3405 prin·

211 3410 312 3487 cipum
329 3411 419 3471 donis
435 3411 475 3470 ad
489 3427 577 3471 suam
592 3427 717 3473 causam
731 3408 888 3488 p‘er'duxit,
904 3415 991 3475 alios
997 3412 1194 3489 pertinaciter

211 3492 241 3553 in
263 3494 561 3555 societateRomana
582 3496 732 3555 manentis
754 3495 873 3561 occidit.
905 3494 1040 3558 Achaeis
1057 3495 1192 3557 emnium
