2600 4000
144 285 148 293 ·
195 247 257 311 loo
321 245 435 307 LIBER
450 244 611 324 xnxvnl.
634 242 717 304 ΟΑΡ.
730 250 773 305 35.
785 250 829 305 36.
851 244 887 321 [a.
902 248 936 299 U.
950 264 974 300 c.
986 244 1048 320 obl]

195 397 362 477 provinciis
383 404 414 459 et
427 394 612 458 exercitibus
627 403 767 457 senatum
781 396 1007 457 consuluerunt.
1027 395 1068 455 de
1082 397 1172 459 Aeto

196 482 235 545 ia
249 489 279 544 et
291 480 369 542 Asia
381 479 455 540 nihil
468 486 614 540 mutatum
627 485 685 539 cst
710 477 888 541 consulibus
903 478 990 539 alteri
1003 477 1094 539 Pisae
1108 494 1180 541 cunr

195 565 372 643 Liguribus,
394 560 481 625 alteri
494 562 591 623 Gallia
605 562 763 638 provincia
776 562 900 623 decreta
912 566 968 622 cst.
998 577 1182 637 comparare

195 651 273 711 ‘nter
286 664 321 710 se
331 653 384 709 aut
393 643 495 707 sortiri
505 644 593 720 iussi,
607 651 638 706 ct
647 660 748 707 novos
758 645 921 718 exercitus,
936 643 1181 720 binas-legiones

196 733 345 804 scribere,
365 736 397 792 et
415 736 449 791 ut
460 728 554 790 sociis
568 726 666 789 Labui
680 725 812 791 nominis
826 727 919 803 quina
932 726 1013 788 dena
1027 726 1110 788 milia
1125 744 1179 804 pe-

196 817 290 879 ditum
302 816 487 891 imperarent
499 818 530 873 et
543 810 624 872 mille
638 818 670 874 et
688 811 838 874 ducentos
855 810 984 889 equites.
1011 810 1181 872 Messallae

195 900 339 976 Ligures,
361 895 523 959 Salinatori
545 893 654 971 obtim't
672 894 777 955 Gallia.
806 902 965 971 praetores
990 893 1062 954 inde
1080 895 1180 956 sortiti

196 990 282 1045 sunta
303 981 344 1042 Μ.
359 978 484 1043 claudio
498 979 625 1053 urbana,
646 978 679 1037 P.
693 975 819 1039 claudio
833 976 997 1054 peregrina
1005 974 1180 1038 iurisdictio
1260 1001 1263 1008 ·

196 1065 305 1138 evenit,
321 1063 354 1138 Q.
369 1062 484 1124 biarcio
498 1061 616 1125 Siciliae
637 1061 668 1121 0.
681 1058 841 1123 Stertinius
852 1059 1032 1134 Sardiniam,
1046 1060 1080 1120 L.
1091 1060 1178 1121 Μιιιι-

195 1149 254 1208 lius
267 1144 446 1222 Hispaniam
461 1145 640 1219 citeriorem,
657 1144 689 1206 c.
702 1144 822 1206 Atinius
836 1142 1010 1206 ulteriorem
1024 1151 1073 1205 est
1085 1145 1176 1206 sorti-

195 1238 254 1292 tus.
276 1228 409 1290 xxxvl.
429 1229 469 1289 de
483 1227 668 1290 exercitibus
683 1226 726 1289 lta
738 1228 860 1303 placuit,
872 1244 912 1289 ex
928 1225 1025 1289 Gallia
1038 1227 1176 1302 legiones
1218 1241 1220 1244 ’

196 1328 276 1390 quae
290 1311 347 1372 sub
362 1311 392 1371 c.
408 1310 511 1372 Laelio
526 1311 660 1386 iueraut,
680 1311 721 1373 ad
733 1311 774 1372 Μ.
787 1311 932 1373 luceium
945 1317 1176 1387 propraetorem

196 1394 226 1457 in
246 1393 380 1456 Bruttios
396 1394 528 1465 traduci;
551 1400 581 1455 et
600 1395 654 1471 qui
668 1395 699 1456 in
713 1393 817 1455 Sicilia
832 1401 924 1470 esset,
939 1392 1045 1455 dimitti
1059 1395 1177 1454 exerci-

197 1486 275 1550 tum,
301 1484 332 1538 et
352 1477 497 1550 classem,
523 1492 602 1553 quae
622 1476 666 1538 ibi
685 1482 784 1551 esset,
809 1479 938 1539 Romam
956 1477 1117 1538 reduceret
1135 1477 1178 1537 Μ.

159 1554 170 1615 ἶ
197 1560 396 1638 Sempronius
408 1566 597 1637 propraetor.
618 1560 774 1636 Hispaniis
785 1560 924 1637 singulae
933 1560 1082 1637 legiones,
1096 1577 1178 1637 quae

197 1653 259 1707 tum
273 1645 302 1706 in
316 1645 365 1707 his
380 1641 545 1722 provinciis
560 1652 656 1719 erant,
671 1644 821 1719 decretae,
836 1650 866 1706 et
879 1652 914 1706 ut
926 1651 1012 1705 terna
1024 1644 1107 1705 milia
1120 1660 1176 1720 pe-

196 1730 300 1806 ditum,
322 1729 459 1791 ducenos
474 1727 593 1805 equites
607 1728 697 1788 ambo
707 1733 870 1804 praetores
883 1729 914 1790 ln
929 1728 1177 1806 supplementum

197 1811 291 1874 sociis
304 1812 487 1890 imperarent
499 1826 668 1888 secumque
682 1817 931 1888 transportarent
953 1811 1133 1888 priusquam
1145 1811 1176 1871 ia

198 1895 372 1972 provincias
386 1896 459 1958 novi
472 1894 666 1970 magistratus
685 1893 966 1972 proficiscerentur,
990 1894 1175 1971 snpplicatio

197 1978 327 2039 triduum
348 1994 404 2054 pro
426 1977 554 2055 collegio
569 1979 811 2042 decemvirorum
830 1977 977 2057 imperata
995 1978 1052 2042 ibit
1064 1978 1096 2039 in
1111 1994 1174 2040 om-

197 2057 286 2123 nibns
307 2063 462 2139 compitis,
488 2063 573 2139 quod
591 2064 662 2125 luce
681 2062 759 2124 inter
779 2063 886 2124 horam
904 2064 1022 2124 tertiam
1037 2065 1132 2124 tenne
1145 2071 1176 2125 et

198 2153 334 2221 quartam
365 2148 509 2209 tenebrae
539 2146 666 2211 obortae
689 2148 815 2209 fueraut.
854 2153 885 2208 et
908 2145 1100 2210 novemdiale
1125 2164 1175 2209 sa·

197 2228 343 2292 euticium
362 2230 507 2293 indictum
528 2239 590 2307 est,
613 2231 697 2308 quod
716 2232 746 2292 in
760 2230 912 2292 Aventino
934 2228 1087 2308 lapidibus
1109 2233 1174 2307 plu·

197 2314 302 2376 uisset.

281 2398 438 2474 Campani,
460 2414 526 2459 cum
541 2414 597 2460 eos
611 2415 651 2459 ex
666 2405 792 2461 senatus
807 2400 957 2470 consulto,
973 2398 1057 2473 quod
1069 2397 1175 2474 priore

196 2495 276 2540 anno
293 2482 404 2542 lactum
418 2487 496 2556 erat,
518 2496 664 2543 censores
678 2483 794 2543 Romae
814 2481 1172 2557 censericoegissent—

197 2577 266 2622 nam
280 2568 371 2623 antea
383 2562 531 2624 incertum
545 2565 643 2625 luerat
665 2563 716 2624 ubi
730 2571 943 2640 censerentur,
956 2564 1174 2640 -petierunt,

197 2652 229 2705 ut
248 2641 306 2704 sibi
327 2643 411 2703 cives
431 2644 586 2706 Romanas
607 2645 721 2708 ducere
740 2663 853 2708 uxores
878 2649 997 2721 liceret,
1022 2655 1053 2709 et
1070 2648 1097 2708 si
1120 2649 1172 2724 qni

196 2725 282 2802 prius
296 2725 472 2802 duxissent,
495 2736 528 2790 ut
541 2728 656 2791 habere
669 2746 733 2806 eas,
748 2738 779 2792 et
793 2730 854 2792 nati
866 2739 937 2794 ante
951 2745 1019 2791 eam
1034 2730 1115 2803 diem
1129 2732 1172 2793 uti

194 2810 265 2869 iusti
281 2808 339 2871 sibi
354 2808 440 2872 liberi
453 2811 647 2889 heredesque
662 2818 781 2875 essent(
796 2821 927 2892 utraque
938 2831 989 2876 res
1003 2814 1172 2890 impetrata.

195 2892 234 2952 de
247 2892 416 2971 Formianis
430 2895 649 2974 Fundanisque
664 2896 868 2975 municipibus
885 2907 916 2960 ct
928 2898 1128 2974 Arpinatibus
1140 2900 1172 2959 c.

194 2975 335 3038 Valerius
346 2979 452 3055 Tappo
467 2980 605 3044 tribunus
615 2982 719 3058 plebis
733 2981 944 3059 promulgavit
964 2988 997 3042 ut
1010 2980 1048 3042 iis
1063 2980 1172 3043 suma

194 3058 236 3134 gii
249 3059 376 3121 latio-
388 3078 458 3123 nam
473 3070 563 3125 antea
583 3063 650 3127 sine
670 3064 817 3141 suffragio
839 3065 1007 3127 habuerant
1022 3063 1172 3127 civitatem

194 3173 237 3186 -
251 3149 345 3206 esset
367 3144 438 3208 huie
451 3147 600 3223 rogationi
616 3155 760 3223 quattuor
774 3146 886 3211 tribuni
899 3148 1009 3225 plebis,
1025 3149 1172 3222 quianon

195 3240 234 3285 ex
248 3228 425 3290 auctoritate
439 3238 564 3292 senatus
580 3232 717 3307 terretur,
738 3248 806 3295 cum
820 3231 1051 3305 intercederent,
1072 3230 1173 3292 edocti

195 3310 300 3386 populi
313 3328 399 3387 esse,
420 3328 482 3373 non
502 3321 627 3375 senatus
644 3315 692 3376 ius
706 3315 883 3391 suffragium
905 3315 1017 3391 quibus
1032 3313 1106 3376 velit
1119 3313 1172 3374 im-

196 3394 322 3471 pertire,
349 3395 527 3458 destiterunt
547 3395 681 3475 incepto.
715 3400 833 3475 rogatio
856 3399 973 3475 perlata
997 3405 1070 3471 est,
1083 3404 1118 3458 ut
1141 3397 1172 3465 in

197 3476 324 3539 Aemilia
338 3480 417 3543 tribu
429 3479 582 3575 liormiani
598 3490 629 3543 et
641 3482 788 3549 Fundani,
808 3483 837 3541 in
854 3481 994 3544 Cornelia
1006 3480 1172 3555 Arpinates
