2600 4000
198 261 204 305 ἲ
223 274 283 338 100
359 271 475 332 LIBER
487 269 619 333 xxxiii.
642 270 725 330 CAP.
741 279 783 333 19.
798 282 842 333 no.
865 276 949 345 [stt.
961 278 1059 345 assa]

218 443 290 489 uum
301 425 331 486 in
342 422 471 502 proelio,
483 421 580 484 maior
591 420 736 497 cupidine
747 421 918 497 praedandi
929 423 1032 499 palata
1041 440 1197 501 peragras
1298 453 1299 484 t

218 527 312 573 caesa
326 516 383 570 est
405 506 518 583 quibus
533 507 606 582 luga
619 505 650 566 in
667 504 813 582 expedito
828 506 899 580 fuit,
914 522 954 568 ne
968 515 1115 583 temptato
1131 506 1197 584 qui·
1299 518 1300 589 Ῑ

218 596 289 656 dem
303 608 379 653 casu
393 606 517 668 pugnae
531 588 563 650 in
577 590 656 663 lines
670 606 745 651 suos
760 588 924 651 redierunt.
947 607 986 651 ea
998 607 1061 651 una
1071 591 1197 667 expedi·
1299 606 1300 621 ³

218 677 300 741 tione
315 693 377 738 non
391 690 448 751 pro
459 673 579 749 reliquo
595 680 677 735 stetu
691 674 831 735 romanae
842 675 923 735 lacta
932 673 1057 736 relectis
1073 691 1215 744 suorum¹
1299 676 1300 679 ’

217 760 327 823 animis
341 756 593 820 Thessalonicam
608 772 681 818 sese
695 756 821 833 recepit

300 839 1197 919 NontamintemporePuuicumbellumtenninatumerat,

217 945 257 990 ne
269 927 359 990 simul
370 933 401 987 et
410 923 624 1001 cumPhilippo
638 926 717 986 toret
725 925 910 999 bellandum,
925 940 1018 1000 quam
1024 932 1197 1002 opportune
1299 922 1300 937 ¹

218 1013 278 1074 iam
291 1008 446 1071 Antiocho
460 1023 500 1068 ex
515 1007 607 1087 Syria
620 1015 763 1070 movente
776 1008 891 1070 bellum
903 1007 1064 1085 Philippus
1084 1016 1133 1071 est
1147 1026 1196 1072 su·

218 1101 359 1173 peratusr
384 1108 456 1154 nam
479 1099 696 1168 praeterquam
717 1091 803 1167 quod
823 1090 944 1153 facilius
967 1108 1037 1153 cum
1055 1090 1195 1168 singulis,

219 1195 312 1256 quarn
326 1176 354 1239 si
367 1176 399 1238 iu
409 1193 504 1237 unum
518 1176 609 1237 ambo
625 1173 715 1238 simul
729 1173 932 1237 contulissent
944 1174 1038 1250 vires,
1054 1177 1198 1239 balatum

219 1270 276 1336 est,
291 1258 441 1337 Hispania
455 1275 580 1336 quoque
595 1259 653 1320 sub
667 1259 749 1321 idem
759 1267 880 1335 tempus
892 1274 1004 1335 magno
1019 1261 1148 1323 tumultu
1158 1261 1199 1321 ad

219 1346 332 1407 bellum
346 1342 548 1407 consurrexit.
582 1341 754 1404 Antiochus
770 1360 839 1405 cum
853 1342 957 1418 priore
970 1351 1087 1405 aestate
1102 1344 1197 1405 omni-
1291 1391 1294 1418 ,

219 1432 278 1491 bus
295 1428 420 1505 quaein
435 1427 527 1488 (loele
543 1425 634 1504 Syria
648 1435 721 1489 sunt
735 1424 908 1489 civitatibus
923 1443 964 1488 ex
977 1426 1143 1489 Ptolemaei
1153 1426 1198 1487 di·
1289 1457 1293 1488 ι

220 1514 309 1576 cionc
323 1511 355 1572 in
370 1528 458 1573 suam
472 1517 656 1586 potestatem
669 1509 803 1572 redactis
814 1509 846 1571 in
860 1509 989 1571 hiberna
1003 1509 1199 1573 Antiochiam

220 1595 444 1669 concessisset,
472 1592 567 1655 nihilo
593 1592 745 1670 quietiora
769 1610 807 1655 ea
830 1592 909 1670 ipsis
932 1592 1059 1660 aestivis
1082 1594 1198 1657 habuit.

221 1680 362 1743 omnibus
377 1678 458 1740 enim
471 1677 559 1754 regni
574 1676 690 1738 viribus
705 1676 836 1739 conixus
857 1694 927 1740 curn
940 1677 1075 1753 ingentis
1090 1678 1201 1758 copias

220 1763 372 1826 terrestris
401 1761 629 1838 maritimasque
657 1771 887 1838 comparasset,
923 1760 1076 1838 principio
1105 1761 1200 1833 veris,

219 1845 400 1925 praemissis
416 1854 496 1907 terra
511 1861 581 1907 cum
595 1843 733 1907 exercitu
746 1843 818 1906 liliis
833 1845 955 1908 duobus
969 1846 1077 1923 Ardye
1092 1862 1130 1908 ac
1143 1842 1201 1905 hli-

222 1931 359 2004 thridato,
374 1928 533 2007 iussisque
547 1928 697 1990 Sardibus
713 1946 748 1990 se
763 1928 912 2006 opperiri,
927 1927 997 2006 ipse
1012 1946 1083 1991 eum
1098 1931 1200 1991 classe
1299 1972 1300 1977 η

221 2023 343 2077 centum
356 2019 504 2076 tectarum
518 2011 656 2088 navium,
677 2014 717 2074 ad
731 2014 791 2076 hoc
805 2012 972 2075 levioribus
987 2013 1118 2092 navigiis
1134 2030 1201 2076 cer-

222 2096 367 2178 cyrisque
382 2113 419 2157 ac
433 2096 543 2159 lembis
558 2095 713 2171 ducentis,
729 2096 943 2173 proficiscitur,
960 2096 1051 2160 simtu
1064 2115 1122 2175 per
1135 2115 1198 2159 om·

221 2200 292 2245 nem
306 2198 391 2245 oram
406 2180 528 2243 Ciliciae
542 2180 720 2259 Lyciaeque,
731 2189 763 2244 et
773 2179 879 2242 Cariae
889 2189 1091 2257 temptaturus
1105 2183 1201 2244 urbes

223 2266 347 2344 quaein
362 2263 484 2328 dicione
490 2265 656 2327 Ptolemaei
670 2273 785 2341 essent,
797 2264 887 2326 simul
900 2263 1202 2341 Phineum-nee-
1268 2302 1270 2307 ψ
1299 2295 1300 2300 1

222 2354 294 2421 dum
314 2350 394 2411 anim
415 2349 600 2410 debellatum
620 2356 741 2410 orat-
754 2346 892 2410 exercitu
906 2346 1100 2425 navibusque
1114 2347 1206 2411 adiu*
1298 2380 1299 2419 ;

222 2444 319 2496 turus.
684 2459 687 2463 >
969 2432 975 2473 ¹
1067 2450 1070 2457 ’

303 2516 367 2576 XX.
401 2513 496 2575 Multa
517 2512 640 2589 egregie
660 2512 773 2575 Rhodii
794 2531 850 2590 pro
871 2515 933 2576 fide
958 2531 1031 2591 erga
1050 2515 1205 2591 populum

225 2602 393 2660 Romanum
407 2612 528 2672 proque
542 2595 686 2658 universo
701 2596 824 2659 nomine
842 2598 1028 2660 Graecorum
1042 2605 1124 2660 terra
1137 2615 1205 2661 ma·

222 2681 311 2757 rique
325 2678 394 2741 ausi
409 2687 494 2742 sunta
514 2677 588 2741 nihil
602 2680 845 2756 magnificentius
868 2699 960 2758 quam
975 2683 1060 2759 quod
1074 2698 1113 2744 ea
1125 2690 1205 2751 tem-

223 2771 353 2842 pestate,
369 2779 430 2825 non
441 2761 536 2825 territi
548 2770 630 2826 tanta
640 2765 722 2826 mole
736 2764 920 2828 imminentis
931 2765 1013 2844 belli,
1028 2768 1147 2842 legatos
1162 2765 1207 2825 ad
1299 2793 1300 2796 ¹

222 2864 328 2925 regem
340 2846 498 2923 misemnt,
511 2864 551 2908 ne
566 2846 760 2910 Chelidonias
770 2882 813 2893 -
827 2849 1069 2927 promunturium
1080 2847 1207 2910 Ciliciae

224 2939 280 3006 cst,
296 2930 443 2995 inclutum
457 2932 583 2993 loedere
597 2931 723 3008 antiquo
738 2930 972 2994 Atheniensium
993 2950 1063 2995 cum
1076 2930 1207 3007 regibus

223 3016 384 3076 Persarum
397 3048 438 3060 --
452 3023 622 3090 superaret.
645 3014 673 3076 si
684 3032 722 3077 eo
735 3015 796 3076 fine
809 3033 871 3077 non
886 3015 1057 3079 contineret
1071 3018 1208 3077 classem

225 3098 395 3175 copiasque
410 3115 499 3172 suas,
517 3115 552 3160 so
567 3098 690 3160 obviam
703 3097 816 3174 ituros,
831 3116 894 3162 nou
908 3101 948 3162 ab
963 3099 1035 3162 odio
1051 3101 1130 3174 ullo,
1146 3098 1209 3159 sed

224 3198 263 3242 ne
278 3181 422 3258 coniungi
436 3198 505 3243 eum
518 3180 659 3258 Philippo
671 3191 848 3258 paterentur
858 3191 889 3246 et
899 3182 1118 3261 impedimento
1132 3198 1210 3243 esse

223 3265 370 3327 Romanis
385 3264 584 3329 liberantibus
600 3265 767 3327 Graeciam.
797 3266 995 3330 coracesium
1010 3283 1047 3329 eo
1064 3275 1210 3342 tempore

225 3348 395 3410 Antiochus
417 3348 563 3424 operibus
585 3351 793 3426 oppugnabat.
841 3351 996 3431 Zephyrio
1019 3358 1050 3412 et
1070 3348 1153 3412 Solis
1177 3356 1211 3408 et

223 3431 626 3512 AphrodisiadeetCoryco,
638 3441 669 3495 et
680 3442 824 3510 superato
833 3434 1211 3510 Anemurio-promun-

225 3515 335 3582 tarium
349 3515 380 3577 id
396 3532 521 3594 quoque
537 3515 659 3578 Ciliciae
674 3526 774 3578 est-
786 3517 943 3580 Selinunte
954 3525 1091 3595 recepto,
1108 3511 1213 3577 omni·
1274 3514 1278 3519 ’
