2600 4000
272 257 388 318 timna
401 236 534 318 xxxvl.
558 258 898 334 salasensem
1010 259 1072 325 aaa

98 413 141 472 sis
156 416 314 484 evenerat,
328 408 450 483 triginta
464 408 594 469 navibus
606 408 721 484 paratis
730 408 862 469 'maicere
873 409 903 468 in
915 409 1072 473 Graeciam

96 495 194 570 primo
216 508 340 569 quoque
360 499 498 568 tempore
518 494 638 569 iussus,
664 499 694 553 et
712 491 751 552 ab
765 491 857 553 Atilio
877 509 974 554 naves
993 496 1073 555 acci·

96 593 180 654 pere.
201 584 323 637 veteres
338 592 449 651 naves,
465 578 590 653 quaein
605 575 765 637 navalibus
781 582 875 652 erant,
889 585 923 637 ut
935 577 1074 639 reficeret

97 670 127 723 et
139 667 284 733 armaret,
305 661 345 720 M.
361 660 448 722 lunio
467 660 602 737 praetori
621 659 776 735 negotium
792 660 895 721 datum
910 667 972 736 est,
993 662 1072 721 etin

97 761 164 805 eam
179 747 310 805 classem
325 746 429 805 socios
447 746 574 805 navales
588 743 747 805 libertinos
759 745 883 819 legeret.
912 744 962 804 ΙΙΙ.
983 745 1073 819 legati

97 828 173 889 terni
193 829 222 887 in
243 829 378 889 Africam
399 829 439 888 ad
458 828 722 903 Carthaginienses
743 834 774 888 'et
793 828 823 886 in
843 828 1015 890 Numidiam
1034 830 1073 889 ad

97 911 1073 988 irumentmnrogandum,quodinGraeciamportaretur,missi;
1126 961 1130 967 .

98 1013 153 1073 pro
170 1012 232 1073 quo
248 997 377 1072 pretium
391 998 526 1057 solveret
540 998 675 1073 populus
690 997 856 1057 Romanus.
885 997 1027 1072 adeoque
1041 997 1072 1057 in

97 1088 277 1158 apparatum
292 1095 458 1156 curamque
472 1080 539 1141 eius
554 1080 626 1141 belli
646 1079 755 1141 civitas
775 1080 889 1141 intenta
903 1080 971 1153 fait,
994 1088 1028 1142 ut
1041 1081 1072 1140 P.

97 1165 254 1227 cornelius
270 1164 380 1224 consul
394 1165 541 1241 ediceret,
564 1164 616 1240 qui
630 1170 790 1225 senatores
805 1162 932 1239 essent,
947 1164 1072 1241 qulbus·

97 1264 157 1325 que
171 1249 202 1308 in
218 1253 327 1309 senatu
341 1248 521 1309 sententiam
536 1248 639 1309 dIcere
658 1247 778 1320 liceret,
800 1247 916 1325 quique
937 1249 1072 1310 minores

95 1335 290 1408 magistratus
305 1337 425 1408 essent,
440 1348 479 1392 ne
494 1333 563 1409 quis
578 1348 683 1394 eorum
698 1332 819 1408 longius
835 1334 874 1393 ab
888 1332 965 1393 urbe
975 1334 1072 1394 Roma

96 1417 193 1476 abiret
204 1432 296 1492 quam
305 1416 388 1476 unde
399 1432 437 1478 ea
451 1417 502 1477 die
511 1417 613 1477 redire
623 1424 748 1492 possem
771 1423 1073 1493 neveunotempore

97 1501 232 1575 quinque
244 1506 405 1561 senatores
415 1500 454 1560 ab
465 1500 807 1563 urbeRomaabessent.
821 1501 852 1560 in
864 1503 1072 1576 comparanda

1 1644 3 1649 ,
97 1584 223 1660 'mpigre
243 1585 345 1645 classe
365 1583 396 1645 0.
409 1584 527 1645 Livium
547 1591 720 1660 praetorem
743 1584 895 1647 contentio
917 1590 983 1644 orta
1003 1599 1071 1643 curn

97 1667 214 1728 colonis
233 1667 389 1730 maritimis
409 1669 568 1744 paulisper
588 1671 690 1731 tenuit.
718 1685 789 1728 narn
807 1684 876 1729 curn
891 1672 1072 1741 cogerentur

97 1751 126 1812 in
142 1752 286 1827 classem,
302 1752 441 1814 tribunos
455 1753 538 1829 plebi
550 1755 757 1831 appellarunt=
779 1751 819 1811 ab
831 1751 870 1811 iis
881 1751 922 1810 ad
931 1756 1071 1811 senatum

100 1835 198 1896 reiecti
213 1840 293 1897 sunt.
322 1844 447 1899 senatus
462 1838 503 1899 ita
517 1843 551 1898 ut
564 1839 603 1897 ad
617 1853 712 1898 unum
726 1850 834 1896 omnes
855 1834 1070 1909 consentirent,

95 1921 230 1980 decrevit
241 1920 429 1981 vacationem
439 1922 485 1981 rei
495 1920 613 1980 navalis
624 1922 670 1980 eis
682 1920 800 1980 colonis
812 1935 874 1980 non
886 1934 967 1980 esse.
988 1916 1071 1979 Ostia
1135 1949 1138 1956 ·

94 2011 125 2065 et
135 2004 292 2078 Fregenae
306 2011 338 2064 et
349 2004 486 2063 Castrum
501 2018 614 2063 novum
633 2011 664 2066 et
672 2003 765 2081 Pyrgi
780 2003 941 2065 etAutiunr
955 2009 986 2063 et
998 2006 1070 2065 Tar-

94 2088 200 2146 racina
213 2092 244 2145 et
257 2086 427 2146 Minturnae
441 2092 472 2146 et
483 2084 635 2145 Sinuessa
649 2087 785 2161 luerunt,
804 2103 884 2162 qaae
899 2102 968 2147 cunr
982 2103 1082 2163 prae·v

95 2176 161 2229 tore
176 2170 216 2228 de
229 2168 390 2229 vacatione
409 2174 610 2228 certaverunt.
640 2172 748 2229 consul
763 2170 875 2230 deinde
889 2170 939 2229 Μ’.
953 2170 1070 2231 Acilius

95 2268 135 2312 ex
150 2259 276 2313 senatus
291 2253 432 2314 consulto
448 2253 488 2311 ad
500 2252 662 2326 collegium
673 2252 818 2315 fetialium
828 2251 955 2328 rettulit,
970 2253 1071 2329 ipsine

94 2335 200 2412 utique
213 2335 279 2412 regi
289 2335 443 2406 annocho,
455 2336 640 2396 indiceretur
653 2337 780 2412 bellum,
795 2355 834 2399 an
849 2338 925 2399 satis
937 2342 1022 2399 esset
1031 2338 1071 2397 ad

95 2420 282 2496 praesidium
297 2421 422 2496 aliquod
437 2420 503 2482 eius
515 2420 669 2491 nuntiare;
692 2428 723 2483 et
733 2438 806 2482 num
815 2422 934 2483 Aetolis
947 2435 1071 2497 quoque

1 2509 2 2540 l
94 2505 258 2579 separa'tirn
272 2504 365 2565 indici
379 2505 519 2566 iuberent
536 2505 665 2576 bellum;
688 2512 718 2566 et
737 2522 809 2566 num
830 2507 916 2582 prius
937 2505 1069 2566 societas

94 2589 140 2649 eis
160 2596 190 2650 et
202 2588 340 2650 amiam
358 2589 561 2651 renuntianda
580 2596 666 2650 esset
686 2606 777 2666 quarn
802 2592 914 2652 bellum
934 2589 1069 2651 indicen-

92 2673 175 2733 dum.
191 2673 309 2734 fetiales
319 2674 549 2748 responderunt
559 2673 618 2733 iarn
629 2681 701 2734 ante
711 2690 792 2750 sese,
800 2691 868 2736 cum
876 2674 1068 2751 dePhilippo
1095 2742 1099 2749 ,

92 2757 341 2828 consulerentur,
355 2756 534 2817 decrevisse
549 2757 622 2816 nihil
636 2759 765 2832 reterre,
781 2759 841 2835 ipsi
857 2774 961 2819 coram
975 2774 1015 2818 an
1030 2758 1070 2817 ad

93 2838 282 2914 praesidium
293 2838 490 2900 nuntiaretur.
506 2836 668 2900 amicitiam
679 2841 879 2902 renuntiatam
887 2841 993 2917 videri,
1001 2857 1084 2902 cum.

91 2922 201 2998 legatis
222 2922 334 2984 totiens
354 2922 563 2998 repetentibus
582 2939 634 2984 res
657 2938 715 2984 nee
736 2925 824 2984 reddi
845 2940 903 2985 nec
928 2925 1069 2985 satisfieri

92 3022 227 3083 aequum
242 3006 445 3092 censuissent.
473 3008 602 3069 Aetolos
616 3008 695 3068 ultro
710 3007 769 3068 sibi
783 3009 896 3069 bellum
910 3006 1069 3083 indixisse,

92 3106 162 3151 cum
176 3090 400 3152 Demetriadem
416 3090 572 3162 sociorum
585 3092 693 3152 urbem
709 3093 838 3167 pervim
853 3100 1067 3166 occupassent,

92 3173 269 3236 Chalcidem
284 3181 365 3236 terra
378 3175 517 3252 marique
532 3181 743 3251 oppugnatum
756 3176 868 3250 issent,
887 3188 992 3258 regern
1006 3177 1066 3235 An·

91 3257 226 3328 tiochum
240 3260 272 3318 in
284 3259 439 3335 Europam
460 3260 501 3320 ad
520 3260 633 3321 bellurn
654 3261 770 3336 populo
785 3262 923 3323 Romano
938 3260 1069 3320 inferen-
1186 3241 1189 3246 ⁴

91 3341 167 3401 dum
180 3342 397 3404 traduxissent.
419 3344 561 3407 omnibus
575 3342 637 3405 iam
653 3343 729 3404 satis
741 3344 924 3421 comparatis
936 3343 986 3403 Μ’.
998 3343 1068 3421 Aci·

92 3424 1068 3504 liusconsuledixitutquosL.Quinctiusailitescanscripsisset

91 3516 123 3571 et
137 3525 218 3584 quos
233 3507 327 3571 sociis
342 3511 519 3588 nominique
532 3511 637 3572 Latino
653 3509 850 3588 imperasset,
866 3525 954 3586 quos.
963 3522 1067 3569 secum
