2600 4000
281 238 394 300 LIBER
407 239 553 300 xxxvll.
575 238 659 299 CAP·
671 246 715 301 36.
731 248 775 304 37.
798 246 835 314 [a.
848 247 880 299 C.
895 246 954 313 190]
1040 238 1104 302 293

125 393 301 469 praesentia
314 391 468 453 mentione
480 391 674 467 pacistotam
686 407 789 452 euram
801 391 913 452 inbelli
926 400 1105 468 apparatum

125 475 262 537 intendit.

207 559 354 621 XXXVII.
383 559 498 621 consul
520 558 663 621 amnibus
684 560 875 636 praeparatis
890 559 931 620 ad
947 560 1106 635 proposita

123 643 326 720 exsequenda
340 660 409 705 cum
424 660 464 704 ex
477 642 597 706 stativis
609 644 765 719 movisset,
777 643 953 708 Dardanum
967 642 1105 719 primum,

124 728 236 789 deinde
249 726 434 804 Rhoeteum,
456 734 587 804 utraque
607 728 728 790 civitate
743 726 864 788 obviam
880 727 995 801 effusa,
1012 727 1106 788 venit.

123 813 196 873 inde
209 811 297 872 ilium
317 812 486 887 processit,
507 812 681 888 castrisque
702 812 733 872 in
754 827 879 887 campo,
903 810 955 888 qui
971 816 1019 870 est
1032 811 1091 871 sub

122 896 220 957 iectus
235 895 413 968 moenibus,
439 896 549 971 positis
564 896 595 956 in
609 898 717 958 urbem
732 910 897 971 arcemque
912 911 982 955 curn
997 909 1105 953 escen-

123 980 235 1055 disset,
258 979 445 1041 sacrificavit
458 979 614 1040 Minervae
627 979 764 1056 praesidi
779 979 876 1054 arcis,
898 986 928 1040 et
942 977 1105 1038 Iliensibus

123 1063 152 1123 in
168 1063 251 1126 amni
271 1079 373 1123 rerum
393 1062 622 1140 verborumque
642 1064 761 1125 honore
775 1064 814 1124 ab
829 1079 864 1123 se
880 1062 1028 1123 oriundos
1043 1062 1104 1123 Ro-

121 1163 230 1209 manos
245 1146 498 1223 praeferentibus,
513 1153 544 1208 ot
553 1148 700 1209 Romanis
714 1146 802 1208 laetis
815 1146 931 1223 origine
944 1162 1011 1207 sua.
1032 1146 1104 1206 inde

122 1232 252 1307 proiecti
273 1230 370 1292 sextis
390 1230 500 1292 castris
516 1233 556 1292 ad
571 1239 665 1308 caput
680 1231 762 1293 Caici
775 1231 1103 1306 amnispervenerunt.

120 1333 159 1378 eo
175 1321 206 1378 et
218 1316 372 1376 Eumenes
392 1331 463 1391 rex,
485 1316 582 1392 primo
598 1324 727 1379 conatus
743 1316 782 1375 ab
796 1316 997 1391 Hellesponto
1012 1316 1101 1376 redu-

121 1415 193 1461 cere
213 1402 346 1461 classem
367 1400 397 1459 in
418 1398 545 1461 hiberna
558 1400 699 1474 Elaeam,
722 1401 862 1462 adversis
877 1400 989 1461 deinde
1003 1399 1103 1459 ventis

123 1500 190 1544 curn
211 1483 330 1557 aliquot
349 1484 460 1545 diebus
481 1500 629 1561 superare
643 1486 758 1547 Lecton
782 1484 1026 1559 promunturium
1041 1499 1104 1542 non

121 1567 282 1644 potuisset,
296 1566 328 1627 in
340 1573 451 1629 terram
464 1584 618 1644 egressus,
635 1586 674 1631 ne
686 1571 812 1631 deesset
822 1567 980 1644 principiis
992 1581 1103 1640 rerum,

120 1668 183 1727 qua
203 1651 376 1727 proximum
397 1652 467 1727 luit,
490 1653 521 1713 in
541 1661 642 1715 castra
656 1656 795 1714 Romana
815 1665 885 1711 curn
903 1664 1103 1724 parvamanu

121 1736 286 1796 contendit.
322 1752 361 1797 ex
376 1737 485 1799 castris
500 1738 678 1814 Pergamum
693 1735 843 1797 remissus
859 1733 899 1792 ad
915 1738 1102 1794 commeatus

119 1820 347 1896 expediendos,
370 1821 479 1883 tradito
501 1823 651 1882 frumento
673 1819 785 1894 quibus
799 1815 933 1878 iusserat
948 1815 1055 1877 consul
1072 1817 1102 1875 in

118 1905 227 1965 eadem
242 1905 352 1964 stativa
365 1904 463 1964 rediit.
486 1905 558 1963 inde
574 1901 705 1978 plurium
721 1901 839 1961 dierum
854 1899 1044 1976 praeparatis
1060 1898 1102 1960 ci-

118 1986 212 2047 bariis
227 1986 388 2047 consilium
403 1991 469 2046 erat
482 1986 526 2047 ire
541 1987 581 2045 ad
596 1986 725 2059 hostem,
743 1985 922 2061 priusquam
937 1984 1034 2047 hiems
1046 1999 1101 2059 op·

119 2071 273 2143 primeret.

203 2149 301 2226 Regia
312 2157 414 2212 castra
425 2152 507 2212 circa
515 2151 690 2231 Thyatiram
702 2159 797 2212 erant.
820 2152 870 2212 ubi
882 2168 951 2213 cum
963 2152 1102 2212 audisset

117 2233 290 2296 Antiochus
303 2235 336 2295 P.
350 2232 526 2310 Scipionem
541 2252 667 2311 aegrum
678 2236 802 2296 Elaeam
816 2237 960 2311 delatum,
974 2236 1101 2311 legatos,

2 2320 3 2343 ¹
119 2319 172 2395 qui
192 2318 286 2379 fllium
304 2321 345 2379 ad
365 2335 435 2380 eum
455 2320 651 2393 reducerent,
675 2320 764 2380 misit.
799 2336 862 2381 non
883 2320 985 2381 aalma
1001 2320 1100 2381 solum

2 2464 3 2469 ,
118 2403 217 2478 patrio
237 2411 356 2479 gratum
377 2420 504 2479 munus,
526 2406 584 2464 sed
604 2403 728 2481 corpori
750 2419 876 2481 quoque
890 2405 1012 2465 salubre
1026 2419 1101 2479 gau-

118 2488 201 2549 dium
216 2488 286 2559 lait;
309 2487 501 2562 satiatusque
513 2489 634 2551 tandem
647 2489 812 2564 complexu
822 2487 876 2549 lilii
890 2487 1101 2565 „renuntiate“

2 2578 3 2653 l
116 2572 216 2648 inquit
230 2573 364 2648 „gratias
379 2573 445 2649 regi
458 2589 507 2633 me
518 2588 625 2648 agere:
647 2575 764 2636 reterre
778 2573 906 2648 gratiam
918 2572 1006 2634 aliam
1018 2589 1100 2634 nunc

116 2671 178 2716 non
193 2672 298 2732 posse,
315 2673 406 2732 quarn
420 2663 454 2716 ut
464 2658 620 2732 suadeam,
636 2674 676 2719 ne
688 2664 757 2718 ante
770 2657 800 2716 in
811 2658 908 2718 aciem
920 2656 1099 2732 descendat

117 2755 210 2813 quam
229 2740 260 2797 in
281 2746 383 2800 castra
402 2756 451 2799 me
470 2741 592 2801 redisse
613 2740 773 2802 audierit.“
810 2757 993 2815 quamquam
1009 2756 1099 2801 sexa-

116 2822 200 2896 ginta
221 2821 387 2883 duomilia
407 2824 558 2898 peditum,
585 2825 656 2898 plus
678 2823 841 2884 duodecim
860 2824 942 2884 milia
962 2825 1098 2900 equitum

116 2905 235 2966 animos
249 2906 400 2967 interdum
413 2907 454 2967 ad
468 2923 557 2982 spem
573 2907 745 2968 certaminis
761 2907 922 2982 iaciebant,
939 2917 1039 2969 motus
1055 2916 1098 2969 ta-

115 3005 185 3051 men
200 2990 374 3052 Antiochus
396 2992 469 3051 tanti
480 3014 481 3017 ¹
491 2992 671 3052 auctoritate
691 2991 762 3062 viri,
785 2991 815 3050 in
831 3007 892 3067 quo
908 2991 949 3051 ad
964 2992 1097 3054 incertos

114 3073 187 3134 belli
208 3080 339 3135 eventus
361 3075 460 3135 omnis
482 3078 623 3135 fortunae
644 3080 792 3151 posuerat
806 3074 959 3148 subsidia,
980 3076 1098 3151 recepit

115 3172 166 3232 se,
191 3164 221 3218 et
241 3166 456 3234 transgressus
476 3158 641 3238 Phrygium
663 3174 782 3220 amnem
806 3158 887 3220 circa
907 3158 1097 3235 Magnesiam

116 3255 195 3314 quae
214 3241 254 3302 ad
268 3241 410 3321 Sipylum
430 3251 479 3304 est
498 3244 604 3318 posuit
623 3252 739 3316 castra,
767 3249 798 3304 et
812 3260 867 3320 ne,
888 3243 916 3304 si
937 3243 1097 3305 extrahere

114 3328 235 3398 tempus
250 3328 350 3402 vellet,
364 3325 550 3388 munimenta
559 3327 688 3389 Romani
702 3333 892 3402 temptarent,
908 3327 1025 3388 lassam
1039 3341 1096 3385 sex

2 3418 3 3489 t
115 3406 217 3466 cubita
230 3409 330 3482 altam,
346 3410 509 3471 duodecim
523 3413 615 3470 latam
630 3426 700 3471 cum
716 3411 865 3482 duxisset,
884 3418 970 3471 extra
980 3409 1096 3484 duplex

116 3488 228 3549 vallum
254 3491 358 3553 iossae
378 3490 591 3565 circumdedit,
617 3491 761 3554 interiore
781 3495 867 3556 labro
888 3508 1006 3553 murum
1026 3505 1095 3551 oum
