<?xml version="1.0" encoding="UTF-8"?>
<!DOCTYPE html PUBLIC "-//W3C//DTD XHTML 1.0 Transitional//EN"
    "http://www.w3.org/TR/xhtml1/DTD/xhtml1-transitional.dtd">
<html xmlns="http://www.w3.org/1999/xhtml" xml:lang="en" lang="en">
 <head>
  <title>
</title>
<meta http-equiv="Content-Type" content="text/html;charset=utf-8" />
  <meta name='ocr-system' content='tesseract 3.04.00' />
  <meta name='ocr-capabilities' content='ocr_page ocr_carea ocr_par ocr_line ocrx_word'/>
</head>
<body>
  <div class='ocr_page' id='page_1' title='image "./aburbeconditali00mlgoog_0124.png"; bbox 0 0 2600 4000; ppageno 0'>
   <div class='ocr_carea' id='block_1_1' title="bbox 200 256 1031 332">
    <p class='ocr_par' dir='ltr' id='par_1_1' title="bbox 200 256 1031 332">
     <span class='ocr_line' id='line_1_1' title="bbox 200 256 1031 332; baseline -0.005 -10"><span class='ocrx_word' id='word_1_1' title='bbox 200 259 241 322; x_wconf 89' lang='grc'>90</span> <span class='ocrx_word' id='word_1_2' title='bbox 357 256 473 317; x_wconf 84' lang='lat' dir='ltr'><strong>LIBER</strong></span> <span class='ocrx_word' id='word_1_3' title='bbox 486 256 618 317; x_wconf 82' lang='lat' dir='ltr'>xxxlll.</span> <span class='ocrx_word' id='word_1_4' title='bbox 640 257 724 317; x_wconf 77' lang='lat' dir='ltr'>CAP-</span> <span class='ocrx_word' id='word_1_5' title='bbox 738 264 765 319; x_wconf 85' lang='grc'>8.</span> <span class='ocrx_word' id='word_1_6' title='bbox 777 262 803 317; x_wconf 86' lang='grc'>9.</span> <span class='ocrx_word' id='word_1_7' title='bbox 825 263 862 332; x_wconf 81' lang='lat' dir='ltr'>[a.</span> <span class='ocrx_word' id='word_1_8' title='bbox 876 263 913 316; x_wconf 84' lang='lat' dir='ltr'>U.</span> <span class='ocrx_word' id='word_1_9' title='bbox 927 280 952 317; x_wconf 82' lang='lat' dir='ltr'>c.</span> <span class='ocrx_word' id='word_1_10' title='bbox 966 265 1031 331; x_wconf 76' lang='lat'><strong>555]</strong></span> 
     </span>
    </p>
   </div>
   <div class='ocr_carea' id='block_1_2' title="bbox 192 408 1179 2916">
    <p class='ocr_par' dir='ltr' id='par_1_2' title="bbox 192 408 1179 2916">
     <span class='ocr_line' id='line_1_2' title="bbox 198 408 1179 486; baseline -0.001 -13"><span class='ocrx_word' id='word_1_11' title='bbox 198 416 312 474; x_wconf 80' lang='lat' dir='ltr'>elatus:</span> <span class='ocrx_word' id='word_1_12' title='bbox 335 426 408 471; x_wconf 87' lang='lat' dir='ltr'>mox</span> <span class='ocrx_word' id='word_1_13' title='bbox 422 408 643 484; x_wconf 74' lang='lat' dir='ltr'><strong>refugientibus</strong></span> <span class='ocrx_word' id='word_1_14' title='bbox 659 408 725 469; x_wconf 90' lang='lat' dir='ltr'>suis</span> <span class='ocrx_word' id='word_1_15' title='bbox 735 414 766 468; x_wconf 89' lang='lat' dir='ltr'>et</span> <span class='ocrx_word' id='word_1_16' title='bbox 774 416 891 470; x_wconf 88' lang='lat' dir='ltr'>terrore</span> <span class='ocrx_word' id='word_1_17' title='bbox 902 423 1004 484; x_wconf 91' lang='lat' dir='ltr'>verso,</span> <span class='ocrx_word' id='word_1_18' title='bbox 1018 410 1179 486; x_wconf 83' lang='lat' dir='ltr'>paulisper</span> 
     </span>
     <span class='ocr_line' id='line_1_3' title="bbox 198 491 1179 570; baseline -0.001 -13"><span class='ocrx_word' id='word_1_19' title='bbox 198 498 341 570; x_wconf 90' lang='lat' dir='ltr'>incertus,</span> <span class='ocrx_word' id='word_1_20' title='bbox 357 511 396 554; x_wconf 91' lang='lat' dir='ltr'>an</span> <span class='ocrx_word' id='word_1_21' title='bbox 409 494 440 553; x_wconf 91' lang='lat' dir='ltr'>in</span> <span class='ocrx_word' id='word_1_22' title='bbox 455 498 556 553; x_wconf 85' lang='lat' dir='ltr'>castra</span> <span class='ocrx_word' id='word_1_23' title='bbox 567 492 719 568; x_wconf 86' lang='lat' dir='ltr'>reciperat</span> <span class='ocrx_word' id='word_1_24' title='bbox 734 492 849 567; x_wconf 90' lang='lat' dir='ltr'>copias,</span> <span class='ocrx_word' id='word_1_25' title='bbox 865 491 1044 567; x_wconf 73' lang='lat' dir='ltr'>trepidavit,</span> <span class='ocrx_word' id='word_1_26' title='bbox 1065 492 1179 556; x_wconf 86' lang='lat' dir='ltr'>deindo</span> 
     </span>
     <span class='ocr_line' id='line_1_4' title="bbox 197 574 1178 655; baseline -0.003 -13"><span class='ocrx_word' id='word_1_27' title='bbox 197 588 231 642; x_wconf 90' lang='lat' dir='ltr'>ut</span> <span class='ocrx_word' id='word_1_28' title='bbox 250 577 520 655; x_wconf 79' lang='lat' dir='ltr'>appropinquabat</span> <span class='ocrx_word' id='word_1_29' title='bbox 538 574 651 649; x_wconf 90' lang='lat' dir='ltr'>hostis,</span> <span class='ocrx_word' id='word_1_30' title='bbox 674 583 704 636; x_wconf 91' lang='lat' dir='ltr'>et</span> <span class='ocrx_word' id='word_1_31' title='bbox 725 582 939 651; x_wconf 83' lang='lat' dir='ltr'>praeterquam</span> <span class='ocrx_word' id='word_1_32' title='bbox 961 576 1046 652; x_wconf 90' lang='lat' dir='ltr'>quod</span> <span class='ocrx_word' id='word_1_33' title='bbox 1068 579 1178 639; x_wconf 90' lang='lat' dir='ltr'>caede-</span> 
     </span>
     <span class='ocr_line' id='line_1_5' title="bbox 197 659 1178 737; baseline -0.003 -12"><span class='ocrx_word' id='word_1_34' title='bbox 197 664 307 725; x_wconf 91' lang='lat' dir='ltr'>bantur</span> <span class='ocrx_word' id='word_1_35' title='bbox 331 661 447 735; x_wconf 89' lang='lat' dir='ltr'>aversi,</span> <span class='ocrx_word' id='word_1_36' title='bbox 473 675 531 721; x_wconf 90' lang='lat' dir='ltr'>nec</span> <span class='ocrx_word' id='word_1_37' title='bbox 552 659 611 719; x_wconf 92' lang='lat' dir='ltr'>nisi</span> <span class='ocrx_word' id='word_1_38' title='bbox 632 659 870 720; x_wconf 77' lang='lat' dir='ltr'>defenderentur</span> <span class='ocrx_word' id='word_1_39' title='bbox 889 660 1006 720; x_wconf 90' lang='lat' dir='ltr'>servari</span> <span class='ocrx_word' id='word_1_40' title='bbox 1027 668 1178 737; x_wconf 82' lang='lat' dir='ltr'>poterant,</span> 
     </span>
     <span class='ocr_line' id='line_1_6' title="bbox 197 741 1177 823; baseline 0 -15"><span class='ocrx_word' id='word_1_41' title='bbox 197 763 237 808; x_wconf 89' lang='lat' dir='ltr'>ne</span> <span class='ocrx_word' id='word_1_42' title='bbox 250 746 311 823; x_wconf 92' lang='lat' dir='ltr'>ipsi</span> <span class='ocrx_word' id='word_1_43' title='bbox 329 746 452 823; x_wconf 90' lang='lat' dir='ltr'>quidem</span> <span class='ocrx_word' id='word_1_44' title='bbox 465 741 497 804; x_wconf 91' lang='lat' dir='ltr'>in</span> <span class='ocrx_word' id='word_1_45' title='bbox 513 749 575 804; x_wconf 89' lang='lat' dir='ltr'>tuto</span> <span class='ocrx_word' id='word_1_46' title='bbox 590 743 650 803; x_wconf 90' lang='lat' dir='ltr'>iarn</span> <span class='ocrx_word' id='word_1_47' title='bbox 659 750 803 819; x_wconf 88' lang='lat' dir='ltr'>receptus</span> <span class='ocrx_word' id='word_1_48' title='bbox 815 749 888 818; x_wconf 88' lang='lat' dir='ltr'>erat,</span> <span class='ocrx_word' id='word_1_49' title='bbox 904 749 1030 805; x_wconf 85' lang='lat' dir='ltr'>coactus</span> <span class='ocrx_word' id='word_1_50' title='bbox 1042 746 1177 808; x_wconf 87' lang='lat' dir='ltr'>nondum</span> 
     </span>
     <span class='ocr_line' id='line_1_7' title="bbox 197 826 1175 905; baseline -0.003 -13"><span class='ocrx_word' id='word_1_51' title='bbox 197 832 346 892; x_wconf 90' lang='lat' dir='ltr'>adsecuta</span> <span class='ocrx_word' id='word_1_52' title='bbox 365 834 453 905; x_wconf 88' lang='lat' dir='ltr'>parte</span> <span class='ocrx_word' id='word_1_53' title='bbox 473 843 598 889; x_wconf 84' lang='lat' dir='ltr'>suorum</span> <span class='ocrx_word' id='word_1_54' title='bbox 614 826 784 902; x_wconf 91' lang='lat' dir='ltr'>periculum</span> <span class='ocrx_word' id='word_1_55' title='bbox 798 842 936 888; x_wconf 88' lang='lat' dir='ltr'>summae</span> <span class='ocrx_word' id='word_1_56' title='bbox 949 843 1051 889; x_wconf 85' lang='lat' dir='ltr'>rerum</span> <span class='ocrx_word' id='word_1_57' title='bbox 1066 830 1175 903; x_wconf 85' lang='lat' dir='ltr'>lacere,</span> 
     </span>
     <span class='ocr_line' id='line_1_8' title="bbox 197 909 1176 992; baseline -0.004 -16"><span class='ocrx_word' id='word_1_58' title='bbox 197 914 316 992; x_wconf 88' lang='lat' dir='ltr'>equites</span> <span class='ocrx_word' id='word_1_59' title='bbox 327 914 488 988; x_wconf 89' lang='lat' dir='ltr'>levemque</span> <span class='ocrx_word' id='word_1_60' title='bbox 496 918 687 985; x_wconf 88' lang='lat' dir='ltr'>armaturam,</span> <span class='ocrx_word' id='word_1_61' title='bbox 694 911 746 987; x_wconf 90' lang='lat' dir='ltr'>qui</span> <span class='ocrx_word' id='word_1_62' title='bbox 757 909 789 971; x_wconf 90' lang='lat' dir='ltr'>in</span> <span class='ocrx_word' id='word_1_63' title='bbox 802 911 921 986; x_wconf 90' lang='lat' dir='ltr'>proelio</span> <span class='ocrx_word' id='word_1_64' title='bbox 933 912 1176 986; x_wconf 77' lang='lat' dir='ltr'>fuerantdextro</span> 
     </span>
     <span class='ocr_line' id='line_1_9' title="bbox 197 994 1176 1071; baseline -0.002 -13"><span class='ocrx_word' id='word_1_65' title='bbox 197 998 228 1058; x_wconf 90' lang='lat' dir='ltr'>ln</span> <span class='ocrx_word' id='word_1_66' title='bbox 240 1014 337 1059; x_wconf 89' lang='lat' dir='ltr'>cornu</span> <span class='ocrx_word' id='word_1_67' title='bbox 346 998 437 1071; x_wconf 82' lang='lat' dir='ltr'>locat,</span> <span class='ocrx_word' id='word_1_68' title='bbox 445 994 479 1033; x_wconf 82' lang='lat'>**</span> <span class='ocrx_word' id='word_1_69' title='bbox 491 1001 658 1056; x_wconf 76' lang='lat' dir='ltr'>caetratosz</span> <span class='ocrx_word' id='word_1_70' title='bbox 672 994 875 1056; x_wconf 79' lang='lat' dir='ltr'>Macedonum</span> <span class='ocrx_word' id='word_1_71' title='bbox 886 994 1068 1071; x_wconf 83' lang='lat' dir='ltr'>phalangem</span> <span class='ocrx_word' id='word_1_72' title='bbox 1078 995 1176 1058; x_wconf 84' lang='lat' dir='ltr'>hastis</span> 
     </span>
     <span class='ocr_line' id='line_1_10' title="bbox 198 1078 1175 1161; baseline 0.001 -18"><span class='ocrx_word' id='word_1_73' title='bbox 198 1081 322 1161; x_wconf 89' lang='lat' dir='ltr'>positis,</span> <span class='ocrx_word' id='word_1_74' title='bbox 345 1095 472 1157; x_wconf 87' lang='lat' dir='ltr'>quarum</span> <span class='ocrx_word' id='word_1_75' title='bbox 487 1078 644 1155; x_wconf 91' lang='lat' dir='ltr'>longitudo</span> <span class='ocrx_word' id='word_1_76' title='bbox 660 1079 876 1154; x_wconf 89' lang='lat' dir='ltr'>impedimento</span> <span class='ocrx_word' id='word_1_77' title='bbox 893 1086 972 1153; x_wconf 89' lang='lat' dir='ltr'>erat,</span> <span class='ocrx_word' id='word_1_78' title='bbox 988 1079 1097 1155; x_wconf 78' lang='lat' dir='ltr'>gladiis</span> <span class='ocrx_word' id='word_1_79' title='bbox 1111 1095 1175 1144; x_wconf 88' lang='lat' dir='ltr'>rem</span> 
     </span>
     <span class='ocr_line' id='line_1_11' title="bbox 195 1163 1174 1241; baseline -0.005 -15"><span class='ocrx_word' id='word_1_80' title='bbox 195 1182 304 1241; x_wconf 90' lang='lat' dir='ltr'>gerere</span> <span class='ocrx_word' id='word_1_81' title='bbox 317 1164 409 1225; x_wconf 88' lang='lat' dir='ltr'>iubet.</span> <span class='ocrx_word' id='word_1_82' title='bbox 442 1164 533 1225; x_wconf 90' lang='lat' dir='ltr'>simul</span> <span class='ocrx_word' id='word_1_83' title='bbox 548 1178 587 1223; x_wconf 90' lang='lat' dir='ltr'>ne</span> <span class='ocrx_word' id='word_1_84' title='bbox 602 1163 690 1223; x_wconf 80' lang='lat' dir='ltr'>facile</span> <span class='ocrx_word' id='word_1_85' title='bbox 704 1171 954 1239; x_wconf 88' lang='lat' dir='ltr'>perrumperetur</span> <span class='ocrx_word' id='word_1_86' title='bbox 968 1163 1066 1238; x_wconf 86' lang='lat' dir='ltr'>acies,</span> <span class='ocrx_word' id='word_1_87' title='bbox 1089 1163 1174 1223; x_wconf 89' lang='lat' dir='ltr'>dirui·</span> 
     </span>
     <span class='ocr_line' id='line_1_12' title="bbox 196 1245 1175 1323; baseline -0.004 -12"><span class='ocrx_word' id='word_1_88' title='bbox 196 1248 279 1311; x_wconf 90' lang='lat' dir='ltr'>dium</span> <span class='ocrx_word' id='word_1_89' title='bbox 303 1249 342 1309; x_wconf 91' lang='lat' dir='ltr'>de</span> <span class='ocrx_word' id='word_1_90' title='bbox 366 1248 466 1309; x_wconf 82' lang='lat' dir='ltr'>fronte</span> <span class='ocrx_word' id='word_1_91' title='bbox 491 1248 647 1322; x_wconf 86' lang='lat' dir='ltr'>dempturn</span> <span class='ocrx_word' id='word_1_92' title='bbox 672 1247 823 1308; x_wconf 86' lang='lat' dir='ltr'>introrsus</span> <span class='ocrx_word' id='word_1_93' title='bbox 843 1247 994 1323; x_wconf 78' lang='lat' dir='ltr'>porrectIs</span> <span class='ocrx_word' id='word_1_94' title='bbox 1016 1245 1175 1307; x_wconf 89' lang='lat' dir='ltr'>ordinibus</span> 
     </span>
     <span class='ocr_line' id='line_1_13' title="bbox 196 1329 1176 1409; baseline -0.005 -14"><span class='ocrx_word' id='word_1_95' title='bbox 196 1334 344 1409; x_wconf 78' lang='lat' dir='ltr'>duplicat,</span> <span class='ocrx_word' id='word_1_96' title='bbox 364 1338 398 1392; x_wconf 90' lang='lat' dir='ltr'>ut</span> <span class='ocrx_word' id='word_1_97' title='bbox 412 1332 509 1407; x_wconf 88' lang='lat' dir='ltr'>longa</span> <span class='ocrx_word' id='word_1_98' title='bbox 517 1330 621 1408; x_wconf 88' lang='lat' dir='ltr'>potius</span> <span class='ocrx_word' id='word_1_99' title='bbox 637 1348 729 1407; x_wconf 89' lang='lat' dir='ltr'>quam</span> <span class='ocrx_word' id='word_1_100' title='bbox 745 1333 807 1391; x_wconf 86' lang='lat' dir='ltr'>lata</span> <span class='ocrx_word' id='word_1_101' title='bbox 821 1331 905 1391; x_wconf 91' lang='lat' dir='ltr'>acies</span> <span class='ocrx_word' id='word_1_102' title='bbox 921 1336 1019 1405; x_wconf 89' lang='lat' dir='ltr'>esset,</span> <span class='ocrx_word' id='word_1_103' title='bbox 1040 1329 1176 1391; x_wconf 90' lang='lat' dir='ltr'>simulet</span> 
     </span>
     <span class='ocr_line' id='line_1_14' title="bbox 196 1414 1174 1491; baseline -0.005 -13"><span class='ocrx_word' id='word_1_104' title='bbox 196 1416 320 1478; x_wconf 91' lang='lat' dir='ltr'>densari</span> <span class='ocrx_word' id='word_1_105' title='bbox 332 1414 457 1477; x_wconf 90' lang='lat' dir='ltr'>ordines</span> <span class='ocrx_word' id='word_1_106' title='bbox 468 1415 566 1491; x_wconf 90' lang='lat' dir='ltr'>iussit,</span> <span class='ocrx_word' id='word_1_107' title='bbox 581 1424 614 1476; x_wconf 90' lang='lat' dir='ltr'>ut</span> <span class='ocrx_word' id='word_1_108' title='bbox 624 1415 672 1474; x_wconf 91' lang='lat' dir='ltr'>vir</span> <span class='ocrx_word' id='word_1_109' title='bbox 681 1415 758 1488; x_wconf 90' lang='lat' dir='ltr'>viro,</span> <span class='ocrx_word' id='word_1_110' title='bbox 769 1430 854 1474; x_wconf 89' lang='lat' dir='ltr'>arma</span> <span class='ocrx_word' id='word_1_111' title='bbox 866 1415 957 1475; x_wconf 89' lang='lat' dir='ltr'>armis</span> <span class='ocrx_word' id='word_1_112' title='bbox 968 1414 1174 1489; x_wconf 86' lang='lat' dir='ltr'>iungerentur.</span> 
     </span>
     <span class='ocr_line' id='line_1_15' title="bbox 195 1497 1176 1575; baseline -0.003 -14"><span class='ocrx_word' id='word_1_113' title='bbox 195 1502 244 1561; x_wconf 86' lang='lat' dir='ltr'>IX.</span> <span class='ocrx_word' id='word_1_114' title='bbox 275 1500 432 1574; x_wconf 83' lang='lat' dir='ltr'>Quinctius</span> <span class='ocrx_word' id='word_1_115' title='bbox 456 1499 505 1560; x_wconf 94' lang='lat' dir='ltr'>his</span> <span class='ocrx_word' id='word_1_116' title='bbox 529 1499 581 1575; x_wconf 92' lang='lat' dir='ltr'>qui</span> <span class='ocrx_word' id='word_1_117' title='bbox 602 1500 632 1559; x_wconf 94' lang='lat' dir='ltr'>in</span> <span class='ocrx_word' id='word_1_118' title='bbox 653 1499 770 1574; x_wconf 88' lang='lat' dir='ltr'>proelio</span> <span class='ocrx_word' id='word_1_119' title='bbox 797 1499 917 1559; x_wconf 87' lang='lat' dir='ltr'>lucrant</span> <span class='ocrx_word' id='word_1_120' title='bbox 933 1499 1010 1558; x_wconf 88' lang='lat' dir='ltr'>inter</span> <span class='ocrx_word' id='word_1_121' title='bbox 1037 1497 1126 1572; x_wconf 91' lang='lat' dir='ltr'>signa</span> <span class='ocrx_word' id='word_1_122' title='bbox 1145 1505 1176 1558; x_wconf 88' lang='lat' dir='ltr'>et</span> 
     </span>
     <span class='ocr_line' id='line_1_16' title="bbox 196 1581 1176 1659; baseline -0.003 -15"><span class='ocrx_word' id='word_1_123' title='bbox 196 1584 320 1645; x_wconf 89' lang='lat' dir='ltr'>ordines</span> <span class='ocrx_word' id='word_1_124' title='bbox 333 1581 469 1659; x_wconf 87' lang='lat' dir='ltr'>acceptis</span> <span class='ocrx_word' id='word_1_125' title='bbox 479 1583 553 1643; x_wconf 88' lang='lat' dir='ltr'>tuba</span> <span class='ocrx_word' id='word_1_126' title='bbox 564 1582 617 1643; x_wconf 89' lang='lat' dir='ltr'>dat</span> <span class='ocrx_word' id='word_1_127' title='bbox 626 1581 757 1658; x_wconf 89' lang='lat' dir='ltr'>signum.</span> <span class='ocrx_word' id='word_1_128' title='bbox 777 1597 847 1643; x_wconf 89' lang='lat' dir='ltr'>raro</span> <span class='ocrx_word' id='word_1_129' title='bbox 859 1583 935 1642; x_wconf 90' lang='lat' dir='ltr'>alias</span> <span class='ocrx_word' id='word_1_130' title='bbox 946 1589 1048 1643; x_wconf 90' lang='lat' dir='ltr'>tantus</span> <span class='ocrx_word' id='word_1_131' title='bbox 1061 1583 1176 1642; x_wconf 89' lang='lat' dir='ltr'>clamor</span> 
     </span>
     <span class='ocr_line' id='line_1_17' title="bbox 196 1667 1175 1743; baseline -0.003 -15"><span class='ocrx_word' id='word_1_132' title='bbox 196 1669 305 1730; x_wconf 89' lang='lat' dir='ltr'>dicitur</span> <span class='ocrx_word' id='word_1_133' title='bbox 324 1668 356 1728; x_wconf 91' lang='lat' dir='ltr'>iu</span> <span class='ocrx_word' id='word_1_134' title='bbox 375 1667 525 1743; x_wconf 91' lang='lat' dir='ltr'>principio</span> <span class='ocrx_word' id='word_1_135' title='bbox 546 1681 670 1743; x_wconf 84' lang='lat' dir='ltr'>pugnae</span> <span class='ocrx_word' id='word_1_136' title='bbox 690 1671 831 1726; x_wconf 88' lang='lat' dir='ltr'>exortus=</span> <span class='ocrx_word' id='word_1_137' title='bbox 858 1682 930 1726; x_wconf 92' lang='lat' dir='ltr'>nam</span> <span class='ocrx_word' id='word_1_138' title='bbox 950 1668 1029 1726; x_wconf 83' lang='lat' dir='ltr'>sorte</span> <span class='ocrx_word' id='word_1_139' title='bbox 1044 1673 1175 1740; x_wconf 86' lang='lat' dir='ltr'>utraque</span> 
     </span>
     <span class='ocr_line' id='line_1_18' title="bbox 195 1749 1175 1825; baseline -0.003 -13"><span class='ocrx_word' id='word_1_140' title='bbox 195 1752 279 1813; x_wconf 88' lang='lat' dir='ltr'>acies</span> <span class='ocrx_word' id='word_1_141' title='bbox 295 1752 385 1812; x_wconf 90' lang='lat' dir='ltr'>simul</span> <span class='ocrx_word' id='word_1_142' title='bbox 400 1752 643 1825; x_wconf 81' lang='lat' dir='ltr'>conclamavere,</span> <span class='ocrx_word' id='word_1_143' title='bbox 662 1765 720 1810; x_wconf 93' lang='lat' dir='ltr'>nec</span> <span class='ocrx_word' id='word_1_144' title='bbox 734 1752 834 1810; x_wconf 91' lang='lat' dir='ltr'>solum</span> <span class='ocrx_word' id='word_1_145' title='bbox 849 1750 902 1825; x_wconf 90' lang='lat' dir='ltr'>qui</span> <span class='ocrx_word' id='word_1_146' title='bbox 916 1749 1102 1825; x_wconf 76' lang='lat' dir='ltr'>pugnabant</span> <span class='ocrx_word' id='word_1_147' title='bbox 1118 1749 1175 1809; x_wconf 90' lang='lat' dir='ltr'>sed</span> 
     </span>
     <span class='ocr_line' id='line_1_19' title="bbox 194 1832 1173 1911; baseline -0.003 -15"><span class='ocrx_word' id='word_1_148' title='bbox 194 1834 336 1896; x_wconf 89' lang='lat' dir='ltr'>subsidia</span> <span class='ocrx_word' id='word_1_149' title='bbox 350 1834 440 1908; x_wconf 83' lang='lat' dir='ltr'>etiarn</span> <span class='ocrx_word' id='word_1_150' title='bbox 455 1836 569 1911; x_wconf 85' lang='lat' dir='ltr'>quique</span> <span class='ocrx_word' id='word_1_151' title='bbox 583 1841 646 1895; x_wconf 92' lang='lat' dir='ltr'>tum</span> <span class='ocrx_word' id='word_1_152' title='bbox 656 1832 787 1894; x_wconf 85' lang='lat' dir='ltr'>maxime</span> <span class='ocrx_word' id='word_1_153' title='bbox 798 1833 828 1892; x_wconf 91' lang='lat' dir='ltr'>in</span> <span class='ocrx_word' id='word_1_154' title='bbox 841 1834 991 1907; x_wconf 90' lang='lat' dir='ltr'>proelium</span> <span class='ocrx_word' id='word_1_155' title='bbox 1002 1832 1173 1894; x_wconf 90' lang='lat' dir='ltr'>veniebant</span> 
     </span>
     <span class='ocr_line' id='line_1_20' title="bbox 195 1916 1174 1993; baseline -0.001 -14"><span class='ocrx_word' id='word_1_156' title='bbox 195 1919 303 1979; x_wconf 89' lang='lat' dir='ltr'>dextro</span> <span class='ocrx_word' id='word_1_157' title='bbox 320 1933 416 1979; x_wconf 92' lang='lat' dir='ltr'>cornu</span> <span class='ocrx_word' id='word_1_158' title='bbox 428 1933 485 1978; x_wconf 88' lang='lat' dir='ltr'>rex</span> <span class='ocrx_word' id='word_1_159' title='bbox 499 1919 558 1979; x_wconf 90' lang='lat' dir='ltr'>loci</span> <span class='ocrx_word' id='word_1_160' title='bbox 572 1918 734 1993; x_wconf 89' lang='lat' dir='ltr'>plurimum</span> <span class='ocrx_word' id='word_1_161' title='bbox 750 1917 863 1977; x_wconf 88' lang='lat' dir='ltr'>auxilio</span> <span class='ocrx_word' id='word_1_162' title='bbox 875 1932 915 1977; x_wconf 89' lang='lat' dir='ltr'>ex</span> <span class='ocrx_word' id='word_1_163' title='bbox 925 1917 1004 1993; x_wconf 88' lang='lat' dir='ltr'>iugis</span> <span class='ocrx_word' id='word_1_164' title='bbox 1017 1916 1174 1979; x_wconf 86' lang='lat' dir='ltr'>altioribus</span> 
     </span>
     <span class='ocr_line' id='line_1_21' title="bbox 194 1999 1174 2079; baseline -0.001 -16"><span class='ocrx_word' id='word_1_165' title='bbox 194 2018 336 2079; x_wconf 89' lang='lat' dir='ltr'>pugnans</span> <span class='ocrx_word' id='word_1_166' title='bbox 356 1999 511 2074; x_wconf 86' lang='lat' dir='ltr'>vincebat;</span> <span class='ocrx_word' id='word_1_167' title='bbox 539 2003 663 2065; x_wconf 87' lang='lat' dir='ltr'>sinistro</span> <span class='ocrx_word' id='word_1_168' title='bbox 683 2011 746 2063; x_wconf 89' lang='lat' dir='ltr'>tum</span> <span class='ocrx_word' id='word_1_169' title='bbox 768 2018 836 2064; x_wconf 95' lang='lat' dir='ltr'>cum</span> <span class='ocrx_word' id='word_1_170' title='bbox 857 2002 986 2062; x_wconf 88' lang='lat' dir='ltr'>maxime</span> <span class='ocrx_word' id='word_1_171' title='bbox 1007 2002 1174 2078; x_wconf 90' lang='lat' dir='ltr'>appropin-</span> 
     </span>
     <span class='ocr_line' id='line_1_22' title="bbox 196 2085 1168 2164; baseline 0 -18"><span class='ocrx_word' id='word_1_172' title='bbox 196 2093 310 2163; x_wconf 90' lang='lat' dir='ltr'>quante</span> <span class='ocrx_word' id='word_1_173' title='bbox 329 2085 492 2162; x_wconf 88' lang='lat' dir='ltr'>phalangis</span> <span class='ocrx_word' id='word_1_174' title='bbox 514 2094 615 2162; x_wconf 86' lang='lat' dir='ltr'>parte,</span> <span class='ocrx_word' id='word_1_175' title='bbox 638 2103 718 2163; x_wconf 91' lang='lat' dir='ltr'>quae</span> <span class='ocrx_word' id='word_1_176' title='bbox 738 2086 899 2147; x_wconf 82' lang='lat' dir='ltr'>novissimi</span> <span class='ocrx_word' id='word_1_177' title='bbox 919 2085 1049 2161; x_wconf 86' lang='lat' dir='ltr'>agminis</span> <span class='ocrx_word' id='word_1_178' title='bbox 1065 2087 1168 2164; x_wconf 79' lang='lat' dir='ltr'>iuerat</span> 
     </span>
     <span class='ocr_line' id='line_1_23' title="bbox 194 2170 1171 2247; baseline -0.001 -15"><span class='ocrx_word' id='word_1_179' title='bbox 194 2172 262 2233; x_wconf 90' lang='lat' dir='ltr'>sine</span> <span class='ocrx_word' id='word_1_180' title='bbox 275 2172 337 2233; x_wconf 86' lang='lat' dir='ltr'>ulto</span> <span class='ocrx_word' id='word_1_181' title='bbox 353 2171 461 2232; x_wconf 79' lang='lat' dir='ltr'>ordInc</span> <span class='ocrx_word' id='word_1_182' title='bbox 473 2171 694 2247; x_wconf 87' lang='lat' dir='ltr'>trepidabatur.</span> <span class='ocrx_word' id='word_1_183' title='bbox 722 2171 823 2232; x_wconf 87' lang='lat' dir='ltr'>media</span> <span class='ocrx_word' id='word_1_184' title='bbox 836 2170 930 2242; x_wconf 90' lang='lat' dir='ltr'>acies,</span> <span class='ocrx_word' id='word_1_185' title='bbox 953 2186 1033 2244; x_wconf 85' lang='lat' dir='ltr'>quae</span> <span class='ocrx_word' id='word_1_186' title='bbox 1047 2170 1171 2247; x_wconf 86' lang='lat' dir='ltr'>propior</span> 
     </span>
     <span class='ocr_line' id='line_1_24' title="bbox 194 2253 1175 2331; baseline -0.001 -15"><span class='ocrx_word' id='word_1_187' title='bbox 194 2256 335 2318; x_wconf 88' lang='lat' dir='ltr'>dextrum</span> <span class='ocrx_word' id='word_1_188' title='bbox 355 2270 452 2317; x_wconf 89' lang='lat' dir='ltr'>cornu</span> <span class='ocrx_word' id='word_1_189' title='bbox 471 2264 550 2331; x_wconf 89' lang='lat' dir='ltr'>erat,</span> <span class='ocrx_word' id='word_1_190' title='bbox 566 2257 667 2318; x_wconf 87' lang='lat' dir='ltr'>stabat</span> <span class='ocrx_word' id='word_1_191' title='bbox 685 2256 862 2330; x_wconf 84' lang='lat' dir='ltr'>spectaculo</span> <span class='ocrx_word' id='word_1_192' title='bbox 882 2254 965 2314; x_wconf 89' lang='lat' dir='ltr'>velut</span> <span class='ocrx_word' id='word_1_193' title='bbox 983 2253 1057 2313; x_wconf 90' lang='lat' dir='ltr'>nihil</span> <span class='ocrx_word' id='word_1_194' title='bbox 1078 2255 1118 2329; x_wconf 87' lang='lat' dir='ltr'>ad</span> <span class='ocrx_word' id='word_1_195' title='bbox 1139 2269 1175 2315; x_wconf 90' lang='lat' dir='ltr'>se</span> 
     </span>
     <span class='ocr_line' id='line_1_25' title="bbox 196 2338 1174 2418; baseline -0.004 -17"><span class='ocrx_word' id='word_1_196' title='bbox 196 2341 375 2418; x_wconf 86' lang='lat' dir='ltr'>pertinentis</span> <span class='ocrx_word' id='word_1_197' title='bbox 389 2355 513 2415; x_wconf 88' lang='lat' dir='ltr'>pugnae</span> <span class='ocrx_word' id='word_1_198' title='bbox 528 2338 651 2402; x_wconf 90' lang='lat' dir='ltr'>intenta.</span> <span class='ocrx_word' id='word_1_199' title='bbox 672 2340 807 2416; x_wconf 87' lang='lat' dir='ltr'>phalanx</span> <span class='ocrx_word' id='word_1_200' title='bbox 822 2353 902 2415; x_wconf 88' lang='lat' dir='ltr'>quae</span> <span class='ocrx_word' id='word_1_201' title='bbox 915 2345 1049 2412; x_wconf 85' lang='lat' dir='ltr'>venerat,</span> <span class='ocrx_word' id='word_1_202' title='bbox 1064 2353 1174 2412; x_wconf 88' lang='lat' dir='ltr'>agmen</span> 
     </span>
     <span class='ocr_line' id='line_1_26' title="bbox 193 2421 1174 2500; baseline 0 -18"><span class='ocrx_word' id='word_1_203' title='bbox 193 2425 290 2500; x_wconf 87' lang='lat' dir='ltr'>magis</span> <span class='ocrx_word' id='word_1_204' title='bbox 307 2439 399 2499; x_wconf 89' lang='lat' dir='ltr'>quam</span> <span class='ocrx_word' id='word_1_205' title='bbox 413 2422 496 2482; x_wconf 87' lang='lat' dir='ltr'>acies</span> <span class='ocrx_word' id='word_1_206' title='bbox 511 2424 674 2497; x_wconf 87' lang='lat' dir='ltr'>aptiorque</span> <span class='ocrx_word' id='word_1_207' title='bbox 688 2422 786 2483; x_wconf 86' lang='lat' dir='ltr'>itineri</span> <span class='ocrx_word' id='word_1_208' title='bbox 798 2436 890 2497; x_wconf 89' lang='lat' dir='ltr'>quarn</span> <span class='ocrx_word' id='word_1_209' title='bbox 900 2437 1032 2498; x_wconf 87' lang='lat' dir='ltr'>pugnae,</span> <span class='ocrx_word' id='word_1_210' title='bbox 1046 2421 1174 2482; x_wconf 89' lang='lat' dir='ltr'>vixdum</span> 
     </span>
     <span class='ocr_line' id='line_1_27' title="bbox 193 2504 1173 2582; baseline -0.001 -16"><span class='ocrx_word' id='word_1_211' title='bbox 193 2507 224 2566; x_wconf 91' lang='lat' dir='ltr'>in</span> <span class='ocrx_word' id='word_1_212' title='bbox 239 2507 342 2582; x_wconf 90' lang='lat' dir='ltr'>iugum</span> <span class='ocrx_word' id='word_1_213' title='bbox 357 2511 506 2565; x_wconf 87' lang='lat' dir='ltr'>evaserat.</span> <span class='ocrx_word' id='word_1_214' title='bbox 527 2506 558 2565; x_wconf 91' lang='lat' dir='ltr'>in</span> <span class='ocrx_word' id='word_1_215' title='bbox 572 2505 630 2566; x_wconf 91' lang='lat' dir='ltr'>hos</span> <span class='ocrx_word' id='word_1_216' title='bbox 645 2504 868 2580; x_wconf 87' lang='lat' dir='ltr'>incompositos</span> <span class='ocrx_word' id='word_1_217' title='bbox 884 2504 1050 2580; x_wconf 82' lang='lat' dir='ltr'>Quinctius,</span> <span class='ocrx_word' id='word_1_218' title='bbox 1066 2520 1173 2580; x_wconf 89' lang='lat' dir='ltr'>quam·</span> 
     </span>
     <span class='ocr_line' id='line_1_28' title="bbox 195 2586 1171 2666; baseline -0.003 -17"><span class='ocrx_word' id='word_1_219' title='bbox 195 2606 287 2666; x_wconf 90' lang='lat' dir='ltr'>quarn</span> <span class='ocrx_word' id='word_1_220' title='bbox 308 2588 420 2663; x_wconf 85' lang='lat' dir='ltr'>pedem</span> <span class='ocrx_word' id='word_1_221' title='bbox 437 2587 605 2648; x_wconf 85' lang='lat' dir='ltr'>relerentes</span> <span class='ocrx_word' id='word_1_222' title='bbox 626 2588 657 2647; x_wconf 93' lang='lat' dir='ltr'>iu</span> <span class='ocrx_word' id='word_1_223' title='bbox 679 2588 786 2648; x_wconf 88' lang='lat' dir='ltr'>dextro</span> <span class='ocrx_word' id='word_1_224' title='bbox 809 2604 906 2651; x_wconf 92' lang='lat' dir='ltr'>cornu</span> <span class='ocrx_word' id='word_1_225' title='bbox 926 2605 1001 2650; x_wconf 93' lang='lat' dir='ltr'>suos</span> <span class='ocrx_word' id='word_1_226' title='bbox 1019 2586 1171 2662; x_wconf 85' lang='lat' dir='ltr'>cernebat,</span> 
     </span>
     <span class='ocr_line' id='line_1_29' title="bbox 193 2668 1172 2749; baseline -0.002 -16"><span class='ocrx_word' id='word_1_227' title='bbox 193 2671 365 2748; x_wconf 88' lang='lat' dir='ltr'>elephantis</span> <span class='ocrx_word' id='word_1_228' title='bbox 380 2668 465 2745; x_wconf 91' lang='lat' dir='ltr'>prius</span> <span class='ocrx_word' id='word_1_229' title='bbox 480 2671 511 2731; x_wconf 95' lang='lat' dir='ltr'>in</span> <span class='ocrx_word' id='word_1_230' title='bbox 526 2670 645 2733; x_wconf 93' lang='lat' dir='ltr'>hostem</span> <span class='ocrx_word' id='word_1_231' title='bbox 665 2672 739 2732; x_wconf 89' lang='lat' dir='ltr'>actis</span> <span class='ocrx_word' id='word_1_232' title='bbox 753 2673 898 2749; x_wconf 88' lang='lat' dir='ltr'>impetum</span> <span class='ocrx_word' id='word_1_233' title='bbox 909 2674 989 2747; x_wconf 85' lang='lat' dir='ltr'>lacit,</span> <span class='ocrx_word' id='word_1_234' title='bbox 1004 2677 1089 2732; x_wconf 90' lang='lat' dir='ltr'>ratus</span> <span class='ocrx_word' id='word_1_235' title='bbox 1101 2687 1172 2747; x_wconf 89' lang='lat' dir='ltr'>par·</span> 
     </span>
     <span class='ocr_line' id='line_1_30' title="bbox 192 2753 1172 2831; baseline -0.004 -14"><span class='ocrx_word' id='word_1_236' title='bbox 192 2763 254 2817; x_wconf 89' lang='lat' dir='ltr'>tem</span> <span class='ocrx_word' id='word_1_237' title='bbox 278 2753 472 2831; x_wconf 85' lang='lat' dir='ltr'>profligatam</span> <span class='ocrx_word' id='word_1_238' title='bbox 499 2761 602 2816; x_wconf 89' lang='lat' dir='ltr'>cetera</span> <span class='ocrx_word' id='word_1_239' title='bbox 621 2762 794 2817; x_wconf 89' lang='lat' dir='ltr'>tracturam.</span> <span class='ocrx_word' id='word_1_240' title='bbox 829 2773 891 2819; x_wconf 92' lang='lat' dir='ltr'>non</span> <span class='ocrx_word' id='word_1_241' title='bbox 917 2757 1011 2817; x_wconf 89' lang='lat' dir='ltr'>dubia</span> <span class='ocrx_word' id='word_1_242' title='bbox 1029 2771 1081 2816; x_wconf 88' lang='lat' dir='ltr'>res</span> <span class='ocrx_word' id='word_1_243' title='bbox 1100 2753 1172 2816; x_wconf 75' lang='lat' dir='ltr'>iuitz</span> 
     </span>
     <span class='ocr_line' id='line_1_31' title="bbox 193 2832 1172 2916; baseline -0.002 -16"><span class='ocrx_word' id='word_1_244' title='bbox 193 2832 348 2915; x_wconf 79' lang='lat' dir='ltr'>externplo</span> <span class='ocrx_word' id='word_1_245' title='bbox 363 2845 450 2914; x_wconf 90' lang='lat' dir='ltr'>terga</span> <span class='ocrx_word' id='word_1_246' title='bbox 464 2845 583 2900; x_wconf 89' lang='lat' dir='ltr'>vertere</span> <span class='ocrx_word' id='word_1_247' title='bbox 597 2838 795 2915; x_wconf 89' lang='lat' dir='ltr'>Macedones,</span> <span class='ocrx_word' id='word_1_248' title='bbox 814 2847 930 2903; x_wconf 90' lang='lat' dir='ltr'>terrore</span> <span class='ocrx_word' id='word_1_249' title='bbox 944 2840 1043 2916; x_wconf 86' lang='lat' dir='ltr'>primo</span> <span class='ocrx_word' id='word_1_250' title='bbox 1059 2838 1172 2900; x_wconf 84' lang='lat' dir='ltr'>bestia·</span> 
     </span>
    </p>
   </div>
   <div class='ocr_carea' id='block_1_3' title="bbox 73 2923 1171 3001">
    <p class='ocr_par' dir='ltr' id='par_1_3' title="bbox 73 2923 1171 3001">
     <span class='ocr_line' id='line_1_32' title="bbox 73 2923 1171 3001; baseline -0.001 -18"><span class='ocrx_word' id='word_1_251' title='bbox 73 2962 77 2966; x_wconf 93' lang='lat'>-</span> <span class='ocrx_word' id='word_1_252' title='bbox 192 2939 260 2983; x_wconf 90' lang='lat' dir='ltr'>rum</span> <span class='ocrx_word' id='word_1_253' title='bbox 283 2923 394 2984; x_wconf 88' lang='lat' dir='ltr'>aversi.</span> <span class='ocrx_word' id='word_1_254' title='bbox 426 2930 457 2983; x_wconf 89' lang='lat' dir='ltr'>et</span> <span class='ocrx_word' id='word_1_255' title='bbox 477 2923 569 2985; x_wconf 88' lang='lat' dir='ltr'>ceteri</span> <span class='ocrx_word' id='word_1_256' title='bbox 591 2923 717 3000; x_wconf 89' lang='lat' dir='ltr'>quidem</span> <span class='ocrx_word' id='word_1_257' title='bbox 737 2924 795 2986; x_wconf 91' lang='lat' dir='ltr'>hos</span> <span class='ocrx_word' id='word_1_258' title='bbox 815 2927 925 3001; x_wconf 93' lang='lat' dir='ltr'>pulsos</span> <span class='ocrx_word' id='word_1_259' title='bbox 945 2924 1171 2998; x_wconf 85' lang='lat' dir='ltr'>sequebantur;</span> 
     </span>
    </p>
   </div>
   <div class='ocr_carea' id='block_1_4' title="bbox 191 3005 1173 3587">
    <p class='ocr_par' dir='ltr' id='par_1_4' title="bbox 191 3005 1173 3587">
     <span class='ocr_line' id='line_1_33' title="bbox 192 3005 1173 3085; baseline -0.003 -17"><span class='ocrx_word' id='word_1_260' title='bbox 192 3023 272 3068; x_wconf 89' lang='lat' dir='ltr'>unus</span> <span class='ocrx_word' id='word_1_261' title='bbox 287 3023 305 3067; x_wconf 89' lang='lat' dir='ltr'>e</span> <span class='ocrx_word' id='word_1_262' title='bbox 318 3005 448 3068; x_wconf 90' lang='lat' dir='ltr'>tribunis</span> <span class='ocrx_word' id='word_1_263' title='bbox 468 3007 595 3068; x_wconf 91' lang='lat' dir='ltr'>militum</span> <span class='ocrx_word' id='word_1_264' title='bbox 614 3023 654 3067; x_wconf 90' lang='lat' dir='ltr'>ex</span> <span class='ocrx_word' id='word_1_265' title='bbox 674 3015 813 3085; x_wconf 86' lang='lat' dir='ltr'>ternpore</span> <span class='ocrx_word' id='word_1_266' title='bbox 828 3016 918 3083; x_wconf 88' lang='lat' dir='ltr'>capto</span> <span class='ocrx_word' id='word_1_267' title='bbox 935 3006 1081 3081; x_wconf 89' lang='lat' dir='ltr'>consilio,</span> <span class='ocrx_word' id='word_1_268' title='bbox 1104 3022 1173 3067; x_wconf 94' lang='lat' dir='ltr'>cum</span> 
     </span>
     <span class='ocr_line' id='line_1_34' title="bbox 192 3089 1173 3168; baseline -0.001 -18"><span class='ocrx_word' id='word_1_269' title='bbox 192 3089 297 3166; x_wconf 90' lang='lat' dir='ltr'>viginti</span> <span class='ocrx_word' id='word_1_270' title='bbox 318 3091 475 3166; x_wconf 87' lang='lat' dir='ltr'>signorum</span> <span class='ocrx_word' id='word_1_271' title='bbox 494 3090 654 3166; x_wconf 89' lang='lat' dir='ltr'>militibus,</span> <span class='ocrx_word' id='word_1_272' title='bbox 673 3092 778 3153; x_wconf 87' lang='lat' dir='ltr'>relicta</span> <span class='ocrx_word' id='word_1_273' title='bbox 798 3109 836 3154; x_wconf 88' lang='lat' dir='ltr'>ea</span> <span class='ocrx_word' id='word_1_274' title='bbox 850 3098 938 3168; x_wconf 89' lang='lat' dir='ltr'>parte</span> <span class='ocrx_word' id='word_1_275' title='bbox 953 3107 1080 3153; x_wconf 89' lang='lat' dir='ltr'>suorum</span> <span class='ocrx_word' id='word_1_276' title='bbox 1093 3104 1173 3165; x_wconf 88' lang='lat' dir='ltr'>quae</span> 
     </span>
     <span class='ocr_line' id='line_1_35' title="bbox 191 3174 1172 3248; baseline 0 -13"><span class='ocrx_word' id='word_1_277' title='bbox 191 3174 274 3235; x_wconf 89' lang='lat' dir='ltr'>haud</span> <span class='ocrx_word' id='word_1_278' title='bbox 286 3174 632 3248; x_wconf 89' lang='lat' dir='ltr'>dubicvincebat‚brevi</span> <span class='ocrx_word' id='word_1_279' title='bbox 644 3176 919 3238; x_wconf 86' lang='lat' dir='ltr'>circuitudextrum</span> <span class='ocrx_word' id='word_1_280' title='bbox 931 3174 1172 3245; x_wconf 87' lang='lat' dir='ltr'>comuhostium</span> 
     </span>
     <span class='ocr_line' id='line_1_36' title="bbox 192 3258 1173 3336; baseline 0 -19"><span class='ocrx_word' id='word_1_281' title='bbox 192 3273 334 3319; x_wconf 89' lang='lat' dir='ltr'>aversum</span> <span class='ocrx_word' id='word_1_282' title='bbox 349 3258 475 3318; x_wconf 89' lang='lat' dir='ltr'>invadit.</span> <span class='ocrx_word' id='word_1_283' title='bbox 497 3259 610 3318; x_wconf 89' lang='lat' dir='ltr'>nullam</span> <span class='ocrx_word' id='word_1_284' title='bbox 625 3259 722 3321; x_wconf 89' lang='lat' dir='ltr'>aciem</span> <span class='ocrx_word' id='word_1_285' title='bbox 738 3261 777 3321; x_wconf 89' lang='lat' dir='ltr'>ab</span> <span class='ocrx_word' id='word_1_286' title='bbox 791 3266 877 3336; x_wconf 88' lang='lat' dir='ltr'>tergo</span> <span class='ocrx_word' id='word_1_287' title='bbox 892 3261 1019 3321; x_wconf 89' lang='lat' dir='ltr'>adortus</span> <span class='ocrx_word' id='word_1_288' title='bbox 1034 3275 1096 3319; x_wconf 95' lang='lat' dir='ltr'>non</span> <span class='ocrx_word' id='word_1_289' title='bbox 1110 3264 1173 3318; x_wconf 89' lang='lat' dir='ltr'>tur-</span> 
     </span>
     <span class='ocr_line' id='line_1_37' title="bbox 191 3341 1173 3417; baseline -0.003 -14"><span class='ocrx_word' id='word_1_290' title='bbox 191 3343 312 3404; x_wconf 81' lang='lat' dir='ltr'>basset:</span> <span class='ocrx_word' id='word_1_291' title='bbox 336 3349 469 3403; x_wconf 89' lang='lat' dir='ltr'>ceterum</span> <span class='ocrx_word' id='word_1_292' title='bbox 484 3341 524 3401; x_wconf 88' lang='lat' dir='ltr'>ad</span> <span class='ocrx_word' id='word_1_293' title='bbox 539 3358 727 3404; x_wconf 87' lang='lat' dir='ltr'>communem</span> <span class='ocrx_word' id='word_1_294' title='bbox 740 3344 873 3406; x_wconf 90' lang='lat' dir='ltr'>omnium</span> <span class='ocrx_word' id='word_1_295' title='bbox 886 3345 918 3404; x_wconf 94' lang='lat' dir='ltr'>in</span> <span class='ocrx_word' id='word_1_296' title='bbox 930 3344 982 3405; x_wconf 87' lang='lat' dir='ltr'>tali</span> <span class='ocrx_word' id='word_1_297' title='bbox 991 3358 1026 3404; x_wconf 87' lang='lat' dir='ltr'>re</span> <span class='ocrx_word' id='word_1_298' title='bbox 1037 3341 1173 3417; x_wconf 86' lang='lat' dir='ltr'>trepida·</span> 
     </span>
     <span class='ocr_line' id='line_1_38' title="bbox 192 3425 1173 3503; baseline -0.001 -17"><span class='ocrx_word' id='word_1_299' title='bbox 192 3426 303 3487; x_wconf 87' lang='lat' dir='ltr'>tionem</span> <span class='ocrx_word' id='word_1_300' title='bbox 324 3425 458 3487; x_wconf 87' lang='lat' dir='ltr'>accessit</span> <span class='ocrx_word' id='word_1_301' title='bbox 478 3426 561 3500; x_wconf 92' lang='lat' dir='ltr'>quod</span> <span class='ocrx_word' id='word_1_302' title='bbox 581 3426 717 3502; x_wconf 86' lang='lat' dir='ltr'>phalanx</span> <span class='ocrx_word' id='word_1_303' title='bbox 730 3427 935 3490; x_wconf 86' lang='lat' dir='ltr'>Macedonum</span> <span class='ocrx_word' id='word_1_304' title='bbox 954 3426 1058 3503; x_wconf 89' lang='lat' dir='ltr'>gravis</span> <span class='ocrx_word' id='word_1_305' title='bbox 1080 3433 1173 3499; x_wconf 90' lang='lat' dir='ltr'>atque</span> 
     </span>
     <span class='ocr_line' id='line_1_39' title="bbox 191 3507 1172 3587; baseline -0.004 -16"><span class='ocrx_word' id='word_1_306' title='bbox 191 3509 353 3574; x_wconf 88' lang='lat' dir='ltr'>immobilis</span> <span class='ocrx_word' id='word_1_307' title='bbox 364 3525 422 3571; x_wconf 88' lang='lat' dir='ltr'>nec</span> <span class='ocrx_word' id='word_1_308' title='bbox 434 3507 640 3586; x_wconf 87' lang='lat' dir='ltr'>circumagere</span> <span class='ocrx_word' id='word_1_309' title='bbox 650 3527 686 3572; x_wconf 90' lang='lat' dir='ltr'>sc</span> <span class='ocrx_word' id='word_1_310' title='bbox 697 3518 826 3587; x_wconf 75' lang='lat' dir='ltr'>poterat</span> <span class='ocrx_word' id='word_1_311' title='bbox 838 3527 895 3572; x_wconf 89' lang='lat' dir='ltr'>nec</span> <span class='ocrx_word' id='word_1_312' title='bbox 905 3511 966 3572; x_wconf 87' lang='lat' dir='ltr'>hoc</span> <span class='ocrx_word' id='word_1_313' title='bbox 978 3510 1031 3586; x_wconf 91' lang='lat' dir='ltr'>qui</span> <span class='ocrx_word' id='word_1_314' title='bbox 1042 3526 1061 3570; x_wconf 90' lang='lat' dir='ltr'>a</span> <span class='ocrx_word' id='word_1_315' title='bbox 1072 3508 1172 3569; x_wconf 83' lang='lat' dir='ltr'>tronto</span> 
     </span>
    </p>
   </div>
   <div class='ocr_carea' id='block_1_5' title="bbox 0 0 1304 4000">
    <p class='ocr_par' dir='ltr' id='par_1_5' title="bbox 0 0 1304 4000">
     <span class='ocr_line' id='line_1_40' title="bbox 0 0 1304 4000; baseline 0 2"><span class='ocrx_word' id='word_1_316' title='bbox 0 0 1304 4000; x_wconf 95' lang='lat' dir='ltr'> </span> 
     </span>
    </p>
   </div>
  </div>
 </body>
</html>
