2600 4000
214 297 217 302 ,
277 244 392 304 naua
406 243 536 304 xxruu.
561 243 643 305 car.
658 253 702 310 aa
716 251 760 306 ro.
783 245 818 320 [a.
833 248 866 303 c.
882 245 943 321 196]
1038 242 1097 307 ror

3 427 5 464 3
116 400 181 454 tatu
200 399 232 452 et
251 390 396 452 obscenis
411 389 471 452 illis
486 389 560 453 viris
576 392 746 453 tremebant
759 390 965 464 interiectum3
988 391 1097 456 animis

116 482 219 536 autern
235 473 429 550 Zeuxippum
443 483 600 538 auctorem
615 475 810 538 destinabant
824 475 939 536 caedis.
964 476 995 536 in
1011 494 1097 553 prae·

115 557 216 620 sentia
237 557 353 635 placuit
368 558 589 634 comprehendi
603 558 725 635 eosqui
740 559 830 620 simul
844 558 990 633 luissent,
1005 575 1097 636 qnae·

116 639 314 719 stionemque
328 657 368 703 ex
381 640 430 703 his
445 642 560 704 haberi.
602 643 742 719 quidum
758 652 953 719 quaeruntur,
967 642 1097 719 Zeuxip·

117 741 177 802 pus
192 731 223 786 et
240 723 393 788 constanti
407 724 509 787 animo
525 727 684 790 avertendi
704 728 743 788 ab
759 744 794 789 se
808 725 943 788 oriminis
959 726 1096 788 causain

117 806 295 873 candorem
310 824 512 885 progressus,
533 828 637 872 errare
656 810 699 873 ait
717 810 865 873 homines-
875 809 928 887 qui
941 821 1003 873 tam
1017 818 1097 872 atro·

115 907 184 953 cem
202 893 330 955 eaedem
343 891 498 968 portinere
512 894 553 955 ad
567 893 637 957 illos
654 894 814 957 semiviros
830 895 1006 967 crederent;
1021 895 1097 955 mul·

116 982 209 1049 taqua
225 976 342 1039 ineam
362 985 482 1052 purtem
500 977 700 1054 probabiliter
719 985 963 1054 argumentatus,
985 977 1097 1054 qulbus

116 1058 208 1119 ddem
236 1061 321 1137 apud
346 1062 499 1136 quosdam
519 1061 592 1123 iecit
615 1079 797 1139 numquam,
823 1061 850 1122 si
871 1061 930 1123 sibi
951 1059 1096 1124 conscius

115 1152 218 1218 esset,
234 1145 408 1205 oblatumnn
422 1161 458 1207 se
471 1144 654 1207 multitudini
668 1145 893 1209 mentionemve
908 1142 1096 1207 cius'caedis

114 1227 199 1287 nullo
224 1229 400 1290 lacessente
421 1230 571 1291 iacturum
592 1227 699 1292 misse.
742 1229 793 1291 alii
807 1246 869 1292 non
888 1228 1027 1291 dubitare
1041 1228 1096 1289 im·

114 1310 272 1385 pudenter
286 1312 409 1373 obviam
424 1314 527 1376 eundo
543 1314 660 1375 arimini
675 1314 884 1390 suspicionem
899 1319 1005 1374 averti.
1027 1310 1096 1374 torti

3 1413 4 1420 ¹
110 1412 151 1470 po
162 1403 192 1456 st
206 1396 298 1472 paulo
313 1394 462 1472 insontes,
478 1414 547 1459 cum
562 1398 677 1460 scirent
690 1397 752 1474 ipsi
766 1397 854 1470 nihil,
871 1396 1017 1473 opinione
1031 1412 1095 1457 onr-

110 1476 166 1540 niu
174 1494 204 1536 m
224 1495 280 1555 pro
299 1478 413 1544 indicio
433 1481 490 1543 usi·
503 1482 696 1559 Zeuxippum
711 1490 741 1544 et
754 1482 944 1544 Pisistratum
958 1478 1096 1542 nomina-

111 1570 230 1624 verunt
242 1563 325 1624 nullo
340 1566 477 1640 adiecto,
494 1583 551 1628 cur
565 1566 645 1629 scire
662 1565 826 1644 quicquam
839 1564 1032 1637 viderentur,
1048 1579 1094 1623 ar-

111 1654 271 1723 gumento.
286 1647 470 1726 'Zeuxippus
486 1656 586 1712 tamen
597 1668 667 1712 curn
675 1648 850 1712 Stratonida
860 1648 995 1724 quodam
1005 1653 1096 1707 nocte

111 1729 251 1807 perlegit
263 1733 441 1809 Tanagrum,
458 1751 546 1796 suam
560 1734 659 1810 magis
674 1730 897 1796 conscientiam
912 1748 1003 1805 quam
1018 1728 1093 1792 indi·

109 1812 195 1877 cium
211 1814 368 1878 hominum
382 1817 495 1880 nullius
509 1818 555 1879 rei
569 1817 766 1880 consciorum
779 1823 929 1877 metuens.
956 1812 1094 1875 Pisistra·

110 1905 160 1959 tus
181 1899 296 1975 spretis
310 1899 583 1964 indicibus'lhebis
598 1900 719 1963 mansit.
742 1917 853 1962 servus
863 1896 1095 1974 eratZenxippi,

109 1980 165 2044 toti
171 1998 209 2045 us
223 1982 428 2045 internuntius
443 1992 474 2045 et
487 1982 692 2057 ministerum,
710 2002 801 2060 quem
812 1983 945 2047 indicem
955 1981 1095 2046 Pisistra·

109 2073 159 2127 tus
178 2065 291 2126 timens
306 2082 344 2126 eo
359 2065 429 2140 ipso
444 2065 552 2127 timore
565 2085 631 2129 rem
645 2070 686 2127 ad
699 2066 845 2128 indicium
860 2068 1016 2144 protraxit.
1049 2065 1095 2125 lit·

107 2157 199 2211 teras
213 2149 254 2206 ad
267 2146 460 2222 Zeuxippum
477 2146 580 2224 mittit,
600 2157 634 2209 ut
648 2165 771 2210 servum
787 2148 947 2210 conscium
960 2151 1095 2209 tollerem

108 2246 174 2293 non
194 2238 256 2290 tam
269 2229 415 2291 idoneum
429 2231 469 2291 ad
485 2232 645 2293 celandam
659 2247 724 2292 rem
738 2248 808 2293 eum
822 2230 920 2292 videri
934 2229 993 2290 sibi
1005 2244 1097 2305 quant

107 2313 151 2376 ad
163 2314 324 2389 agendam
337 2312 436 2376 fucrit.
478 2316 537 2378 has
558 2312 611 2392 qui
625 2316 737 2377 tulerat
750 2314 883 2389 litteras,
898 2313 1005 2375 iussus
1018 2312 1096 2373 Zeu·

108 2397 213 2474 xippo
227 2397 302 2459 dare
316 2415 408 2475 quam
423 2397 569 2475 primum,
592 2398 665 2476 quia
685 2416 747 2461 non
769 2397 870 2461 statim
891 2393 1096 2459 conveniendi

108 2480 178 2543 eius
197 2479 289 2557 copia
303 2482 373 2557 luit,
394 2480 438 2544 illi
451 2481 514 2561 ipsi
527 2501 636 2561 servo,
652 2500 744 2560 quem
758 2500 798 2545 ex
813 2481 955 2545 omnibns
970 2479 1095 2543 domino

110 2562 299 2626 fidissimum
321 2567 481 2642 credebat,
505 2567 612 2643 tradit,
633 2575 665 2629 et
683 2566 777 2629 adicit
796 2584 815 2628 a
834 2565 992 2629 Pisistrato
1008 2565 1048 2625 de
1061 2579 1096 2624 re

110 2663 227 2722 magno
241 2663 337 2724 opere
350 2650 523 2726 pertinente
537 2651 579 2713 ad
591 2650 785 2728 Zeuxippum
799 2666 883 2713 esse.
903 2647 1095 2711 conscientia

108 2730 205 2807 ictus,
218 2748 287 2795 cum
307 2736 461 2809 extemplo
482 2733 663 2797 traditurum
682 2750 736 2797 eas
757 2735 966 2806 adfirmasset,
987 2731 1095 2808 aperit,

109 2813 321 2892 perlectisque
332 2817 440 2880 litteris
450 2818 711 2894 pavidus'llrebas
722 2817 833 2894 refugit
843 2827 874 2880 et
885 2818 925 2879 ad
937 2816 1092 2892 magistra-
1185 2834 1191 2843 .

109 2907 159 2960 tus
178 2895 324 2961 indicium
339 2902 446 2963 deleri.
469 2910 499 2964 et
512 2901 692 2979 Zeuxippus
708 2900 832 2977 quidem
849 2903 922 2978 luga
935 2899 1018 2961 servi
1030 2915 1095 2960 mo·

108 2990 159 3043 tus
177 2982 404 3059 Anthedonem,
418 2984 560 3048 tutiorem
573 2984 685 3048 exsilio
697 2986 799 3047 locum
809 2992 904 3057 ratus,
922 2981 1093 3045 concessim

108 3064 148 3126 de
172 3064 331 3129 Pisistrato
353 3067 485 3145 aliisque
512 3068 712 3145 quaestiones
738 3068 896 3131 tormentis
921 3066 1043 3128 habitae
1063 3074 1095 3127 et

107 3164 145 3209 au
151 3158 269 3225 mptum
284 3151 471 3229 supplicium
486 3163 541 3214 cst.

194 3235 300 3296 XXIX.
336 3235 484 3297 Efferavit
508 3253 546 3298 ea
569 3237 682 3297 caedes
705 3237 869 3297 Thebanos
892 3236 1093 3309 Boeotosque

105 3314 212 3379 omnis
233 3319 273 3378 ad
287 3319 481 3381 exsecrabile
495 3320 601 3382 odium
614 3322 838 3393 Romanorum,
861 3315 1015 3379 credentis
1030 3332 1092 3377 non

111 3397 179 3461 sine
201 3400 331 3464 consilio
353 3401 548 3478 imperatoris
569 3401 700 3465 Romani
713 3402 906 3478 Zeuxippum
921 3397 1093 3476 principem

109 3481 210 3557 gentis
224 3482 257 3544 id
272 3483 391 3546 lacinus
407 3485 578 3548 conscisse.
611 3486 653 3547 ad
666 3486 875 3547 rebellandum
891 3498 994 3558 neque
1007 3479 1091 3541 vires
