2600 4000
243 196 474 258 mauaxxxr.
498 199 757 264 CAP.16.17.18.
785 180 943 277 [aciaco]
1046 202 1087 267 ts

116 345 145 409 lii
157 365 195 409 ex
207 347 382 425 propiaqno
399 346 532 410 ostendit
553 366 655 426 neque
676 359 878 427 terrenaque
900 352 975 415 mari
999 353 1082 416 adiu·

116 430 262 493 tissociis.

187 516 279 577 XVII.
301 515 446 594 Abydeni
466 515 566 594 primo
581 519 741 580 tormentis
756 536 813 595 per
827 537 932 581 muros
953 520 1086 597 disposi-

114 599 148 661 tis
162 617 221 662 non
235 608 316 662 terra
333 601 426 661 modo
442 602 584 664 adeuntis
598 601 861 679 adituarcebant,
888 604 946 664 sed
966 604 1088 666 navium

114 701 231 761 quoque
245 684 407 746 stationem
421 685 563 748 infestam
576 686 659 748 hosti
673 687 836 749 faciebant.
871 694 997 764 postea,
1020 703 1088 750 curn

112 778 140 830 et
152 768 226 833 muri
240 785 314 844 pars
330 778 425 830 strata
437 770 534 832 ruinis
549 779 580 832 et
599 771 640 831 ad
661 769 836 833 interiorem
856 770 969 846 raptim
990 788 1087 848 oppo-

113 853 197 914 situm
210 870 330 915 murum
344 853 495 916 cuniculis
515 855 577 915 iam
590 864 772 930 perventum
789 864 889 929 esset,
913 857 1033 930 legatos
1049 857 1088 916 ad

111 952 207 1013 regem
223 940 262 999 de
286 938 519 999 condicionibus
540 939 710 1000 tradendae
730 940 814 1001 urbis
834 939 992 1000 miserunt.
1033 957 1087 1016 pa·

111 1021 299 1084 discebantur
313 1030 429 1095 autem,
451 1032 485 1085 ut
504 1020 656 1084 Rhodiam
672 1023 896 1098 quadriremem
910 1038 979 1084 curn
993 1023 1088 1086 sociis

112 1105 268 1168 navalibus
284 1106 441 1182 Attalique
455 1105 643 1182 praesidium
658 1107 752 1169 emitti
765 1107 887 1182 liceret,
902 1117 996 1184 atque
1010 1107 1088 1184 ipsis

110 1192 179 1251 urbe
203 1191 357 1252 excedere
383 1207 452 1252 oum
478 1189 606 1265 singulis
631 1190 829 1254 vestimentis.
877 1190 990 1267 quibus
1019 1208 1087 1252 cum

108 1274 264 1351 Philippus
280 1274 355 1335 nihil
369 1274 471 1350 pacati
491 1274 550 1334 nisi
571 1275 673 1336 omnia
692 1275 937 1352 permittentibus
957 1292 1087 1352 respon·

109 1358 214 1434 disset,
245 1360 325 1420 adeo
345 1357 517 1419 renuntiata
538 1359 615 1421 haec
635 1360 747 1435 legatio
770 1361 808 1421 ab
822 1358 1032 1435 indignatione
1048 1359 1087 1420 si-

109 1445 165 1504 nul
179 1460 215 1505 ac
233 1442 452 1519 desperatione
467 1442 543 1504 iram
557 1444 706 1519 accendit,
723 1452 757 1505 ut
770 1446 811 1504 ad
829 1443 1028 1520 Sagtmtinam
1041 1460 1088 1503 ra·

110 1525 184 1589 hiem
202 1527 288 1589 versi
301 1535 457 1589 matronas
473 1527 572 1589 omnis
587 1527 746 1604 intemplo
761 1526 892 1600 Danae,
913 1544 1030 1603 pueros
1044 1527 1088 1588 in-

108 1628 222 1687 genuos
244 1611 458 1688 virginesque,
486 1611 620 1674 infantes
642 1610 734 1673 etiam
755 1629 825 1674 cum
839 1610 906 1673 suis
920 1609 1089 1673 nutricibus

108 1695 135 1755 in
150 1696 345 1775 gymnasium
359 1695 474 1758 Includi
488 1695 637 1771 iuberent,
658 1713 767 1757 arnum
781 1704 812 1757 et
826 1702 985 1770 argentum
999 1694 1030 1754 in
1046 1694 1086 1753 io·

108 1784 171 1841 rum
186 1780 317 1856 deterri,
332 1789 449 1842 vestem
464 1780 633 1857 pretiosam
647 1779 679 1840 in
694 1779 783 1841 navis
798 1778 951 1842 Rhodiam
966 1776 1091 1857 Cyzice-

108 1866 255 1941 namque,
271 1881 350 1940 quae
365 1864 395 1925 in
410 1874 503 1942 portu
516 1873 618 1940 erant,
633 1863 728 1939 coici,
744 1865 923 1926 sacerdotes
937 1860 1090 1925 victimas·

110 1966 168 2026 que
183 1947 308 2024 adduci,
324 1958 355 2012 et
368 1948 475 2012 altaria
489 1949 520 2010 in
534 1948 636 2012 medio
653 1949 737 2026 poni.
767 1947 810 2011 ibi
825 1947 936 2010 delecti
949 1946 1090 2025 primum,

108 2034 175 2109 qui,
198 2033 253 2095 ubi
268 2049 391 2094 caesam
406 2035 504 2094 aciem
519 2051 645 2095 suorum
660 2050 717 2108 pro
734 2034 834 2094 diruto
850 2051 937 2094 muro
953 2049 1090 2108 pugnan-

107 2126 166 2180 tem
181 2116 344 2190 vidIssent,
358 2118 513 2189 extemplo
530 2116 679 2190 coniuges
690 2116 868 2190 liberosque
878 2115 1092 2187 interficerent,

105 2218 218 2264 aurum
232 2206 392 2273 argentum
405 2206 601 2272 vestemque,
628 2213 708 2274 quae
728 2198 760 2257 In
780 2197 912 2258 navibus
933 2205 1033 2269 esset,
1061 2196 1092 2255 In

105 2300 194 2345 mare
210 2281 375 2357 deicerent,
390 2281 478 2343 tectis
494 2280 626 2357 publicis
640 2280 835 2357 priuatIsque
850 2278 1094 2355 quamplurimis

106 2367 186 2432 locis
203 2374 336 2443 possent
350 2365 438 2443 ignes
453 2365 629 2428 subicerent
688 2366 720 2425 id
741 2382 776 2427 se
797 2362 917 2426 lacinus
937 2370 1093 2441 perpetra·

109 2462 195 2515 turos
212 2450 432 2527 praeeuntibus
454 2449 647 2513 exsecrabile
669 2466 792 2511 cmmen
814 2447 1027 2511 sacerdotibus
1049 2446 1093 2508 iu-

108 2536 274 2599 reiurando
289 2535 399 2597 adacti.
431 2545 495 2598 tum
510 2534 648 2596 militaris
663 2543 750 2596 aetas
764 2534 866 2596 iurare
881 2531 1034 2595 neminem
1050 2531 1093 2592 vi-

110 2639 180 2683 vum
202 2620 263 2682 nisi
277 2620 425 2683 victorem
445 2619 513 2682 acie
529 2636 741 2681 excessurum.
787 2618 819 2679 hi
840 2635 993 2681 memores
1021 2617 1093 2679 deo-

110 2722 177 2767 rum
191 2707 271 2765 adeo
287 2704 483 2781 pertinaciter
498 2712 722 2780 pugnaverunt,
736 2712 770 2765 ut
782 2719 852 2764 cum
866 2701 1017 2778 proelium
1031 2716 1091 2762 nox

110 2788 297 2865 diremptura
312 2798 411 2863 esset,
431 2805 488 2851 rex
502 2787 602 2864 prior,
615 2787 740 2850 territus
753 2786 839 2848 rabie
854 2803 975 2857 eorum,
991 2801 1095 2861 pugna

111 2872 272 2935 abstiterit,
302 2872 469 2950 principes,
486 2872 598 2949 quibus
614 2870 748 2934 atrocior
762 2889 835 2948 pars
852 2868 997 2931 facinoris
1012 2869 1095 2930 dele

111 2967 180 3032 gata
194 2965 269 3030 erat,
287 2974 356 3019 cum
370 2974 490 3033 paucos
506 2966 537 3018 et
552 2959 712 3018 conlectos
726 2954 905 3016 vulneribus
920 2970 957 3014 ac
972 2951 1095 3014 lassitu-

113 3040 183 3103 dine
200 3058 368 3116 superesse
383 3040 502 3117 proelio
519 3050 695 3114 cernerent,
716 3041 786 3100 luce
801 3038 900 3114 prima
915 3037 1095 3099 sacerdotes

114 3142 182 3187 cum
196 3124 302 3188 iniuIIs
317 3127 358 3187 ad
371 3127 478 3187 urbem
493 3126 667 3186 dedendam
681 3123 821 3199 Philippo
836 3122 966 3183 mittunt.

189 3210 300 3272 XVIII.
321 3214 402 3272 Ante
423 3209 610 3271 deditionem
635 3225 676 3269 ex
698 3207 737 3268 iis
758 3207 866 3283 legatis
889 3204 942 3280 qui
963 3204 1094 3264 Alexan·

115 3296 219 3357 dream
233 3294 320 3356 missi
335 3303 436 3367 erant,
457 3293 498 3353 M.
513 3292 662 3354 Aemilius
678 3291 768 3353 trium
783 3305 940 3352 consensu
953 3285 1096 3348 minimus

116 3387 187 3442 natu
200 3378 305 3442 audite
325 3377 488 3441 obsidione
508 3378 732 3456 Abydenorum
751 3376 792 3435 ad
811 3372 984 3449 Philippum
1003 3366 1094 3430 venit

116 3463 168 3539 qui
184 3472 312 3540 questus
327 3464 430 3525 Attalo
443 3460 637 3537 Rhodiisque
652 3475 737 3520 amm
750 3458 847 3532 illata,
875 3463 906 3516 et
931 3453 1016 3529 quod
1034 3458 1097 3511 ttuo
