2600 4000
193 229 257 295 ³10
363 228 477 289 LIBER
490 228 637 289 XXXVII.
661 228 744 290 cAP.
755 238 799 291 st.
815 235 851 302 [e
864 235 900 288 ii.
912 252 937 287 c
948 236 1012 299 563]

195 383 279 448 ducti
291 382 405 446 Rhodii
417 388 498 444 sunt
519 397 650 458 quorum
664 381 810 458 princeps
824 381 1001 459 legationis,
1023 385 1177 462 expositis

194 466 288 530 initiis
303 466 453 529 amicitiae
474 480 543 527 curn
562 465 679 542 populo
693 466 833 528 Romano
846 467 1026 544 meritisque
1037 467 1178 532 Rhodio·

193 569 262 616 rum
274 551 406 628 Philippi
420 549 524 626 prius,
545 549 657 610 deinde
668 548 812 611 Antiochi
830 550 927 625 bello,
949 551 1063 626 „nibil“
1077 552 1180 629 iuquit

194 635 304 714 „nobis
319 641 384 697 tota
398 640 505 697 nostra
516 632 654 708 actione,
677 640 781 709 patres
797 635 978 712 conscripti,
1000 651 1104 712 nequo
1117 637 1179 696 dil·

194 721 305 784 tobim
329 734 432 795 neque
456 716 615 778 molestius
634 724 698 789 est,
724 732 817 793 quam
837 718 923 794 quod
948 734 1017 779 cum
1039 720 1180 781 Eumene

195 803 285 868 nobis
300 801 482 878 disceptatio
497 806 560 877 cst,
575 816 645 862 cum
660 816 723 878 quo
734 817 797 862 uno
808 800 941 863 maxime
951 818 1059 878 mum
1072 811 1105 866 et
1115 805 1180 880 pri·

193 889 288 951 vatim
302 886 447 963 singulis,
464 893 495 947 et
509 885 595 961 quod
607 885 707 961 magis
721 901 779 947 nos
793 893 911 960 movet,
932 887 1089 963 pubiicum
1103 885 1179 950 civi·

194 972 248 1036 tati
272 977 397 1033 nestree
421 968 589 1046 hospitium
613 977 670 1031 cst.
706 977 841 1031 ceterum
865 985 927 1030 non
952 970 1046 1032 animi
1069 972 1179 1048 nostri,

195 1063 298 1133 patres
312 1052 495 1130 conscripti,
515 1068 589 1127 uos,
605 1053 664 1114 scd
675 1069 777 1114 rerum
791 1059 913 1128 natura,
934 1069 1016 1130 quae
1029 1056 1180 1130 potentis·

194 1139 274 1201 sima
286 1144 350 1210 est,
372 1136 534 1213 disiungit,
555 1144 589 1199 ut
602 1151 662 1199 nos
676 1135 763 1198 liberi
777 1138 867 1198 ctiam
882 1134 1012 1199 aliorum
1028 1137 1179 1200 libertatis

196 1237 320 1283 causam
335 1236 478 1297 agamus,
498 1236 590 1297 reges
611 1236 703 1282 serva
723 1221 825 1282 omnia
843 1227 876 1282 ct
895 1219 1035 1283 subiecta
1047 1221 1180 1298 imperio

196 1321 255 1368 suo
269 1319 343 1365 esse
355 1304 459 1365 vellat.
494 1310 663 1382 utcumque
678 1313 779 1366 tamen
797 1320 850 1366 res
864 1320 937 1366 sese
949 1305 1058 1380 hahet,
1079 1308 1179 1384 magis
1240 1361 1241 1364 ,

194 1387 383 1450 verecundis
402 1394 509 1450 nostra
529 1389 682 1450 adversus
701 1404 805 1463 regem
827 1388 919 1450 nobis
943 1389 1061 1465 obstet,
1087 1406 1180 1462 quam

195 1474 265 1550 ipsa
284 1469 467 1547 disceptatio
485 1478 538 1533 aut
555 1471 645 1534 nobis
666 1471 813 1548 impedita
832 1479 894 1546 est,
920 1481 973 1536 aut
995 1474 1087 1535 vobis
1108 1470 1180 1550 per-

196 1558 320 1635 plexam
334 1555 583 1617 deliberationem
602 1556 779 1630 praebitura
798 1558 928 1618 viddur.
956 1558 1071 1618 namsi
1093 1559 1181 1619 aliter

196 1641 283 1703 socio
305 1648 399 1717 utque
419 1638 517 1701 amico
537 1639 603 1715 regi
616 1647 647 1701 ct
666 1639 866 1702 benemerito
881 1641 941 1702 hoc
954 1641 1026 1717 ipso
1039 1642 1070 1701 in
1086 1642 1179 1716 bello,

196 1726 236 1787 dc
250 1724 338 1788 cuius
353 1722 497 1802 praemiis
511 1721 735 1800 agitanhonos
749 1724 856 1785 liaberi
866 1725 969 1788 nullus
983 1733 1102 1800 posset,
1118 1723 1180 1787 nisi

195 1809 309 1870 liberas
324 1808 462 1871 civitates
476 1809 505 1868 ei
518 1808 549 1868 in
563 1807 740 1869 servitutem
759 1809 936 1881 traderetis,
959 1817 1044 1870 essct
1062 1808 1181 1870 detibe

195 1891 274 1954 ratio
287 1908 420 1967 anceps,
435 1907 475 1953 ne
488 1900 542 1953 out
554 1907 659 1969 regem
673 1892 805 1953 amicum
817 1891 1032 1954 inhonoratum
1047 1891 1179 1955 dimitte·

195 1976 280 2049 retis,
296 1982 349 2037 aut
363 1974 555 2038 decederetis
569 1974 706 2039 instituto
721 1984 825 2038 vestro
840 1976 1032 2054 gloriamque
1046 1975 1180 2054 Philippi

197 2060 278 2120 bello
293 2064 411 2135 partam
431 2075 514 2121 nuuc
533 2058 681 2123 servitute
702 2067 748 2122 tot
767 2058 932 2122 ciuitatium
955 2060 1179 2122 delormaretis.

196 2144 253 2205 sed
268 2144 307 2205 ab
321 2143 381 2204 hac
394 2143 579 2206 necessitate
593 2151 646 2205 aut
659 2144 776 2219 gratiae
794 2142 825 2205 in
846 2143 977 2206 amicum
993 2145 1182 2205 minuendae

196 2235 249 2290 eut
262 2227 378 2305 gloriae
391 2234 514 2289 vestrae
528 2228 653 2304 egregie
665 2243 724 2290 vos
739 2228 860 2289 senuna
870 2228 1012 2289 vindicat
1036 2227 1180 2290 estenim

197 2313 290 2376 deum
303 2311 492 2389 benignitate
505 2329 567 2375 nou
582 2312 719 2388 gloriosa
731 2312 830 2388 ineps
842 2328 935 2388 quam
947 2312 1036 2374 dives
1049 2312 1182 2374 victoria

196 2405 316 2467 vestrm
342 2411 422 2472 quae
445 2412 504 2457 vos
526 2396 615 2457 lacile
634 2397 695 2457 isto
714 2398 799 2457 velut
818 2411 891 2458 aere
910 2395 1012 2459 alieno
1026 2397 1181 2458 exsolvat

196 2496 267 2540 nam
281 2487 312 2540 et
324 2478 482 2556 Lycaonia
502 2485 533 2540 et
544 2478 679 2556 Phrygia
698 2486 828 2554 utraque
848 2488 880 2542 et
891 2478 1007 2542 Pisidia
1026 2479 1128 2541 omnis
1150 2488 1182 2541 ct

197 2562 425 2635 Chersonesus,
452 2576 595 2636 quaeque
617 2559 833 2624 circumiacent
844 2564 1004 2641 Europae,
1023 2563 1055 2625 iu
1073 2571 1181 2626 vestra

196 2652 269 2708 sunt
282 2650 448 2720 potestate
471 2660 599 2719 quarum
613 2660 676 2705 una
691 2647 845 2729 quaelibet
858 2648 924 2724 regi
944 2648 1066 2709 adiecta
1077 2648 1180 2722 multi

135 2756 138 2759 *
196 2728 312 2806 plicare
324 2742 452 2803 regnum
464 2728 610 2790 Eumenis
625 2737 743 2806 potest,
765 2747 871 2793 omncs
888 2748 963 2794 vero
977 2731 1068 2794 datae
1082 2732 1179 2793 maxi-

196 2811 254 2874 mis
276 2828 344 2874 eum
365 2812 491 2889 regibus
510 2830 656 2890 aequare.
690 2812 761 2876 licet
781 2830 855 2891 ergo
875 2815 966 2877 vobis
988 2823 1020 2877 et
1032 2814 1181 2892 praemiis

195 2894 268 2958 belli
289 2897 385 2959 ditare
405 2896 525 2974 socies,
550 2906 581 2961 et
600 2914 663 2960 nen
683 2897 835 2960 decedere
848 2897 986 2962 instituto
999 2905 1123 2975 vestro,
1150 2908 1181 2960 et

195 2978 388 3054 meminisse,
415 2997 507 3057 quem
527 2982 645 3044 titinium
664 2981 898 3058 praetenderitis
918 2981 1006 3059 prius
1025 2984 1180 3044 adversus

194 3062 377 3141 Philippum,
392 3066 638 3128 nuncadversus
647 3065 834 3127 Antiochum
844 3066 933 3137 belli;
957 3066 1032 3144 quid
1043 3064 1180 3128 feceritis

194 3143 337 3223 Philippo
352 3148 450 3219 vict0;
472 3148 548 3225 quid
559 3149 780 3223 nuncavobls,
792 3165 855 3211 non
866 3148 964 3227 magis
976 3149 1049 3228 quia
1060 3149 1180 3213 lecistis

197 3247 290 3307 quem
304 3230 377 3309 quia
390 3233 423 3293 id
436 3247 494 3294 ves
510 3234 612 3294 lacere
626 3232 730 3305 decet,
752 3233 944 3295 desideretur
957 3243 1051 3310 atque
1065 3250 1179 3312 exspe-

196 3322 302 3377 ctetur.
324 3315 384 3376 alia
402 3313 483 3378 enim
503 3314 572 3377 aliis
593 3323 624 3377 et
641 3316 773 3379 honesta
792 3323 841 3379 est
854 3324 884 3379 et
897 3316 1067 3394 probabilis
1082 3335 1182 3390 causa

196 3415 365 3462 armorumc
385 3398 429 3461 illi
435 3414 558 3475 agrum,
572 3398 604 3461 hi
618 3401 717 3475 moos,
730 3399 763 3463 bi
774 3399 900 3478 oppida,
914 3400 947 3463 hi
957 3408 1066 3485 portus
1078 3419 1181 3465 oram-

197 3498 259 3557 que
274 3483 406 3561 aliquam
420 3482 514 3546 maris
528 3490 561 3545 ut
574 3484 773 3559 possideann
797 3499 857 3546 vos
877 3500 936 3546 nec
955 3485 1086 3562 cupistis
1100 3484 1188 3565 haec·
