2600 4000
221 264 263 330 62
369 248 617 324 Ltssuttx'xxll.
638 258 834 322 CAP.1ato.
856 263 938 333 [att.
951 263 1049 332 aoso]

223 416 568 491 versoPeloponnesum
580 412 692 487 exiguo
704 412 798 473 maris
810 411 909 488 spatio
918 412 1056 488 divisam
1065 412 1104 474 ab
1116 420 1203 491 tergo

225 502 372 565 Aetoliam
385 497 666 572 Acamaniamque,
685 496 723 555 ab
738 496 883 557 lateribus
896 496 1057 558 Locridem
1071 513 1109 557 ac
1121 498 1203 560 Boo-

223 587 315 649 otiam
334 584 475 645 habebat
509 580 653 641 Phocidis
674 580 772 655 primo
793 580 908 656 impetu
927 580 1114 641 Phanoteam
1135 581 1203 643 sino

223 668 387 732 certamine
409 668 497 742 cepit.
530 665 678 743 Anticyra
700 664 783 724 haud
803 666 929 725 multum
947 664 978 725 in
993 668 1202 740 oppugnando

222 771 327 816 morae
340 752 489 828 praebuit.
514 750 690 827 Ambrysus
705 748 776 809 inde
790 749 1034 827 Hyampolisque
1048 757 1202 825 receptae.

222 840 328 902 Daulis
344 837 415 912 quia
429 835 459 895 in
474 835 589 895 tumulo
603 834 729 895 excelso
745 833 803 894 sita
817 840 873 908 est,
888 848 945 894 nec
957 833 1049 894 scalis
1059 849 1117 893 nec
1128 849 1203 909 ope·

223 925 308 984 ribus
324 920 392 995 capi
407 926 537 995 poterat.
558 918 742 979 lacessendo
756 917 923 979 missilibus
938 933 993 978 eos
1007 915 1101 993 quiin
1113 933 1202 993 prae

224 1008 303 1069 sidio
319 1010 405 1065 erant
420 1019 489 1064 cum
503 1002 543 1062 ad
557 1001 760 1063 excursiones
775 1002 960 1076 elicuissent,
975 1001 1155 1076 refugiendo
1171 1001 1202 1062 in

223 1091 321 1150 vicem
343 1089 566 1164 sequendoque
587 1093 618 1146 et
637 1086 756 1147 levibus
778 1087 846 1146 sine
860 1085 973 1147 effectu
987 1086 1202 1148 certaminibus

224 1190 262 1235 eo
285 1173 495 1248 neglegentiae
509 1178 540 1231 et
553 1177 747 1246 contemptus
762 1170 970 1245 adduxerunt,
991 1177 1023 1231 ut
1039 1186 1108 1231 cum
1121 1171 1171 1231 rei
1190 1201 1203 1212 ·

224 1258 377 1335 gientibus
397 1256 428 1316 in
450 1262 569 1332 portam
589 1256 732 1330 permixti
752 1256 896 1330 impetum
910 1255 1040 1316 Romani
1057 1255 1202 1315 iacerent

224 1351 255 1403 et
269 1342 329 1402 alia
350 1340 495 1416 ignobilia
510 1341 634 1400 castella
647 1338 791 1400 Phocidis
805 1345 921 1399 terrore
934 1339 1032 1415 magis
1048 1353 1139 1414 quam
1153 1354 1221 1403 ar-.

224 1426 282 1486 mis
297 1427 328 1485 in
349 1430 531 1501 potestatem
551 1431 709 1484 venerunt.
744 1423 850 1483 Elatea
869 1423 978 1484 clausit
998 1430 1122 1499 portas;
1145 1437 1204 1482 nec

225 1510 283 1572 nisi
298 1509 328 1569 vi
343 1514 533 1583 cogerentur,
546 1508 701 1583 recepturi
715 1508 875 1568 moenibus
889 1507 1072 1568 videbantur
1084 1513 1137 1568 aut
1147 1507 1202 1567 du·
1294 1590 1295 1594 Ἰ

225 1610 291 1656 cem
307 1599 360 1654 aut
373 1592 539 1654 exercitum
552 1593 731 1653 Romanum.

308 1678 386 1738 XIX.
407 1678 541 1738 Elatcam
562 1675 715 1737 obsidenti
729 1675 847 1737 consuti
860 1675 905 1735 rei
919 1675 1042 1737 maioris
1058 1690 1133 1751 spes
1148 1677 1202 1735 ad-

223 1762 317 1836 tulsit
331 1761 526 1822 Achaeorum
541 1768 662 1836 gentem
677 1760 715 1820 ab
731 1760 877 1821 societate
891 1759 1020 1834 regiain
1034 1760 1201 1822 Romanam

225 1846 386 1906 amicitiam
410 1845 576 1905 avertendi.
607 1843 781 1923 cycliadam
806 1843 976 1919 prinoipem
1001 1844 1142 1905 factionis
1162 1844 1200 1904 ad

225 1929 394 2005 Philippum
423 1927 604 1989 trahentium
629 1943 681 1987 res
702 1928 899 2005 expulerant;
927 1927 1124 2002 Aristaenus,
1151 1928 1201 2004 qui

224 2014 370 2080 Romanis
384 2020 504 2088 gentem
519 2013 602 2087 iungi
615 2013 753 2088 volebat,
775 2020 898 2090 praetor
912 2019 985 2073 erat.
1019 2013 1128 2074 crassis
1141 2013 1201 2074 Ro·

224 2114 315 2157 mana
326 2114 394 2158 cum
406 2097 507 2159 Attalo
519 2103 550 2157 et
559 2097 688 2158 Rhodiis
696 2096 859 2158 Cenchreis
871 2097 978 2169 stabat,
991 2098 1204 2173 parabantque

225 2183 377 2244 communi
392 2197 498 2243 omnes
514 2182 642 2243 consilio
655 2182 828 2243 Corinthum
843 2196 1033 2257 oppugnare.
1055 2182 1202 2258 optimum

224 2269 314 2343 igitur
324 2275 408 2328 ratus
420 2274 476 2340 est,
485 2266 662 2343 priusquam
673 2282 739 2326 eam
751 2282 815 2326 rem
826 2265 1074 2341 adgrederentur,
1082 2267 1201 2341 legatos

224 2354 263 2413 ad
278 2361 399 2426 gentem
411 2351 606 2412 Achaeorum
620 2350 695 2411 milti
710 2349 890 2425 pollicentis,
905 2349 932 2408 si
947 2349 985 2409 ab
1000 2365 1073 2425 rege
1088 2351 1127 2411 ad
1141 2351 1202 2413 Ro

224 2452 332 2496 manos
348 2434 548 2506 deiecissent,
570 2434 745 2494 Corinthum
760 2432 985 2495 contributuros
999 2435 1029 2495 in
1044 2434 1203 2509 antiquum

223 2519 322 2594 gentis
345 2516 516 2577 concilium.
548 2523 673 2576 auctore
695 2517 822 2577 consule
841 2517 933 2591 legati
947 2534 965 2578 a
980 2519 1072 2580 tratre
1086 2520 1152 2579 elus
1167 2519 1202 2579 L,

225 2601 362 2676 Quinctio
378 2607 408 2660 et
415 2600 517 2659 Attalo
533 2604 564 2659 et
572 2599 702 2661 Rhodiis
717 2607 748 2661 et
757 2599 996 2663 Atheniensibus
1008 2604 1048 2663 ad
1057 2602 1202 2664 Achaeos

224 2685 319 2745 missi.
354 2683 489 2763 Sicyone
511 2683 613 2744 datum
627 2682 725 2746 estiis
742 2684 911 2746 concilium.
948 2692 1013 2747 erat
1025 2693 1126 2748 autem
1141 2704 1202 2748 non

224 2769 388 2830 admodum
406 2767 536 2843 simplex
550 2767 672 2830 habitus
687 2769 764 2831 iuter
777 2768 919 2831 Achaeos
935 2770 1119 2832 animorumz
1142 2778 1202 2831 ter·

223 2853 310 2914 rebat
328 2852 422 2913 Nabis
442 2854 718 2928 Lacedaemonius,
744 2853 847 2930 gratis
868 2862 897 2915 ct
917 2855 1065 2916 adsiduus
1085 2855 1202 2925 hostis;
1291 2872 1292 2889 ¹

223 2937 388 2998 horrebant
405 2937 543 2998 Romana
563 2954 662 3009 arma;
684 2938 887 3000 Macedonum
902 2938 1059 3001 beneficiis
1074 2946 1105 3000 et
1117 2948 1202 3000 vete-

223 3021 308 3082 ribus
329 3028 360 3083 et
378 3020 552 3082 recentibus
578 3022 701 3098 obligati
722 3029 824 3094 erant3
851 3038 954 3098 regem
975 3025 1077 3100 ipsum
1091 3039 1202 3099 suspe-

225 3112 305 3165 ctum
320 3104 471 3166 habebant
485 3122 542 3181 pro
557 3105 623 3166 eius
639 3107 815 3168 crudelitate
829 3106 1030 3185 perfidiaque,
1045 3124 1149 3184 neque
1162 3123 1202 3168 ex

223 3188 260 3249 iis
282 3205 358 3264 quae
377 3197 441 3250 tum
461 3191 501 3250 ad
521 3198 641 3265 tempus
663 3191 778 3252 iaceret
797 3193 1008 3267 aestimantes,
1029 3194 1202 3268 graviorem

224 3282 295 3349 post
314 3274 424 3334 bellum
447 3274 601 3334 dominum
623 3275 756 3337 futurum
777 3275 949 3337 cernebant.
983 3292 1086 3353 neque
1100 3277 1203 3338 solum

224 3357 298 3432 quid
317 3359 348 3417 in
363 3363 472 3419 senatu
493 3358 624 3434 quisque
643 3360 771 3421 civitatis
787 3376 861 3421 suae
876 3361 972 3421 autin
988 3361 1202 3422 communibus

224 3442 360 3504 conciliis
376 3441 474 3518 gentis
490 3458 545 3518 pro
561 3444 711 3504 sententia
726 3443 862 3504 dicerent
875 3445 1073 3520 ignorabant,
1089 3446 1147 3505 sed
1162 3459 1202 3504 ne
1289 3478 1290 3501 t

224 3526 299 3602 tpsis
321 3528 444 3604 quidem
465 3543 568 3588 secum
590 3527 806 3603 cogitantibus,
834 3529 907 3605 quid
926 3530 1039 3590 vellent
1059 3535 1111 3591 aut
1126 3527 1200 3606 quid
1288 3616 1289 3621 ἵ
