2600 4000
212 280 234 344 o
406 275 522 337 amna
535 275 640 336 >mxu
653 255 746 334 'cau
761 282 786 338 r.
809 280 844 348 [a.
860 280 897 333 o.
911 298 935 334 ο.
950 280 1013 347 aaa]

215 436 285 495 dem
299 430 425 492 dubium
439 437 495 504 est,
510 427 584 504 quin
595 428 676 489 hunc
687 427 790 502 ipsum
800 426 981 502 Philippum,
997 434 1119 501 pactum
1131 427 1188 487 iam

211 534 268 595 per
282 518 400 591 legatos
418 514 596 587 litterasque
612 527 681 572 cum
695 510 879 583 Hannibale,
900 518 934 570 ut
946 510 979 570 iu
993 509 1109 570 Italiam
1121 510 1188 570 trai-

213 606 296 663 ceret
314 599 411 660 misso
433 613 502 658 cum
522 597 624 656 classe
637 594 788 668 Laevino,
811 594 863 670 qui
883 595 962 654 uiuo
977 593 1005 653 ei
1018 592 1132 654 bellum
1145 593 1187 654 in·
1294 642 1295 667 2

210 686 311 759 ferret,
325 682 356 743 in
366 679 550 743 Macedonia
561 676 809 739 continuerimus.
834 684 865 738 et
875 678 960 755 quod
970 683 1042 738 tunc
1053 678 1189 752 fecimus,

210 785 280 830 cum
304 766 425 827 hostem
444 761 645 824 Hannibalem
670 762 807 822 initalia
830 761 1027 835 haberemus,
1052 761 1086 820 id
1110 777 1190 822 nuuc

210 854 301 929 pulso
317 850 402 910 ltalia
414 846 593 919 Hannibale,
609 845 738 906 devictis
753 843 1053 919 Carthaginiensibus
1068 853 1190 905 cuncta-

210 953 278 997 mur
298 935 421 993 laceret
452 932 604 1005 patiamur
624 927 838 1004 expugnandis
860 928 1005 1002 Athenis,
1031 929 1112 990 sieut
1136 928 1191 989 Sa-

210 1025 303 1096 gunto
326 1013 536 1090 expugnando
557 1011 760 1073 Hannibalem
779 1012 866 1087 passi
887 1027 1010 1086 sumus,
1032 1011 1190 1088 segnitiam

209 1108 346 1163 nostram
362 1095 495 1174 experiri
514 1112 627 1171 regem.
662 1111 724 1156 non
746 1094 851 1172 quinto
872 1097 943 1156 inde
956 1111 1077 1170 mense,
1101 1112 1190 1171 quem

209 1187 249 1246 ad
274 1182 398 1244 modum
424 1181 463 1242 ab
484 1179 622 1255 Sagunto
642 1180 810 1253 Hannibal,
836 1180 893 1240 sed
918 1179 1023 1255 quinto
1045 1178 1119 1239 inde
1139 1178 1189 1239 die

212 1285 303 1345 quam
319 1266 357 1327 ab
370 1264 514 1328 Corintho
530 1264 656 1324 solverit
669 1280 774 1338 naves,
789 1261 820 1322 in
831 1261 948 1323 ltaliam
963 1264 1129 1339 perveniet
1152 1278 1190 1322 ne

209 1348 414 1428 aequaveritis
433 1348 594 1409 Hannibali
614 1346 801 1422 Philippum,
827 1363 866 1407 ne
888 1345 1188 1421 carthaginiensibus

208 1434 406 1496 Macedonas.
441 1432 560 1511 Pyrrho
586 1436 669 1490 certe
690 1431 869 1505 aequabitis.
905 1430 1078 1506 aequabitis
1098 1431 1191 1491 dicct

211 1527 358 1596 quantum
371 1519 419 1577 vei
434 1516 481 1576 vir
495 1515 560 1576 viro
576 1516 624 1574 vel
639 1529 716 1588 gens
731 1515 814 1589 genti
828 1521 978 1589 praestat!
1001 1513 1125 1574 minima
1140 1530 1190 1574 ac-

210 1604 312 1666 cessio
327 1617 450 1676 semper
459 1599 571 1676 Epirus
585 1613 682 1673 regno
694 1598 894 1658 Macedoniae
909 1598 972 1672 luit,
987 1604 1018 1657 et
1030 1598 1123 1659 hodie
1133 1605 1190 1658 est.

208 1689 455 1762 Peloponnesum
466 1690 560 1745 totam
571 1683 601 1741 in
615 1681 737 1742 dicione
743 1680 902 1757 Philippus
913 1681 1015 1754 habet,
1023 1683 1190 1757 Argosque

209 1772 312 1848 ipsos,
334 1787 396 1830 non
411 1775 515 1829 vetere
530 1769 612 1826 lama
625 1766 723 1841 magis
740 1781 833 1839 quam
847 1772 944 1825 morte
957 1765 1067 1843 Pyrrhi
1082 1765 1191 1826 nobili·

208 1863 299 1917 latos.
322 1860 430 1915 nostra
443 1866 524 1912 nuno
539 1865 693 1925 compara.
716 1857 830 1924 quanto
845 1850 943 1924 magis
958 1848 1119 1909 florentem
1133 1850 1195 1910 lta-

207 1941 295 2014 liam,
315 1942 429 2015 quanto
445 1934 542 2010 magis
556 1934 691 2008 integras
706 1948 757 1992 res
773 1933 867 1993 salvis
881 1934 1021 2010 ducibus,
1038 1932 1134 1995 salvis
1148 1940 1193 1995 tot

210 2019 410 2094 exercitibus,
433 2035 512 2094 quos
527 2016 675 2078 Punicum
688 2021 799 2094 postea
812 2017 925 2078 bellum
941 2017 1121 2094 absumpsit,
1138 2018 1192 2077 ad-

208 2121 335 2183 gressus
359 2102 497 2183 Pyrrhus
522 2109 624 2163 mmen
649 2102 820 2177 concussit,
848 2110 879 2163 et
902 2102 1001 2163 victor
1024 2117 1123 2178 prope
1148 2101 1190 2160 ad

207 2191 307 2266 ipsam
328 2188 435 2249 urbem
449 2188 618 2249 Romanam
639 2186 737 2247 venit!
760 2202 818 2246 nec
831 2184 986 2248 Tarentini
1007 2187 1099 2248 modo
1123 2200 1191 2246 ora·

209 2291 270 2351 que
290 2274 342 2333 illa
355 2272 474 2347 ltaliae,
497 2288 588 2348 quam
601 2272 748 2332 maiorem
767 2269 924 2330 Graeciam
937 2276 1066 2343 vocant,
1087 2277 1121 2331 ut
1135 2266 1193 2329 lin·
1222 2321 1227 2328 .

207 2374 314 2435 guam,
335 2363 368 2417 ut
381 2371 493 2418 nomen
507 2362 632 2416 secutos
647 2355 806 2426 crederes,
829 2353 887 2413 sed
900 2354 1044 2414 Lucanus
1058 2360 1089 2414 el
1102 2354 1194 2414 Brut·

207 2443 269 2503 tius
283 2448 313 2500 et
323 2439 445 2499 Samnis
457 2439 496 2497 ab
508 2439 599 2499 nobis
609 2437 797 2497 deiecerunt.
821 2437 898 2496 haec
909 2453 978 2511 vos,
993 2437 1021 2497 si
1032 2437 1192 2512 Philippus

208 2524 239 2584 in
251 2521 369 2583 ltaliam
382 2520 599 2593 transmiserit,
622 2519 763 2594 quietura
778 2527 830 2580 aut
842 2535 988 2582 mansura
1002 2522 1033 2581 in
1049 2522 1112 2582 lide
1126 2534 1187 2581 cre

208 2605 300 2668 diosa
321 2609 498 2664 manserunt
512 2603 593 2663 enim
602 2601 717 2663 Punico
732 2610 844 2678 postea
854 2604 944 2665 bello.
962 2621 1130 2680 mnnquam
1142 2602 1195 2665 isti

208 2689 324 2768 populi,
339 2686 399 2750 nisi
414 2703 483 2747 cum
498 2686 596 2749 deerit
609 2686 650 2747 ad
665 2702 757 2761 quem
772 2687 955 2762 desciscant,
972 2689 1011 2749 ab
1025 2689 1116 2749 nobis
1128 2704 1195 2749 nou

208 2773 360 2834 deficient.
398 2772 425 2831 si
444 2770 597 2847 piguisset
616 2787 674 2832 vos
689 2772 720 2830 in
735 2771 869 2832 Africam
884 2773 1029 2845 traicere,
1051 2772 1146 2834 hodie
1160 2772 1193 2832 in

207 2857 293 2917 ltalia
320 2854 520 2916 Hannibalem
546 2861 577 2915 et
602 2853 870 2931 Carthaginienses
898 2856 996 2918 hostis
1024 2856 1195 2918 haberetis.

207 2939 391 3001 Macedonia
415 2937 519 3015 potius
547 2955 639 3014 quarn
659 2939 745 2999 Italia
770 2939 883 3000 bellum
903 2939 1030 3015 habeat,
1056 2939 1195 3001 hostiurn

208 3024 301 3086 urbes
326 3023 455 3100 agrique
480 3024 561 3084 ierro
587 3030 680 3097 atque
704 3022 767 3099 igni
792 3031 957 3086 vastentur.
990 3022 1109 3100 experti
1129 3024 1194 3083 iarn

207 3124 315 3170 sumus
327 3107 402 3170 ioris
413 3106 504 3168 nobis
513 3124 604 3183 quam
617 3108 699 3168 domi
711 3108 848 3170 feliciora
857 3109 1095 3186 potentioraque
1105 3124 1196 3168 arma

207 3207 288 3254 esse.
321 3193 363 3254 ite
382 3190 414 3252 in
435 3190 615 3266 suffragium
639 3193 718 3253 bene
741 3193 915 3254 iuvantibus
937 3192 1031 3268 divis,
1056 3199 1195 3267 atquae

207 3282 312 3352 patres
324 3282 519 3350 censuerunt,
535 3292 593 3336 vos
608 3276 719 3337 iubete.
742 3275 832 3338 huius
844 3276 933 3337 vobis
945 3275 1115 3338 sententiae
1125 3292 1194 3336 non

207 3362 317 3422 consul
338 3359 431 3422 modo
455 3366 643 3433 auctorest,
667 3362 724 3421 sed
743 3359 835 3422 etiam
855 3362 897 3422 dii
910 3360 1112 3434 immortales,
1137 3359 1192 3434 qui

206 3441 280 3504 mihi
294 3444 479 3506 sacrificanti
495 3444 712 3520 precantique,
732 3450 766 3505 ut
778 3443 839 3505 hoc
853 3445 966 3504 bellum
979 3443 1052 3504 mihi
1067 3442 1193 3503 senatui

209 3526 374 3605 vobisque,
397 3528 492 3589 sociis
507 3544 544 3589 ac
558 3529 673 3589 nomini
686 3527 803 3596 Latino,
819 3526 971 3590 classibus
985 3526 1194 3588 exercitibus—
