2600 4000
167 176 168 179 Ν
234 254 236 257 ·
296 224 547 310 cmunxrrxv.
570 225 767 287 caasser.
790 231 963 298 [conon
1051 227 1111 290 aas

134 383 283 461 populum
296 381 466 443 Romanum
487 394 556 439 curn
571 377 740 453 Antiocho,
762 379 879 439 lanistis
893 379 1027 450 Aetolis,
1049 396 1110 442 non
1171 455 1173 458 y

134 468 202 529 sine
221 481 333 540 magno
351 470 436 526 motu
456 462 577 538 generis
605 461 729 522 humani
753 468 783 521 et
808 461 943 536 pernicie
964 462 1111 525 Graeciae

134 550 300 612 dimicares
331 562 388 608 nec
410 549 492 607 ullos
517 546 603 621 prius
630 544 748 605 cladem
767 545 841 605 eius
865 544 936 605 helii
962 560 1110 608 sensuros

134 630 227 709 quam
248 632 300 707 qui
319 631 497 692 movissent.
530 629 607 690 hace
627 628 814 704 nequiquam
832 628 917 688 velut
929 628 1110 691 vaticinatus

134 719 300 779 Romanus.
320 715 423 776 Thoas
437 713 549 774 deinde
564 714 719 788 ceterique
732 711 873 774 factionis
888 712 1030 795 eiusdem¹
1042 729 1110 774 curn
1172 718 1174 723 ’

134 800 271 861 adsensu
285 799 419 861 omnium
432 797 527 858 auditi
541 795 750 872 pervicerunt,
772 803 805 857 ut
824 811 864 856 ne
878 794 972 857 dilato
988 796 1111 872 quidem
1126 842 1128 846 -

134 883 265 945 concilio
278 889 309 943 ct
319 881 498 943 absentibus
506 879 651 941 Romanis
663 878 818 941 decretum
829 880 924 953 tieret,
934 895 996 954 quo
1007 896 1110 942 arces·

133 974 253 1028 seretur
262 965 433 1027 Antiochus
445 964 485 1026 ad
495 963 683 1024 liberandam
695 961 1110 1039 Graeciamdisccptandum·

134 1067 195 1126 que
210 1051 288 1110 inter
297 1050 425 1111 Aetolos
439 1055 470 1108 et
482 1049 649 1109 Romanos.
672 1045 742 1106 huic
758 1052 819 1107 tam
834 1047 969 1123 superbo
985 1047 1110 1110 decreto

133 1133 252 1195 addidit
262 1133 416 1209 propriam
427 1130 639 1193 contumeliam
650 1130 843 1192 Damocritus
859 1138 983 1206 praetor
993 1146 1109 1192 eorum.

134 1234 204 1278 nam
219 1233 289 1277 carm
299 1217 331 1276 id
341 1217 443 1292 ipsum
455 1215 611 1276 decretum
623 1221 768 1290 posceret
778 1230 847 1276 eurn
860 1213 1032 1289 Quinctius,
1047 1232 1109 1276 non

133 1301 248 1362 veritus
262 1300 450 1361 maiestatem
465 1299 521 1358 viri
541 1298 622 1359 aliud
643 1298 673 1357 in
696 1299 884 1374 praesentia,
906 1298 991 1373 quod
1011 1298 1109 1374 magis

134 1385 268 1458 instaret,
280 1382 536 1460 praevertendum
547 1379 606 1442 sibi
620 1397 694 1443 esse
704 1380 796 1443 dixitz
812 1384 969 1443 decretum
979 1378 1109 1459 respon-

134 1484 265 1545 sumque
279 1468 309 1527 in
324 1466 410 1527 ltalia
421 1465 508 1527 brevi
522 1465 631 1527 castris
645 1482 741 1542 super
755 1466 853 1543 ripam
867 1466 984 1527 Tiberis
1000 1466 1109 1542 positis
1123 1526 1125 1530 f
1175 1472 1178 1475 '

134 1553 284 1614 daturum.
315 1557 416 1611 tanaus
437 1551 522 1611 luror
541 1549 593 1611 illo
617 1557 755 1625 tempore
779 1558 900 1625 gentem
919 1550 1108 1625 Aetolorum

133 1643 298 1711 tantusque
311 1634 504 1709 magistratus
522 1649 628 1694 eorum
641 1634 732 1709 cepit.

216 1719 349 1779 XXXIV.
382 1718 539 1792 Quinctius
565 1718 719 1792 legatique
744 1715 918 1778 corinthum
943 1714 1108 1776 redierunt.

134 1802 219 1875 inde,
235 1810 269 1863 ut
283 1802 315 1839 **
331 1817 473 1878 quaeque
488 1801 528 1861 de
541 1800 709 1873 Antiocho,
732 1798 805 1858 nihil
825 1813 881 1873 per
901 1813 937 1859 sc
951 1798 1011 1874 ipsi
1025 1799 1108 1871 moti,

134 1894 163 1946 et
177 1887 321 1946 sedentes
343 1894 526 1960 exspectare
546 1884 709 1945 adventum
725 1881 902 1941 viderentur
916 1881 1014 1958 regis,
1037 1898 1109 1944 con·

134 1969 234 2030 cilium
256 1968 380 2043 quidem
400 1968 562 2027 universae
582 1966 681 2041 gentis
702 1971 774 2039 post
793 1964 939 2027 dimissos
953 1967 1110 2028 Romanos

134 2068 194 2112 non
216 2051 399 2121 hahuerunt,
422 2065 477 2124 per
497 2050 655 2123 apocletos
675 2055 775 2109 autern
789 2047 888 2109 -ita
906 2058 1020 2111 vocant
1039 2066 1109 2111 san-

135 2134 214 2192 ctius
229 2129 407 2192 consiliumz
428 2147 468 2191 ex
483 2130 610 2190 delectis
625 2137 747 2191 constat
761 2130 888 2191 viris-
901 2131 933 2191 id
948 2132 1110 2208 agitabant,

136 2230 272 2291 quonam
289 2214 381 2275 modo
408 2212 439 2274 in
462 2212 590 2274 Graecia
612 2229 665 2274 res
689 2221 884 2276 novarentur.
916 2215 994 2275 inter
1013 2216 1111 2276 omnis

101 2334 103 2336 -
135 2297 295 2360 constabat
314 2297 345 2357 in
365 2296 537 2359 civitatibus
557 2295 714 2373 principes
739 2307 770 2359 et
790 2298 936 2373 optimum
958 2314 1113 2376 quemque

133 2384 290 2444 Romanae
305 2381 460 2443 societatis
474 2396 546 2442 esse
560 2388 591 2442 ct
605 2382 759 2457 praesenti
773 2388 854 2442 statu
867 2382 1016 2456 gaudere,
1038 2382 1112 2443 mul·

133 2466 291 2527 titudinem
305 2474 336 2527 et
348 2481 478 2542 quorum
492 2480 543 2525 res
558 2481 619 2525 non
635 2481 675 2525 ex
690 2465 840 2527 sententia
854 2466 993 2540 ipsorum
1008 2473 1113 2527 assent

134 2550 236 2614 omnia
247 2565 363 2611 novare
373 2551 461 2610 velle.
483 2549 584 2609 Aetoli
596 2550 757 2610 consilium
768 2564 832 2611 uno
844 2550 894 2610 die
904 2550 972 2625 spei
986 2559 1112 2626 quoque

133 2650 196 2695 non
212 2634 339 2693 audacis
353 2634 446 2694 modo
457 2633 515 2693 sed
526 2632 616 2693 etiarn
626 2631 812 2707 impudentis
825 2639 987 2709 cepenam,
1003 2633 1111 2693 Deme

133 2716 263 2776 triadem
278 2716 452 2777 chalcidem
464 2715 729 2776 Lacedaemonem
743 2717 926 2792 occupandi.
954 2716 1066 2793 singuli
1082 2716 1112 2776 in

72 2815 76 2820 ·
133 2799 271 2874 singulas
285 2799 439 2876 principes
459 2798 545 2858 missi
566 2806 652 2873 sunt,
671 2798 773 2859 Thoas
788 2799 978 2872 chalcidem,
999 2801 1113 2861 Alexa·
1206 2825 1213 2860 s

133 2880 665 2955 menusLacedaemqnern,Diocles
673 2882 907 2942 Demetriadem.
929 2884 1113 2944 huncexsul

132 2966 344 3043 Eurylochus,
366 2965 405 3040 dc
426 2965 513 3026 cuius
534 2965 607 3039 iuga
628 2980 787 3040 causaque
807 2966 899 3041 rugae
914 2973 984 3027 ante
999 2967 1113 3028 dictum

71 3075 74 3080 ⁴
133 3057 196 3125 est,
217 3048 289 3125 quia
303 3048 418 3120 reditus
434 3049 464 3108 in
479 3048 608 3125 patriam
623 3048 707 3108 nulla
721 3048 781 3109 alia
794 3057 861 3110 erat
874 3065 966 3125 spes,
988 3050 1114 3113 adiuvit

134 3134 240 3195 litteris
264 3131 433 3210 Eurylochi
456 3131 604 3193 admoniti
635 3132 802 3208 propinqui
827 3131 981 3210 amicique
1004 3141 1036 3195 et
1060 3133 1114 3212 qui

134 3216 270 3277 ciusdem
291 3215 433 3277 racionis
453 3222 555 3288 erant,
584 3216 701 3276 liberos
725 3223 756 3277 et
775 3216 937 3292 coniugem
956 3218 1023 3279 eius
1043 3234 1127 3297 eum,

135 3299 260 3359 sordida
273 3307 361 3360 veste
375 3297 418 3374 **,
432 3306 572 3360 tenentes
587 3300 759 3360 velamenta
772 3300 974 3377 supplicium,
996 3302 1113 3364 contio·

135 3396 205 3440 nem
230 3383 420 3458 frequentem
444 3381 583 3443 adierunt
610 3382 750 3457 singulos
776 3383 1002 3460 universosque
1027 3384 1111 3445 obte-

135 3469 268 3536 stantes,
283 3480 322 3525 ne
336 3466 488 3526 insontem
502 3466 708 3527 indemnatum
720 3466 987 3528 consenescerein
999 3464 1109 3528 exsilio
