2600 4000
228 237 291 300 ³14
325 203 329 212 ’
389 233 1046 311 amnaxxxv11mmsnnnaaoa

226 393 320 451 esset.
346 385 406 450 lroc
421 391 547 447 senatus
564 385 738 447 consultum
756 385 937 461 litteraeque
951 402 970 447 a
984 386 1038 464 Sp.
1053 385 1212 453 Postumio

228 479 371 550 praetore
381 471 412 530 in
425 469 576 531 Etruriam
586 467 701 530 missae
712 476 800 542 sunt;
821 471 1042 546 proiectusque
1056 470 1089 531 in
1098 472 1210 550 Hispa-

227 559 309 625 niam
329 563 377 617 est
395 552 428 614 P.
444 551 549 614 lunius
571 559 762 629 propraetor.
794 552 826 613 in
851 570 914 629 qua
939 555 1099 630 prouincia
1124 559 1211 632 prius

226 643 382 718 aliquanto
409 652 502 714 quam
527 652 694 698 successor
713 637 844 710 veniret,
868 638 903 698 L.
917 639 1066 700 Aemilius
1087 638 1211 718 Paulus,
1255 690 1258 693 .

228 725 282 804 qui
296 729 407 801 postea
420 737 525 796 regem
538 720 651 782 Persea
665 736 776 796 magna
789 721 888 795 gloria
906 721 994 798 vicit,
1015 739 1085 784 cum
1104 724 1212 800 priore

226 826 308 872 anno
328 806 410 868 haud
431 820 583 882 prospere
596 819 662 866 rem
675 805 841 880 gessisset,
863 807 1056 868 tumultuario
1072 809 1212 872 exercitu

228 895 373 966 collecto,
394 889 490 965 signis
513 889 633 951 collatis
648 904 718 949 cum
730 889 886 951 Lusitanis
900 891 1064 967 pugnacite
1087 892 1149 953 lusi
1164 896 1211 955 iu·

228 979 353 1055 gatique
366 976 488 1047 hostes,
512 988 605 1035 caesa
619 974 727 1033 decem
742 981 813 1034 octo
827 971 910 1034 milia
922 981 1125 1046 armatorum
1148 978 1211 1039 duc

228 1061 310 1121 milia
323 1059 451 1120 trecenti
466 1058 562 1136 capti,
582 1064 614 1119 et
627 1063 729 1119 castra
743 1064 929 1134 expugnata.
956 1056 1047 1120 huius
1063 1059 1213 1122 victoriae

226 1146 308 1206 fama
321 1142 548 1217 tranquilliores
561 1141 592 1202 in
605 1140 755 1216 Hispania
767 1156 818 1202 res
833 1142 913 1203 lecit.

309 1226 427 1287 Eodem
440 1242 521 1287 anno
536 1231 607 1287 ante
621 1226 703 1286 diem
717 1224 838 1287 tertium
852 1224 920 1285 Kal.
935 1224 1093 1287 Ianuarias
1106 1227 1211 1290 Bono-

227 1313 307 1374 niam
321 1310 458 1371 Latinam
479 1307 630 1371 coloniam
650 1325 691 1370 ex
713 1318 838 1371 senatus
862 1312 1002 1371 consulto
1016 1310 1049 1370 L.
1065 1311 1211 1373 Valerius

225 1397 356 1458 Flaccus
370 1394 411 1454 Μ.
425 1393 536 1456 Atilius
552 1392 704 1454 Serranus
723 1394 757 1453 L.
773 1392 914 1455 Valerius
929 1396 1037 1470 Tappo
1060 1394 1211 1456 triumviri

227 1480 428 1541 deduxerunt.
461 1477 519 1538 tria
532 1475 615 1537 milia
629 1476 786 1539 hominum
799 1485 872 1540 sunt
885 1478 1032 1540 deducta2
1054 1478 1211 1554 equitibus

228 1572 418 1641 septuagena
428 1560 543 1638 iugera,
559 1560 671 1622 ceteris
686 1562 804 1623 colonis
817 1561 1034 1639 quinquagena
1045 1569 1118 1623 sunt
1129 1564 1209 1624 data

227 1665 301 1725 ager
322 1653 429 1724 captus
452 1646 491 1706 de
512 1645 605 1706 Gallis
624 1644 710 1705 Boiis
731 1647 844 1716 sueram
876 1646 952 1707 Galli
971 1646 1090 1707 Tuscos
1113 1662 1211 1723 expu-

227 1735 333 1795 lerant.

310 1817 428 1878 Eodem
448 1831 528 1876 anno
550 1829 711 1876 censuram
731 1811 817 1875 multi
836 1822 867 1875 et
882 1814 956 1875 clari
972 1812 1029 1874 viri
1048 1814 1211 1890 petierunt

194 1949 197 1955 .
230 1917 374 1978 quaeres
389 1908 545 1977 tamquam
558 1897 589 1959 in
604 1913 639 1960 se
654 1914 762 1974 parum
775 1898 879 1972 magni
894 1896 1068 1960 certaminis
1083 1914 1211 1960 causam

230 1984 368 2057 haberet,
395 1984 486 2045 aliam
512 1984 737 2046 contentionem
762 1983 856 2044 multo
881 1981 1028 2046 maiorem
1054 1981 1209 2046 excitavit.

229 2069 373 2145 petebant
384 2069 416 2128 Τ.
433 2066 589 2144 Quinctius
602 2065 789 2129 Flamininus
802 2066 835 2125 Ρ.
851 2066 1009 2128 Cornelius
1024 2067 1077 2128 Cn.
1093 2067 1128 2128 F.
1145 2067 1208 2129 Sci-

228 2155 278 2229 pio
293 2154 327 2214 L.
338 2153 481 2215 Valerius
491 2151 621 2213 Flaccus
635 2152 676 2212 Μ.
691 2151 817 2213 Porcius
833 2151 959 2215 CatoM.
972 2152 1117 2214 claudius
1130 2151 1209 2212 Mar-

227 2239 325 2300 cellus
338 2238 389 2299 Μ.
403 2237 522 2299 Acilius
539 2235 678 2311 Glabrio,
695 2236 747 2313 qui
760 2235 945 2297 Antiochum
963 2236 1004 2297 ad
1019 2236 1210 2315 Thermopy·

228 2326 274 2385 aas
289 2324 481 2398 Aetolosque
499 2321 663 2382 devicerat.
696 2319 726 2379 in
740 2320 822 2381 hunc
836 2317 984 2394 maxime,
1012 2320 1098 2395 quod
1117 2321 1212 2381 multa

229 2407 384 2483 congiaria
394 2406 551 2480 habuerat,
559 2404 672 2480 quibus
683 2420 825 2481 magnam
838 2411 955 2480 partem
966 2404 1122 2466 hominum
1136 2404 1211 2466 obli—

227 2496 321 2566 garat,
338 2492 427 2551 lavor
436 2487 545 2565 populi
555 2504 590 2548 se
605 2487 778 2549 inclinabat.
798 2489 831 2550 id
845 2504 915 2550 cum
929 2504 1022 2565 aegre
1035 2495 1211 2564 paterentur

228 2580 272 2634 tot
283 2570 413 2646 nobiles,
427 2587 541 2632 novum
553 2571 611 2631 sihi
622 2570 776 2632 honinem
786 2579 902 2635 tantum
913 2573 1070 2648 praeferri,
1081 2571 1114 2630 P.
1125 2570 1210 2633 Sem-

228 2654 356 2733 pronius
372 2653 530 2715 Gracchus
547 2661 578 2715 et
590 2653 622 2714 C.
635 2652 838 2730 Sempronius
847 2655 968 2719 Rutilus
982 2656 1095 2718 tribuni
1110 2657 1211 2732 plebis

227 2741 257 2801 ei
271 2738 352 2800 diem
367 2737 524 2814 dixerunt,
544 2738 628 2815 quod
647 2735 799 2815 pecuniae
817 2740 921 2816 regiae
942 2741 1142 2816 praedaeque
1157 2739 1211 2800 ali-

228 2826 499 2902 quantum'captac
521 2823 552 2883 in
566 2822 712 2885 Antiochi
735 2825 845 2886 castris
869 2840 972 2901 neque
999 2825 1030 2885 in
1054 2822 1211 2900 triumpho

227 2909 362 2983 tulisset,
382 2924 483 2985 neque
501 2905 533 2968 in
551 2905 702 2969 aerarium
722 2908 900 2971 rettudisset.
931 2909 1017 2969 varia
1036 2908 1212 2970 testimonia

227 2993 397 3069 legatorum
422 2991 676 3068 tribunorumque
699 2989 825 3054 militum
850 3001 947 3055 erant.
976 2993 1018 3053 Μ.
1040 2992 1115 3054 cato
1141 3000 1213 3053 ante

228 3075 307 3140 alios
328 3077 417 3138 testis
432 3075 696 3152 conspiciebatur·;
718 3077 805 3139 cuius
828 3076 1038 3139 auctoritatem
1059 3082 1212 3152 perpetuo

227 3168 334 3222 tenore
352 3158 432 3222 vitae
448 3167 566 3236 partam
579 3167 653 3236 toga
663 3161 794 3221 candida
805 3161 954 3222 elevabat.
976 3159 1004 3221 is
1015 3158 1114 3236 testis,
1131 3175 1214 3236 quac

227 3260 306 3305 vasa
319 3259 413 3304 aurea
428 3250 521 3319 atque
534 3250 681 3318 argentea
695 3246 792 3320 captis
807 3244 916 3305 castris
928 3244 1006 3314 inter
1017 3244 1107 3304 aliam
1122 3260 1212 3320 prae·

228 3329 300 3389 dam
312 3328 429 3403 regiam
442 3326 587 3401 vidisset,
608 3343 646 3388 ea
667 3344 702 3389 se
722 3329 753 3388 in
767 3328 921 3404 triumpho
935 3328 1068 3404 ncgahat
1080 3328 1212 3389 vidisse.

182 3421 186 3427 ·
229 3419 385 3489 postremo
400 3411 430 3471 in
444 3412 536 3473 huius
549 3412 681 3473 maxime
695 3411 840 3473 invidiam
855 3413 1005 3474 desistere
1016 3409 1213 3488 sepelitione

227 3495 351 3559 Glabrio
366 3492 456 3570 dixit,
479 3497 619 3574 quando,
641 3495 728 3572 quod
746 3495 827 3557 taciti
844 3494 1077 3572 indignarentur
1090 3496 1213 3558 nobiles
