2600 4000
223 247 286 312 344
347 246 463 309 LIBER
475 247 637 312 xxxviii.
660 246 742 309 CAP.
758 256 802 311 28.
814 255 859 310 29.
880 254 917 322 [a.
931 252 968 306 U.
979 271 1003 306 e.
1014 255 1079 322 563}

220 400 328 463 unciis
343 400 524 477 tranquillae
536 416 588 462 res
603 401 734 461 tuterunt
765 415 912 461 censores
925 400 1043 460 Romae
1056 400 1089 459 T.
1105 399 1198 482 Quin·

218 485 296 547 clius
310 484 498 547 Flamininus
512 491 543 546 et
555 483 597 549 lt
609 483 753 555 claudius
767 482 930 544 Marcellus
945 490 1084 544 senatum
1099 488 1200 560 perle-

218 576 337 645 gerunt
367 568 512 645 princeps
532 567 562 629 in
578 574 689 630 senatu
701 565 823 628 tertium
837 568 935 629 lactus
948 567 981 626 P.
997 566 1103 644 Scipio
1118 570 1201 630 Airi-

218 669 325 715 canus.
360 657 504 729 quattuor
524 650 584 714 soli
603 652 759 729 praeteriti
779 658 864 725 sunt,
890 667 981 712 nemo
1003 653 1101 712 curuli
1122 670 1202 714 usus

217 737 345 800 honore.
361 742 393 797 et
402 736 433 796 in
444 735 580 811 equitatu
591 735 784 797 recensendo
796 733 879 797 mitis
889 734 1054 797 admodum
1067 751 1203 798 censura

216 822 281 883 itrit
305 820 574 883 substructionem
594 835 689 896 super
702 818 946 894 Aequimaelium
960 820 990 880 in
1005 817 1155 895 Capitolio
1171 829 1203 883 et

216 905 298 967 viam
317 904 404 967 silice
418 905 613 965 sternendam
628 909 751 980 aporta
765 903 888 980 capena
901 903 941 964 ad
954 903 1061 964 Martis
1075 904 1202 965 locave-

196 991 296 1066 runt
328 989 488 1064 campani,
511 988 562 1049 ubi
577 996 788 1062 censerentur,
809 994 948 1048 senatum
963 989 1201 1051 consuluerunt:

216 1073 372 1135 decretum
386 1074 430 1135 uti
439 1074 557 1134 Romae
571 1079 778 1142 censerentur.
800 1087 900 1147 aquae
914 1072 1054 1147 ingentes
1066 1087 1105 1133 co
1116 1088 1200 1133 anno

6 1233 11 1241 Ι
128 1157 139 1208 .’
215 1157 353 1226 ruerunt;
378 1155 496 1218 liberis
515 1155 705 1218 duodeciens
726 1171 868 1231 campum
881 1154 1022 1217 Martium
1043 1155 1200 1234 planaque

106 1302 110 1308 ,
217 1238 300 1300 urbis
315 1240 502 1301 inundavitv
596 1269 600 1274 ·

261 1392 266 1402 .
300 1322 349 1384 Ab
365 1323 418 1384 Cn.
431 1322 546 1384 Manlio
561 1327 689 1386 consule
703 1320 784 1384 belin
799 1322 829 1383 in
844 1322 1005 1384 Astacum
1019 1323 1111 1384 Gallis
1126 1338 1198 1399 per·

216 1407 306 1481 tecto,
318 1407 394 1467 alter
406 1407 515 1468 consul
525 1405 698 1469 ltl'ulvius
709 1406 889 1484 perdomitis
895 1405 1015 1467 Aetolis
1028 1421 1098 1468 cum
1107 1408 1199 1469 traie

216 1489 311 1552 disset
327 1490 357 1551 in
373 1489 613 1567 Cephalleniam,
634 1492 718 1552 circa
739 1489 879 1552 civitates
897 1489 1018 1551 insulae
1031 1491 1114 1552 misit
1128 1507 1198 1567 per·

216 1582 407 1650 cunctatum,
427 1580 528 1636 uuum
549 1589 585 1634 se
606 1574 722 1635 dedere
735 1572 884 1636 Romanis
904 1591 944 1635 an
957 1572 1031 1635 belli
1045 1575 1200 1636 inmunem

215 1658 349 1735 experiri
370 1658 502 1720 mallent.
533 1665 634 1720 metus
649 1657 690 1718 ad
704 1673 814 1720 omncs
828 1656 936 1733 valuit,
957 1674 996 1719 ne
1010 1657 1201 1721 deditionem

215 1750 404 1806 recusarent
426 1740 554 1805 obsides
563 1739 636 1803 inde
647 1740 815 1817 imperatos
826 1758 884 1817 pro
895 1741 1013 1803 viribus
1025 1740 1131 1819 inopis
1142 1760 1199 1819 po-

216 1825 283 1902 puli
296 1827 426 1889 vicenos
440 1823 584 1889 Nasiotae
598 1824 700 1886 cranii
713 1824 906 1887 ct'Paienses
921 1833 952 1887 et
966 1824 1089 1887 Samaei
1103 1826 1200 1889 dede-

214 1918 295 1972 runt.
317 1910 475 1986 insperata
488 1926 552 1985 pax
565 1908 972 1990 Cephalleniaeadiuiscrat,
987 1925 1058 1971 cum
1069 1918 1201 1986 repente

213 1991 416 2068 unacivitas,
436 1992 586 2056 incertum
602 2010 694 2071 quam
709 1993 749 2056 cb
764 2009 904 2069 causam,
920 1991 1042 2069 Samaei
1057 1992 1200 2056 descire

212 2082 293 2139 runt
318 2075 393 2157 quia
406 2085 582 2154 opportuno
597 2078 668 2140 loon
684 2078 757 2139 urbs
772 2076 876 2153 posita
888 2085 988 2153 esset,
1007 2075 1150 2140 timuisse
1165 2095 1200 2139 se

69 2140 71 2144 ⁸
175 2234 177 2238 v
214 2160 351 2235 aiebant,
369 2168 419 2222 ne·
427 2161 599 2238 demigrare
618 2169 802 2238 cogerentur
816 2162 855 2223 ab
868 2160 1027 2223 Romanis.
1061 2169 1201 2224 ceterum

212 2244 315 2322 ipsine
336 2244 397 2307 sibi
420 2262 491 2308 eum
510 2244 784 2308 finxerintmetum
795 2254 827 2307 et
840 2244 948 2307 timore
962 2262 1043 2308 vano
1060 2245 1200 2322 quietum

195 2366 199 2375 ·
214 2329 417 2392 excitaverint
435 2331 563 2405 maium,
584 2346 623 2391 an
637 2329 750 2392 iactata
764 2330 957 2391 sermonibus
970 2345 1023 2392 res
1036 2330 1122 2405 apud
1135 2331 1199 2393 Ro·

142 2463 145 2467 .
213 2431 323 2476 manos
342 2416 461 2490 perlata
480 2415 521 2475 ad
541 2431 597 2476 cos
619 2412 674 2487 sit,
695 2413 770 2475 nihil
790 2413 940 2490 comperti
953 2419 1015 2486 est,
1035 2412 1097 2475 nisi
1112 2415 1200 2490 quod

189 2550 192 2555 Α
213 2497 293 2559 datis
307 2496 369 2558 iam
384 2496 545 2559 obsidibus
560 2506 688 2574 repente
701 2506 809 2574 portas
822 2501 1006 2579 clauserunt,
1022 2505 1053 2560 et
1066 2514 1107 2559 ne
1125 2515 1198 2560 suo-

124 2647 127 2654 ,
211 2596 280 2641 rum
301 2578 426 2655 quidem
446 2580 592 2655 precibus
602 2615 646 2628 —
657 2581 783 2644 miserat
796 2581 879 2643 enim
892 2583 951 2644 sub
964 2598 1071 2643 muros
1086 2585 1198 2646 cc'nsut

212 2663 252 2724 ad
265 2662 474 2736 temptandam
494 2662 737 2725 misericordiam
750 2665 922 2742 parentium
936 2665 1198 2746 populariumque

211 2744 421 2807 -desistere
449 2747 488 2808 ab
513 2745 637 2824 incepto
663 2749 834 2811 voluerunt
871 2749 1046 2827 oppugnari
1071 2750 1197 2824 deinde,

6 2820 7 2895 ζ
103 2836 106 2841 “
211 2838 379 2908 postquam
403 2829 478 2891 nihil
502 2831 604 2912 pacati
624 2828 886 2911 respondebatur,
911 2842 1023 2910 coepta
1043 2834 1118 2895 urbs
1139 2842 1226 2896 cst·

211 2921 394 2991 apparatum
419 2931 541 2979 omnem
561 2925 781 2980 tormentorum
801 2916 1075 2994 machinarumque
1094 2925 1195 2979 trave·

212 3005 293 3060 ctum
307 2999 346 3059 ab
357 2999 540 3063 Ambraciae
552 3000 943 3078 oppugnationehabebat;
966 3010 1198 3078 etopcraquae
1237 3016 1243 3022 ·

212 3081 353 3144 iacienda
367 3092 461 3160 erant,
477 3083 607 3162 impigre
621 3085 733 3148 milites
744 3088 948 3162 perfecerunt
971 3086 1093 3147 duobus
1106 3085 1199 3162 igitur

210 3165 289 3228 locis
302 3166 417 3230 admoti
432 3167 544 3230 arietes
560 3168 738 3247 quatiebant
752 3187 866 3232 muros.
891 3170 997 3252 xxix
1012 3186 1071 3232 nec
1085 3170 1125 3231 ab
1140 3169 1197 3231 Sa-

210 3248 308 3311 maeis
330 3251 495 3326 quiequam
517 3269 579 3327 quo
601 3259 654 3315 aut
674 3271 770 3330 opera
789 3263 843 3317 aut
858 3255 957 3317 hostis
971 3253 1071 3315 arceri
1083 3254 1196 3331 possit,

211 3334 461 3409 praetermissum
487 3343 544 3397 est.
579 3337 701 3404 duabus
725 3345 826 3400 tamen
850 3339 983 3400 maxime
1007 3338 1198 3400 resistebant

131 3431 134 3436 ·
210 3418 318 3492 rebus,
339 3434 417 3493 una,
438 3418 612 3482 interiorem
632 3438 756 3498 semper
769 3416 855 3485 iuxta
868 3423 1004 3507 validmn
1019 3438 1076 3498 pro
1092 3421 1196 3483 diruto

210 3517 324 3564 nomme
345 3502 539 3566 obstruentes
559 3510 693 3580 murum,
715 3506 825 3581 altera,
847 3504 1060 3584 eruptionibus
1082 3503 1195 3567 subitis
