2600 4000
236 246 298 309 368
374 244 489 305 LIBER
502 243 664 305 xxxvlll.
687 244 769 306 cAP.
784 253 828 307 6².
839 254 884 308 53.
905 252 944 319 [a.
956 249 991 305 tt.
1003 268 1028 305 c.
1040 253 1104 319 56⁶]

236 400 318 461 tium
345 398 398 458 ubi
413 397 480 458 dics
494 395 577 457 venit
591 395 740 474 citarique
752 398 865 458 absens
881 406 928 459 est
943 406 1082 474 coeptus,
1095 399 1129 459 L.
1145 398 1210 461 Sci·

235 483 287 560 pic
306 481 446 542 morbum
466 495 580 541 causae
599 495 672 541 esse
692 496 746 540 cur
765 483 890 542 abesset
906 482 1083 543 excusabat.
1118 500 1211 559 quam

235 564 466 628 excusationem
480 579 547 624 cum
562 563 682 635 tribuni,
700 564 752 639 qui
763 564 843 625 diem
855 564 1003 640 dixerant,
1018 581 1081 627 non
1090 567 1212 644 accipe

234 657 316 723 rent,
338 655 369 709 et
381 647 420 709 ab
435 647 543 708 eadem
557 647 705 722 superbia
718 662 779 708 non
794 647 898 708 venire
913 649 952 709 ad
967 665 1094 710 causam
1108 650 1212 711 dicen·

236 734 306 795 dam
321 738 491 807 arguerent,
507 747 569 807 qua
582 730 728 792 iudicium
741 737 772 791 et
784 732 923 793 tribunos
937 732 1037 808 plebis
1053 740 1084 794 et
1095 735 1211 796 contic-

236 833 304 879 nem
325 814 515 890 reliquisset,
536 821 567 876 et
582 815 692 890 quibus
710 815 758 876 ius
773 816 941 877 sententiae
955 816 996 876 de
1009 831 1045 876 se
1061 817 1211 879 dicendae

237 909 267 962 et
281 901 448 961 libertatem
467 899 646 973 ademisset,
667 897 716 959 his
732 899 908 972 comitatus,
928 900 1013 960 velut
1027 906 1136 975 captos
1152 907 1209 961 tra·

234 984 326 1060 hens,
347 982 530 1058 triumphum
551 982 590 1043 de
610 984 727 1058 populo
747 982 886 1044 Romano
901 983 1031 1057 egisset,
1056 985 1208 1046 secessio·

234 1083 365 1143 nemque
379 1083 417 1128 eo
432 1066 482 1127 die
495 1067 526 1125 in
541 1066 720 1141 capitolium
734 1081 753 1125 a
766 1065 896 1127 tribunis
909 1066 1010 1141 plebis
1025 1067 1149 1128 iecisset
1162 1100 1206 1112 -—

233 1150 373 1224 „habetis
394 1165 468 1225 ergo
488 1149 664 1211 temeritatis
684 1149 765 1210 illius
784 1150 966 1223 mercedem.
999 1166 1061 1227 quo
1082 1151 1158 1210 duce
1176 1157 1208 1210 et

233 1239 359 1296 auctore
374 1249 432 1294 nos
446 1233 628 1307 reliquistis,
649 1233 739 1297 abeo
754 1232 814 1308 ipsi
828 1233 924 1293 relicti
937 1234 1028 1306 estis3
1051 1241 1081 1294 et
1092 1240 1208 1294 tautum

233 1315 399 1377 animorum
413 1317 444 1376 in
459 1315 526 1375 dies
540 1317 629 1377 nobis
644 1315 804 1390 decrescit,
819 1324 852 1377 ut
864 1316 904 1376 ad
919 1332 1010 1391 quem
1024 1324 1095 1377 ante
1108 1332 1208 1378 annos

233 1398 464 1474 septemdecim,
486 1400 654 1460 exercitum
675 1406 706 1460 et
719 1401 850 1461 classem
870 1399 1047 1475 habentem,
1067 1400 1208 1462 tribunos

233 1483 332 1558 plebis
357 1482 548 1555 aedilemque
573 1482 691 1542 mittere
709 1482 740 1543 in
762 1482 895 1544 Siciliam
919 1483 987 1544 ausi
1007 1499 1131 1558 sumus,
1156 1485 1208 1561 qui

232 1566 417 1643 prenderent
433 1581 502 1626 emn
517 1570 547 1625 et
559 1565 688 1625 Romam
704 1567 900 1641 reducerent,
920 1567 960 1626 ad
973 1582 1043 1627 eum
1055 1568 1209 1643 privatum

233 1667 272 1711 ex
291 1650 364 1711 villa
385 1665 441 1710 sua
464 1646 684 1709 extrahendum
704 1648 744 1707 ad
764 1665 889 1709 causam
911 1649 1071 1711 dicendam
1090 1649 1211 1713 mittere

233 1751 294 1796 non
309 1734 499 1795 audeamus“
511 1760 553 1773 -
563 1731 675 1791 tribuni
690 1730 789 1807 plebis
804 1732 949 1809 appellati
962 1734 1001 1793 ab
1015 1734 1048 1794 L.
1061 1732 1210 1810 Scipione

232 1820 274 1879 lta
288 1818 503 1890 decreverunt,
519 1817 546 1876 si
559 1815 657 1877 morbi
672 1831 766 1876 causa
779 1822 993 1890 excusaretur,
1009 1816 1067 1878 sibi
1081 1819 1208 1891 placere

233 1902 331 1977 accipi
346 1915 414 1960 eam
429 1915 554 1961 causam
571 1899 714 1975 diemque
729 1915 748 1959 a
762 1900 888 1974 collegis
904 1901 1031 1974 prodici.
1064 1899 1208 1960 tribunus

234 1983 331 2062 plebis
351 1999 389 2044 eo
404 1989 541 2059 tempore
554 1983 596 2042 Ti.
612 1981 812 2059 Sempronius
827 1982 983 2046 Gracchus
998 1990 1070 2059 erat,
1087 1982 1136 2044 cui
1148 1982 1211 2044 ini-

232 2066 363 2128 micitiae
378 2082 447 2127 cum
460 2066 493 2126 Ρ.
508 2065 653 2142 Scipione
666 2067 903 2128 intercedebant.
935 2067 962 2127 is
977 2083 1046 2128 cum
1062 2067 1212 2128 vetuisset

232 2167 343 2213 nomen
364 2167 455 2212 suum
470 2151 592 2212 decreto
609 2153 794 2227 collegarum
809 2150 958 2224 adscribi,
980 2150 1210 2227 tristioremque
1236 2161 1242 2170 ·

233 2250 340 2297 omnes
354 2233 534 2296 sententiam
549 2241 778 2310 exspectarent,
794 2233 835 2293 ita
850 2233 994 2308 decrevit,
1008 2249 1079 2295 cum
1093 2235 1127 2294 L.
1143 2233 1209 2295 Sci·

232 2319 283 2396 pio
304 2324 486 2380 excusasset
505 2318 643 2378 morbum
664 2333 735 2378 esse
756 2333 869 2378 causae
890 2318 988 2391 tratri,
1008 2318 1085 2379 satis
1101 2317 1133 2376 id
1148 2316 1211 2378 sibi

234 2402 338 2463 videri.
364 2417 400 2462 se
412 2401 444 2461 P.
461 2400 649 2477 Scipionem,
667 2402 845 2477 priusquam
858 2402 986 2461 Romam
998 2401 1142 2474 redisset,
1157 2417 1209 2463 ao·

233 2487 333 2545 cusari
347 2502 410 2547 non
423 2501 595 2560 passurum.
617 2491 681 2544 tum
696 2500 829 2560 quoque,
844 2485 872 2545 si
886 2500 922 2544 se
935 2485 1077 2559 appellet,
1093 2482 1209 2545 auxilio

232 2567 260 2626 ei
274 2568 416 2638 futurum,
431 2582 469 2626 ne
484 2583 608 2627 causam
622 2565 713 2626 dicat.
735 2567 775 2628 ad
788 2568 820 2628 id
832 2567 985 2641 fastigium
994 2569 1085 2628 rebus
1095 2566 1197 2641 gestis

234 2649 400 2710 honoribus
412 2649 516 2724 populi
527 2650 656 2709 Romani
666 2649 698 2709 P.
711 2649 887 2727 Scipionem
898 2651 1026 2712 deorum
1035 2648 1208 2713 honrinmn-

234 2749 292 2807 que
314 2747 467 2793 consensu
488 2732 682 2808 pervenisse,
702 2740 735 2795 ut
755 2735 813 2795 suh
827 2735 947 2797 Rostris
966 2751 1053 2795 reum
1075 2739 1157 2796 stare
1179 2740 1213 2793 et

233 2817 381 2892 praebere
401 2831 492 2878 aures
513 2817 752 2878 adolescentium
774 2817 921 2878 conviciis
936 2820 1051 2894 populo
1067 2819 1211 2879 Romano

232 2902 328 2976 magis
349 2902 486 2967 deforme
506 2917 597 2976 quam
610 2901 670 2977 ipsi
685 2901 732 2962 sit.
757 2902 831 2961 LIII.
860 2902 970 2962 adiecit
991 2901 1114 2963 decreto
1130 2900 1212 2962 indi·
1284 2928 1285 2957 ι

232 2985 413 3057 gnationem.
444 2985 522 3059 „suh
538 2985 668 3059 pedibus
682 2985 793 3045 vestris
808 2985 914 3060 stabit,
935 2984 1062 3060 tribuni,
1077 2985 1216 3046 domitor

232 3068 281 3127 ille
304 3067 429 3129 Africae
454 3067 581 3144 Scipiot
612 3069 682 3129 ideo
708 3074 850 3144 quattuor
872 3068 1081 3130 nobilissimos
1110 3069 1215 3129 duces

231 3149 402 3211 Poenorum
415 3152 446 3211 in
460 3152 622 3227 Hispania,
644 3157 786 3227 quattuor
806 3151 959 3214 exercitus
979 3153 1055 3213 ludit
1076 3153 1217 3226 mgavit-
1284 3198 1285 3201 ,

233 3250 309 3308 que;
332 3235 401 3295 ideo
420 3234 596 3313 Syphacem
610 3233 706 3310 cepit,
727 3236 927 3297 Hannibalem
941 3234 1066 3309 devicit,
1082 3233 1216 3296 cama-

231 3317 331 3392 ginem
345 3316 525 3393 vectigalem
539 3318 628 3378 nohis
644 3318 729 3394 lecit,
750 3320 932 3382 Antiochum
942 3319 1112 3396 —recepit
1126 3320 1218 3380 enim

231 3402 354 3462 tratrem
374 3410 546 3462 consortem
565 3401 656 3464 huitrs
677 3403 793 3478 gloriae
806 3404 838 3464 L.
855 3403 1103 3481 Scipio-ultra
1116 3403 1219 3463 Tauri

231 3483 302 3560 iuga
322 3483 449 3560 emovi,
470 3490 504 3546 ut
524 3484 645 3546 duobus
660 3485 783 3546 Petilliis
799 3489 1026 3561 succumberet,
1046 3503 1105 3547 vos
1120 3486 1163 3546 de
1178 3486 1217 3546 P.
