2600 4000
225 232 287 295 208
381 231 492 292 LIBER
502 230 623 291 xxxv.
645 220 729 291 c'AP.
741 237 786 294 ee.
797 237 842 294 ar.
855 235 892 303 [a.
904 234 939 289 υ.
951 251 975 287 0.
985 234 1050 302 seo]

222 382 363 459 eorporis
385 381 546 455 custodes,
572 396 642 441 cum
667 381 696 439 in
718 380 816 441 oculis
836 395 887 440 res
908 387 1079 455 gereretur,
1103 397 1200 457 pauor

221 468 320 544 primo
342 466 440 541 cepit;
467 464 579 525 deinde
600 471 765 539 postquam
789 464 874 525 abire
892 464 1072 525 Aetolorum
1092 480 1199 539 agmen

222 551 343 625 videre,
359 554 544 609 concurrunt
558 549 746 608 adrelietum
759 548 881 625 tyranni
893 562 1023 623 corpus,
1038 553 1069 608 et
1080 556 1199 624 specta-

221 645 321 696 torum
335 633 423 705 turba
437 648 478 693 ex
492 631 673 693 custodibus
688 632 768 691 vitae
778 631 947 706 mortisque
960 631 1110 714 ultoribus
1122 634 1200 694 lacta

217 727 279 780 ⁴est
301 733 360 778 nce
373 716 523 777 movisset
536 731 571 776 se
586 715 766 791 quisquam,
781 716 808 775 si
820 717 973 791 extemplo
986 716 1096 792 positis
1107 718 1198 778 armis

221 810 333 865 vocata
358 801 388 860 in
414 800 589 861 contionem
612 798 773 859 multitudo
797 799 907 860 luisset
930 805 961 859 et
980 800 1077 860 oratio
1097 798 1199 862 habita

221 886 351 961 tempori
367 884 568 957 conveniens,
591 884 767 956 trequentes
780 883 852 942 inde
865 882 974 943 retenti
987 883 1017 943 in
1032 884 1124 943 armis
1138 885 1198 944 Ae

222 971 276 1031 toli
291 968 358 1034 sine
371 966 481 1028 iniuria
495 967 693 1041 cuiusquam
721 967 793 1041 sed,
818 973 851 1027 ut
870 967 1055 1042 oponuitin
1070 967 1198 1029 consilio

222 1053 330 1112 iraude
351 1058 478 1126 coepto,
499 1051 601 1112 omnia
620 1051 651 1109 in
672 1050 881 1112 maturandam
908 1051 1073 1125 pernicicm
1094 1066 1198 1112 eorum

222 1137 275 1211 qut
287 1138 423 1195 fecerant
436 1142 507 1195 sunt
517 1142 595 1195 acta.
617 1134 681 1195 dux
692 1135 776 1209 regia
790 1134 925 1195 inclusus
938 1134 1019 1194 diem
1029 1150 1066 1194 ac
1079 1143 1197 1196 uectem

188 1226 191 1232 ’
221 1221 251 1279 in
266 1217 441 1278 scrutandis
462 1218 615 1279 thesauris
635 1219 757 1295 tyranni
773 1217 978 1293 consumpsit3
1000 1219 1102 1279 Aetoli
1116 1219 1199 1280 velut

222 1311 311 1378 capta
323 1302 414 1376 urbe,
437 1318 527 1377 quam
547 1302 696 1361 liberasse
710 1301 806 1362 videri
821 1302 978 1375 volebant,
1000 1301 1029 1360 in
1052 1302 1197 1377 praedam
1247 1357 1249 1361 ,

221 1386 312 1446 versi.
335 1385 426 1445 simul
440 1385 604 1459 indignitas
618 1386 679 1458 rei,
698 1385 787 1445 simul
800 1392 993 1460 contemptus
1007 1386 1124 1446 animos
1138 1386 1196 1446 La·

221 1469 427 1530 cedaemoniis
441 1469 481 1528 ad
502 1469 675 1531 coeundum
694 1469 774 1529 lecit.
797 1469 847 1528 alii
868 1469 970 1533 dicere
982 1469 1197 1549 ¹exttubandos

123 1602 127 1611 .
220 1554 358 1625 Aetolos,
374 1552 598 1623 etlibcrtatem,
615 1567 684 1612 cuna
695 1552 813 1613 restitui
823 1552 1197 1628 videretur-,interceptam

220 1637 435 1713 repetendam
456 1636 522 1708 alii,
537 1643 571 1701 ut
584 1641 679 1711 caput
691 1636 829 1710 agendae
843 1637 887 1695 rci
902 1644 1000 1710 esset,
1015 1637 1092 1712 regii
1105 1652 1195 1712 gene·
1256 1710 1260 1717 ,

135 1726 146 1787 ’,
220 1722 263 1781 ris
279 1721 409 1797 aliquem
424 1721 454 1780 in
467 1720 603 1796 speciem
615 1719 846 1779 adsumendrun.
867 1719 1038 1782 Laconicus
1050 1721 1116 1780 eins
1129 1721 1196 1781 stir-

222 1804 270 1880 pis
282 1810 347 1866 erat
358 1819 434 1880 pucr
444 1803 624 1876 adm0dum,
637 1803 767 1863 eductus
779 1817 848 1863 cum
859 1802 962 1863 liberis
974 1804 1106 1882 tyranni.
1128 1820 1196 1866 eum

222 1890 252 1947 in
267 1885 569 1962 cqunnrimponunt,
588 1895 618 1948 et
632 1887 724 1947 armis
740 1886 870 1961 arreptis
883 1887 1012 1948 Aetolos
1029 1903 1126 1962 vagos
1142 1904 1198 1963 per

223 1970 488 2032 nrbcm‘cacdunt.
514 1979 577 2032 tum
596 1971 710 2047 regiam
732 1971 894 2034 invadunt:
920 1970 962 2032 ibi
975 1973 1198 2051 Alexamenum

223 2070 290 2115 cum
306 2055 412 2130 paucis
423 2056 615 2116 resistentem
627 2056 816 2117 obtruncant
837 2056 938 2116 Aetoli
949 2055 1030 2116 circa
1041 2056 1197 2116 Chalcioe-

222 2152 338 2199 con-
349 2138 506 2211 Minervae
521 2146 568 2200 cst
582 2141 727 2216 templum
744 2155 868 2201 aereum
881 2172 924 2183 —
938 2140 1113 2216 congregati
1128 2155 1197 2199 cae·

22 2201 24 2205 ¹
131 2241 132 2246 ¹
221 2224 341 2284 duntur.
364 2226 454 2298 pauci
469 2225 562 2284 armis
577 2223 720 2299 abiectis,
736 2240 808 2300 pars
824 2225 955 2297 Tegeam
969 2240 1042 2298 para
1056 2223 1197 2297 Megalen

222 2307 304 2382 polin
313 2308 495 2383 perfugiunt.
507 2306 548 2366 ibi
560 2309 734 2383 comprensi
745 2307 1000 2382 amaglstratlbus
1013 2308 1071 2367 sub
1083 2323 1198 2369 corona

222 2391 389 2451 venierunt.
421 2390 568 2450 XXXVII.
594 2389 813 2465 Philopoemen
837 2390 940 2454 audita
960 2391 1056 2451 caede
1075 2392 1198 2467 tyranni

221 2474 379 2548 proiectus
393 2473 657 2532 Lacedaemonem
672 2489 741 2534 cum
755 2476 857 2534 omnia
875 2474 995 2535 turbata
1014 2481 1096 2535 metu
1110 2474 1199 2535 inve·

137 2575 140 2580 >
191 2561 193 2566 ’
220 2556 332 2628 nisset,
357 2554 493 2615 evocatis
513 2555 717 2630 principibus,
742 2558 932 2620 etoratIone
953 2558 1069 2631 habita,
1096 2558 1200 2634 qualis

208 2632 363 2698 habenda
381 2637 570 2698 Alexameno
592 2639 703 2712 luerat,
731 2641 870 2702 societati
888 2642 1083 2703 Achaeorum
1101 2642 1199 2702 Lace

221 2721 400 2782 daemonica
409 2721 562 2795 adiunxit,
578 2737 616 2782 eo
628 2723 717 2782 etiam
731 2724 864 2799 facilius,
880 2726 965 2800 quod
975 2726 1015 2785 ad
1026 2726 1107 2786 idem
1117 2727 1200 2786 torte

220 2811 341 2880 tempus
351 2807 389 2865 A.
401 2805 513 2867 Atilius
524 2822 593 2867 cum
605 2813 748 2881 quattuor
762 2814 792 2868 et
804 2809 910 2884 viginti
925 2808 1198 2885 quinqueremibus

221 2888 261 2947 ad
276 2887 419 2965 Gythium
432 2890 573 2952 accessit.

304 2972 415 3032 lisdem
430 2973 539 3034 diebus
560 2974 641 3034 circa
662 2973 834 3035 Chalcidem
848 2975 950 3037 Thoas
971 2992 1027 3053 per
1039 2976 1199 3055 Euthymi-
1296 2991 1297 3020 t

222 3054 291 3114 dam
307 3056 491 3131 principem,
516 3058 638 3131 pulsum
659 3057 770 3132 opibus
785 3073 891 3120 eorum
906 3060 960 3135 qui
972 3061 1130 3121 Romanae
1145 3077 1200 3121 so-

222 3137 337 3198 cietatis
352 3146 440 3200 erant
455 3146 527 3213 post
539 3141 572 3215 T,
588 3140 716 3213 Quinctii
731 3143 963 3218 legatorumque
978 3143 1152 3218 adventum,
1168 3151 1202 3205 et

221 3219 412 3283 Herodorum
427 3221 550 3282 Cianum
570 3231 785 3296 mercatorem,
807 3227 862 3286 sed
884 3233 1038 3301 potentem
1053 3227 1202 3288 Chalcide

221 3310 347 3379 propter
366 3304 500 3379 divitias,
525 3306 716 3381 praeparatis
731 3308 772 3367 ad
786 3309 990 3384 proditionem
1010 3310 1048 3371 iis
1070 3310 1122 3386 qui
1136 3310 1200 3371 Eu-

221 3385 376 3466 thymidae
391 3388 531 3449 lectionis
545 3396 646 3462 erant,
668 3405 863 3467 nequaquam
882 3394 1012 3454 eandem
1032 3395 1201 3468 fortunam,

221 3486 282 3546 qua
301 3471 468 3532 Demetrias
493 3486 550 3548 per
568 3472 776 3549 Eurylochum
802 3484 952 3551 occupata
976 3484 1055 3551 erat,
1080 3477 1202 3539 habuit
