2600 4000
230 250 294 315 342
357 250 473 310 LIBER
486 248 648 310 XXXVIII.
670 249 754 308 CAP.
768 257 812 308 25.
823 256 868 311 26.
891 254 929 320 [a.
944 253 979 305 U.
995 271 1020 305 c
1033 255 1097 319 563]

231 412 321 467 anteo
340 403 496 479 praesidio
518 403 654 480 equitum
670 401 806 479 quinque
825 402 908 463 milia
926 404 992 463 iere
1006 402 1216 479 processisset

230 505 288 551 nec
308 489 469 549 multuma
481 489 645 549 constituto
661 489 732 549 loco
753 486 892 561 abesset,
912 493 1040 563 repente
1053 486 1216 547 concitatis

231 573 320 649 equis
335 588 405 633 cum
425 573 539 648 impetu
558 571 662 634 hostili
681 572 766 633 videt
786 571 892 632 Gallos
911 567 1074 631 venientis.
1100 570 1215 632 consti-

231 657 288 718 tuit
307 671 432 732 agmen,
454 664 485 716 et
505 656 653 731 expedire
671 656 734 716 tela
752 656 934 732 animosque
948 654 1103 730 equitibus
1118 655 1216 717 iussis

231 741 330 818 primo
346 745 523 801 constanter
535 740 652 801 initium
667 754 789 815 pugnae
802 739 931 816 accepit,
946 753 1004 800 nec
1014 736 1128 808 cessim
1145 739 1216 800 dein

232 842 302 887 cum
315 830 533 901 praegravaret
546 823 714 898 multitudo,
730 822 843 884 cedere
856 822 972 884 sensim
986 821 1061 883 nibil
1072 823 1216 885 contusis

232 918 396 971 turmarum
417 907 575 968 ordinibus
596 906 713 982 coepit;
736 914 909 982 postremo,
930 922 1001 967 cum
1020 906 1081 966 iam
1096 908 1170 981 plus
1185 906 1215 966 in

231 1009 318 1053 mora
337 990 463 1067 periculi
486 1007 577 1066 quarn
597 992 628 1052 in
648 991 807 1052 ordinibus
827 990 1050 1053 conservandis
1064 990 1215 1064 praesidii

231 1084 329 1148 esset,
352 1090 459 1136 omnes
479 1075 596 1150 passim
610 1075 641 1135 in
656 1075 759 1150 lugam
777 1073 870 1136 eliusi
884 1081 972 1135 sunt
999 1081 1063 1134 tum
1077 1088 1155 1135 vero
1170 1073 1216 1134 in·

231 1168 314 1219 stare
337 1158 495 1233 dissipatis
517 1158 609 1234 Galli,
635 1166 666 1218 et
686 1158 832 1227 caedere3
861 1172 1036 1234 magnaque
1061 1174 1136 1232 pars
1158 1174 1215 1233 op

231 1257 342 1317 pressa
356 1242 448 1315 lorct,
463 1240 495 1301 ni
509 1243 599 1303 statio
614 1242 840 1317 pabulatorum,
856 1243 995 1303 sexcenti
1009 1242 1143 1316 equites,
1153 1256 1215 1301 voc

232 1325 408 1385 currisseot
427 1324 448 1384 ii
459 1327 566 1399 procul
578 1327 711 1387 clamore
721 1326 835 1402 pavido
847 1342 974 1388 suorum
983 1324 1128 1386 exaudito
1140 1339 1215 1385 cum

230 1410 291 1469 tela
310 1422 473 1483 equosque
493 1408 707 1485 expedissem,
732 1410 841 1485 integri
862 1401 1215 1487 profligatam'pugnam

230 1499 426 1568 acceperunt.
448 1490 552 1566 itaque
565 1508 659 1554 versu
672 1495 826 1570 extemplo
841 1496 963 1556 fortuna
976 1499 1039 1566 est,
1054 1508 1170 1555 versus
1185 1493 1215 1552 in

230 1571 398 1638 victores‘a
412 1574 502 1636 vlotis
522 1582 628 1637 terror.
665 1583 697 1636 et
709 1579 809 1654 primo
830 1580 945 1655 impetu
962 1578 1022 1638 lusi
1038 1577 1116 1639 Galli
1131 1586 1213 1650 sunt,

232 1667 317 1722 etex
331 1660 415 1736 agris
429 1660 653 1722 concurrebant
668 1661 882 1738 pabulatores,
903 1670 934 1723 et
948 1662 1085 1739 undique
1101 1661 1213 1723 obrius

231 1745 331 1807 hostis
346 1745 439 1806 Gallis
460 1751 540 1819 erat,
561 1752 595 1805 ut
608 1760 647 1804 ne
662 1746 764 1820 lugam
779 1744 902 1820 quidem
918 1747 1038 1807 facilem
1051 1752 1105 1806 ant
1118 1753 1214 1807 tutam

232 1829 387 1905 haberent,
402 1829 475 1905 quia
487 1828 661 1891 recentibus
676 1829 764 1904 equis
778 1828 910 1891 Romani
924 1832 1026 1892 fessos
1038 1830 1215 1905 sequeban-

231 1921 288 1973 tur.
311 1913 404 1987 pauci
416 1928 490 1988 ergo
505 1912 687 1989 effugerunt
709 1921 817 1987 captus
830 1921 878 1975 est
887 1929 995 1977 nemo:
1010 1914 1107 1974 maior
1117 1916 1213 1975 multo

231 2011 305 2071 pars
319 1994 482 2071 perfidem
496 1996 600 2058 violati
611 1997 757 2073 colloquii
768 2014 886 2074 poenas
897 2006 996 2060 morte
1005 2001 1136 2059 luerunt.
1152 1997 1213 2059 Ro

231 2078 313 2140 mani
327 2080 504 2142 ardentibus
518 2081 564 2142 ira
578 2081 687 2141 animis
702 2089 827 2157 postero
842 2084 893 2144 die
909 2083 1049 2144 omnibus
1060 2078 1163 2157 copiis
1175 2083 1212 2141 ad

231 2164 351 2226 hostem
366 2164 556 2238 perveniunt.

314 2248 421 2309 XXVI.
449 2248 581 2310 Biduum
601 2256 709 2311 natura
728 2250 838 2311 montis
862 2264 916 2324 per
935 2265 971 2310 se
988 2248 1090 2325 ipsum
1105 2251 1213 2326 explo-

231 2333 341 2408 randa,
353 2349 392 2393 ne
408 2333 481 2408 quid
495 2332 591 2408 ignoti
604 2342 703 2407 esset,
719 2333 891 2409 absumpsit
905 2335 1023 2395 consul.
1058 2334 1148 2394 tertio
1164 2334 1214 2395 dic

232 2434 302 2478 cum
327 2416 467 2492 auspicio
493 2433 620 2493 operam
642 2417 795 2491 dedisset,
821 2417 934 2479 deinde
953 2418 1160 2491 immolasset,
1183 2416 1212 2478 in

212 2566 215 2572 ,
232 2508 375 2577 quattuor
385 2507 488 2576 partes
495 2500 612 2561 dinsas
624 2502 731 2577 copias
739 2502 849 2577 educit,
862 2501 940 2562 duas
950 2507 985 2562 ul
994 2500 1097 2562 medio
1108 2510 1213 2563 monte

232 2585 371 2653 duceret,
395 2583 472 2643 duas
492 2583 531 2642 ab
552 2583 698 2644 lateribus
712 2592 746 2645 ut
760 2586 910 2646 adversus
926 2600 1043 2646 cornua
1056 2584 1212 2645 Gallorum

232 2667 369 2742 erigeret.
392 2664 525 2727 hostium
541 2666 625 2742 quod
640 2668 761 2729 roboris
776 2677 850 2743 erat,
864 2664 1027 2745 Tectosagi
1041 2675 1072 2729 et
1080 2669 1211 2742 Trocmi,

230 2749 513 2811 mediamtenebant
523 2750 619 2811 aciem
626 2751 1112 2830 miliahominumquinquaginta:
1125 2751 1211 2832 equi-

229 2834 434 2911 tatum,quia
454 2849 603 2910 equorum
624 2837 725 2898 nullus
745 2845 811 2899 erat
829 2836 908 2898 inter
921 2838 1100 2913 inaequales
1116 2853 1213 2914 rupes

230 2935 316 2992 usus,
329 2919 368 2979 ad
379 2919 476 2995 pedes
488 2920 776 2995 deductum,decem
788 2922 870 2982 milia
879 2920 1045 2994 hominum,
1054 2921 1093 2981 ab
1103 2922 1212 2983 dextro
1276 2938 1278 2945 ·

230 3004 411 3064 locaverunt
430 3019 536 3063 cornu.
568 3002 738 3066 Ariarathis
754 3005 956 3081 Cappadoces
971 3011 1001 3065 et
1014 3004 1112 3071 Morzi
1126 3005 1213 3066 auxi-

229 3088 321 3147 llares
335 3087 366 3146 in
380 3089 469 3149 laevo
482 3094 625 3163 quattuor
635 3090 730 3149 ferme
740 3090 854 3150 milium
864 3104 1024 3150 numerum
1035 3089 1212 3164 explebant.

230 3171 353 3242 consul,
367 3171 454 3248 sicut
468 3173 498 3232 in
516 3171 647 3248 Olympo
663 3181 779 3247 monte,
798 3174 897 3249 prima
909 3171 941 3233 in
956 3173 1023 3234 acic
1037 3174 1139 3234 locata
1152 3172 1213 3234 levi

231 3261 397 3327 armatura,
419 3256 546 3315 telorum
569 3254 669 3317 omnIs
684 3252 806 3332 generis
820 3264 969 3333 utaequa
983 3272 1094 3333 magna
1108 3255 1158 3322 vis
1174 3257 1213 3317 ad

129 3374 131 3379 <
230 3353 353 3398 inanum
367 3346 451 3398 esset
465 3338 591 3399 curavit.
612 3340 665 3400 ubi
676 3341 974 3418 appropinquarunt,
989 3342 1091 3402 omnia
1102 3341 1211 3401 eadem

230 3423 396 3498 utrimque,
420 3438 499 3496 quae
519 3424 639 3484 fuerant
658 3425 689 3484 in
709 3425 812 3501 priore
827 3425 960 3502 proelio,
982 3432 1069 3486 erant
1088 3430 1213 3499 praeter

232 3508 349 3567 animos
370 3514 400 3567 et
419 3506 586 3568 victoribus
609 3508 701 3569 abre
728 3510 865 3570 secunda
888 3516 997 3571 auctos
1018 3515 1049 3569 et
1068 3508 1212 3570 hostibus
1288 3507 1292 3516 '
