2600 4000
289 257 405 319 LIBER
418 258 538 318 XXXV.
560 258 642 320 CAP.
655 267 697 321 13.
711 268 753 321 14.
775 266 812 333 [θ.
826 266 933 333 0193]
1039 261 1099 326 187

122 413 340 474 nuaritimorum
350 412 506 473 Laconum
518 409 921 485 tuendorumaT.Quinclio
933 427 1100 474 curamen-

121 499 195 558 data
208 503 283 556 erat.
315 496 419 571 itaque
432 496 587 572 extempio
602 503 632 556 et
646 496 686 555 ad
700 502 863 574 tyrannum
877 497 995 569 legatos
1010 498 1099 558 mise

121 586 208 659 runt,
234 581 287 658 qui
308 582 510 644 admonerent
529 581 666 644 foederis
688 575 835 653 Romani,
876 578 1101 640 denuntiarent·
1166 616 1182 627 -

121 680 201 741 que,
226 679 266 723 ne
285 678 409 738 pacem,
435 679 525 738 quam
544 668 706 738 tantopere
726 661 870 737 petisset,
893 662 1045 730 turbarem
1073 669 1103 723 et

122 746 237 809 auxilio
250 747 291 807 ad
305 745 464 823 Gytlrium,
483 746 566 822 quod
581 746 640 806 iam
655 746 893 821 oppugnabatur
906 745 945 807 ab
960 753 1102 825 tyranno,

121 838 154 892 et
166 832 302 904 Romam,
319 831 369 906 qui
385 846 423 892 ea
437 829 618 904 nuntiarent,
632 832 753 905 legatos
766 830 923 891 miserunt

206 914 380 975 Antiochus
399 929 455 973 rex
476 930 513 974 ea
527 913 627 975 bieme
639 913 779 989 Raphiae
791 913 824 973 in
837 911 991 974 Phoenice
1002 910 1097 974 Ptole·

121 1014 211 1060 maeo
225 998 292 1073 regi
304 999 441 1076 Aegypti
454 998 517 1059 filia
530 995 562 1057 in
575 996 800 1060 matrimonium
814 997 893 1070 daia,
912 1012 982 1058 cum
994 996 1101 1057 Antio·

119 1080 222 1143 ahiam
243 1098 279 1143 se
296 1081 483 1157 recepisset,
504 1097 560 1157 per
575 1080 709 1143 Ciliciam
722 1081 823 1142 Tauro
838 1087 942 1141 monte
955 1086 1100 1155 superato

118 1172 259 1228 extremo
285 1166 346 1226 iam
366 1165 474 1225 idemis
494 1165 651 1241 Ephesum
676 1164 830 1239 pervenit3
858 1163 930 1227 inde
950 1163 1101 1239 principio

121 1250 220 1325 veris,
235 1249 388 1311 Antiocho
409 1248 473 1310 filio
494 1249 590 1310 misso
610 1248 642 1310 in
657 1248 779 1327 Syriam
793 1248 834 1309 ad
848 1248 1019 1310 custodiam
1033 1247 1100 1308 ulti·

119 1348 239 1394 marum
253 1334 384 1408 partium
397 1331 493 1407 regni,
508 1349 547 1393 ne
562 1333 637 1409 quid
653 1333 781 1394 absente
794 1348 831 1393 se
844 1331 883 1393 ab
897 1337 982 1407 tergo
997 1346 1100 1391 move
1183 1399 1187 1405 ῃ
1202 1378 1207 1383 θ

122 1424 221 1493 retur,
242 1418 311 1492 ipse
332 1432 401 1478 cum
423 1416 564 1478 omuibus
586 1417 781 1478 terrestribus
802 1414 902 1491 copiis
918 1415 958 1477 ad
971 1414 1091 1476 Pisidas

120 1499 176 1576 qui
195 1500 278 1562 circa
298 1499 424 1562 Sindam
443 1501 595 1575 incolunt,
617 1501 843 1577 oppugnandos
865 1507 914 1561 est
933 1500 1100 1575 proiectus.

117 1599 160 1646 oo
180 1591 319 1661 tempore
338 1584 429 1661 legati
442 1586 572 1646 Romani
585 1585 618 1644 P.
634 1584 788 1662 Sulpicius
810 1591 840 1645 et
852 1582 885 1642 Ρ.
899 1582 1026 1656 Villius,
1049 1581 1100 1656 qui

123 1668 163 1727 ad
175 1667 375 1742 Antiochum,
398 1669 478 1731 sicut
496 1677 566 1731 ante
586 1669 700 1730 dictum
720 1674 782 1742 est,
802 1667 889 1727 missi
902 1672 1004 1739 erant,
1024 1664 1099 1726 iussi

120 1751 209 1825 prius
221 1752 388 1814 Eumenem
402 1752 488 1814 adire
501 1754 626 1814 Elaeam
639 1768 769 1822 venere;
792 1750 864 1810 inde
873 1748 1095 1829 Pergamum-e

123 1833 164 1894 ibi
181 1835 268 1911 regia
279 1837 424 1897 Eumenis
446 1838 555 1898 ruit—
565 1836 780 1899 escendommt.
814 1832 946 1908 cupidus
960 1832 1032 1895 belli
1047 1831 1097 1893 ad·

121 1933 231 1980 versus
244 1919 429 1980 Antiochum
442 1916 600 1980 Eumenes
616 1926 708 1993 crat,
720 1926 860 1993 manem,
881 1917 909 1996 si
928 1931 992 1993 pax
1006 1924 1099 1990 esset,

117 2003 258 2065 accolam
278 2009 362 2063 tanto
384 2004 585 2078 potentiorem
605 2018 711 2078 regem
730 2003 876 2074 credens;
906 2001 1051 2077 eundem,
1073 2001 1101 2062 si

118 2093 235 2146 motum
261 2086 375 2145 bellum
402 2092 501 2159 esset,
524 2101 587 2146 non
613 2086 711 2159 magis
731 2100 836 2160 parem
855 2086 1003 2147 Romanis
1023 2088 1099 2157 iore,

117 2183 215 2242 quam
228 2165 387 2242 Philippus
402 2168 525 2242 luisset,
547 2175 578 2227 et
591 2175 643 2228 aut
657 2168 793 2229 funditus
807 2169 960 2229 sublatum
974 2167 1026 2242 iri,
1049 2174 1102 2228 aut

120 2251 148 2311 si
163 2266 226 2325 pax
239 2249 321 2311 victo
336 2250 473 2324 daretur,
489 2251 582 2312 multa
597 2250 639 2311 illi
655 2252 790 2312 detracta
804 2252 863 2313 sibi
878 2266 1053 2326 accessura,
1068 2256 1101 2311 ut

117 2334 210 2394 facile
224 2332 336 2395 deinde
351 2349 386 2395 se
400 2334 439 2395 ab
454 2351 492 2396 eo
507 2335 575 2396 sine
588 2336 651 2396 ulio
663 2333 777 2396 auxilio
788 2337 927 2397 Romano
937 2334 1016 2395 tueri
1026 2351 1100 2411 pos-

116 2425 177 2479 set
198 2418 289 2480 etiam
303 2418 330 2479 si
344 2419 420 2494 quid
434 2419 558 2480 adversi
572 2435 715 2480 casurum
730 2420 823 2494 ioret,
844 2419 941 2480 satius
955 2434 1028 2480 csse
1037 2420 1098 2480 Ro·

118 2501 217 2563 manis
232 2503 327 2565 sociis
342 2519 566 2580 quamcumque
586 2505 738 2565 fortunam
753 2503 871 2576 subire,
894 2519 986 2580 quam
1000 2503 1100 2564 solum

118 2592 173 2647 aut
185 2586 343 2662 imperium
358 2588 421 2663 pati
434 2587 577 2650 Antiochi
591 2595 645 2649 aut
658 2587 841 2648 abnuentem
856 2588 885 2649 vi
900 2595 992 2663 atque
1005 2585 1099 2648 armis

115 2670 199 2744 cogi.
222 2671 262 2730 ob
276 2670 361 2743 haec,
377 2680 524 2746 quantum
538 2671 726 2747 auctoritate,
741 2679 888 2747 quantum
903 2671 1032 2734 consilio
1046 2687 1086 2731 va

119 2751 211 2825 lebat,
225 2752 370 2815 incitabat
382 2755 539 2817 Romanos
554 2755 594 2814 ad
608 2755 731 2816 bellum.
792 2795 795 2799 -

203 2834 283 2893 XIV.
306 2833 460 2911 Sulpicius
475 2853 568 2912 aeger
580 2836 719 2912 Pergami
734 2838 882 2900 substitit:
903 2837 1014 2900 Villius
1030 2852 1098 2897 cum

121 2916 255 2978 Pisidiae
267 2913 349 2980 bello
365 2927 547 2995 occupatum
562 2936 634 2981 esse
648 2936 753 2997 regem
767 2921 921 2996 audisset,
941 2920 1100 2996 Ephesmn

120 3001 292 3077 proiectus,
314 3002 385 3063 dum
406 3019 523 3079 paucos
543 3004 586 3066 ibi
605 3012 741 3066 moratur
755 3004 838 3079 dies,
861 3004 946 3065 dedit
963 3020 1099 3080 operam,

119 3092 153 3146 ut
174 3100 243 3145 cum
256 3085 440 3163 Hannibale,
463 3088 593 3163 quitum
607 3089 648 3149 ibi
664 3090 741 3151 lorte
756 3095 835 3163 erat,
860 3102 956 3166 saepe
971 3102 1097 3162 congre

119 3168 258 3244 deretur,
276 3176 309 3233 ut
323 3170 456 3232 animum
470 3172 536 3233 eius
552 3178 726 3250 temptaret,
742 3178 773 3234 et
786 3173 813 3234 si
828 3189 890 3249 qua
904 3178 1021 3249 posset,
1035 3185 1098 3230 me·

121 3256 184 3311 tum
204 3251 341 3315 demeret
358 3255 488 3330 periculi
507 3255 672 3333 quicquam
693 3255 722 3317 ei
736 3257 775 3318 ab
789 3257 935 3318 Romanis
949 3271 1031 3318 esse.
1059 3253 1099 3314 iis

121 3333 281 3409 colloquiis
302 3337 386 3400 aliud
406 3340 529 3416 quidem
548 3347 649 3401 actum
669 3339 742 3401 nihii
762 3346 824 3402 est:
846 3348 985 3403 secutum
997 3346 1098 3399 lamen

121 3432 179 3476 sua
193 3427 303 3492 sponte
323 3429 385 3495 est,
407 3424 490 3485 velut
504 3423 633 3483 consilio
645 3423 772 3498 petitum
787 3431 886 3497 esset,
906 3432 940 3485 ut
952 3421 1043 3482 vilior
1058 3419 1098 3481 ob

119 3515 158 3560 ea
170 3500 235 3575 regi
249 3502 400 3566 Hannibal
414 3513 445 3567 et
458 3507 633 3583 suspectior
647 3508 687 3567 ad
702 3507 803 3569 omnia
817 3507 912 3567 fieret.
