2600 4000
197 260 259 325 102
329 257 444 321 LIBER
457 255 590 318 xxxlll.
613 257 695 318 οΑΡ.
710 266 754 319 uu.
769 267 813 320 aa.
836 258 872 335 [u.
887 263 922 319 υ.
937 282 961 318 c.
976 231 1046 330 eost

277 413 351 474 cnm
364 407 415 473 nio
430 415 528 471 status
542 423 645 469 rerum
665 405 696 468 in
709 406 788 469 Asia
808 406 1005 484 Graeciaque·
1020 415 1051 469 et
1069 408 1172 470 lllnoe-

193 494 287 557 donia
300 501 399 564 esset,
421 491 549 557 vixdum
562 489 724 553 terminato
740 507 809 551 oum
819 489 960 567 Philippo
975 491 1072 566 bello,
1093 507 1173 567 paee

193 586 276 642 oerte
301 576 438 639 nondum
457 582 648 651 perpetrata,
675 572 842 650 ingensin
856 573 1010 651 Hispania
1026 573 1173 638 interiore

193 671 333 724 ooonum
346 667 398 721 est
409 659 533 723 bellum.
566 658 609 720 bl.
623 656 753 719 Helvius
767 674 837 719 eam
849 657 1042 734 provinciam
1054 657 1173 720 obtine·

192 748 253 808 bat.
291 741 442 807 islitteris
457 750 598 804 senatum
612 740 776 804 certiorem
790 739 862 803 lenit
877 741 1067 803 crdohamzet
1078 740 1173 804 Luni·

191 828 276 891 nium
289 827 416 904 regulos
429 825 569 890 innormis
582 841 670 897 esse;
686 824 878 888 eumculebn
892 825 1171 901 deeenenseptem

193 912 323 989 oppida,
341 925 410 971 eum
423 907 558 971 Leusinio·
569 909 688 970 validae
703 908 800 970 urbes
812 908 992 970 wmonem
1011 917 1043 971 et
1055 909 1171 970 Bardo·

192 1014 263 1058 nem
282 994 321 1055 inl
334 991 491 1054 maritimo
504 1009 559 1053 oro
576 991 748 1054 Muttines
767 992 1003 1069 Sexetanosque
1017 1000 1049 1054 el
1061 993 1168 1054 Beelu

192 1081 268 1140 riam
283 1094 413 1151 omnem,
429 1084 555 1152 etouae
565 1076 833 1139 nondumenimos
842 1075 1035 1150 nudauennt,
1051 1076 1169 1137 adlini·

192 1163 335 1226 timorum
354 1169 462 1224 mone
476 1169 721 1224 consumatum.
760 1158 810 1221 bis
830 1158 947 1244 litteris
960 1177 989 1222 a.
1001 1160 1042 1222 bl.
1064 1158 1172 1235 Sergio

192 1244 447 1324 praetereamus
461 1242 631 1306 ituisdintio
646 1242 818 1307 intercisis
832 1245 877 1322 [et
887 1243 1083 1323 peregrinos]
1098 1251 1171 1317 erat,

192 1327 329 1392 recitatis
343 1330 548 1392 deereverunt
562 1336 681 1404 putres,
706 1336 741 1390 ut
760 1325 898 1390 oomillis
912 1336 1089 1403 praetorum
1102 1343 1173 1403 per·

193 1412 298 1486 lectis,
328 1412 377 1475 eui
402 1410 537 1489 praetori
564 1410 733 1487 provincia.
748 1410 900 1486 Hispania
924 1411 1117 1487 obuenisset,
1144 1409 1173 1471 is

193 1496 292 1574 primo
317 1513 443 1573 quoque
463 1505 601 1572 tempore
621 1496 661 1557 de
682 1496 762 1557 bello
784 1492 952 1569 Hispaniae
972 1496 1014 1556 ad
1033 1503 1172 1557 senatum

193 1582 331 1643 referret.

276 1665 368 1726 Xdlil.
390 1663 454 1725 Sub
469 1661 551 1724 idem
565 1672 690 1739 tempus
702 1663 850 1725 eonsules
862 1664 991 1724 Romam
1012 1670 1179 1736 venerunt,

195 1746 355 1825 quibusin
368 1747 447 1809 aede
460 1747 608 1810 Bellonae
628 1755 768 1808 senatum
787 1745 983 1807 habentibus.
993 1744 1173 1821 postulanti·
1252 1805 1254 1808 ,
1299 1764 1300 1807 ³

193 1834 316 1909 busque
336 1830 522 1907 triumphum
542 1831 656 1904 obses
673 1846 824 1907 prospere
845 1831 927 1892 bello
942 1836 1047 1905 gestas
1062 1830 1094 1890 c.
1107 1827 1175 1891 Ali·

194 1916 383 1977 niusLabeo
398 1922 429 1976 et
439 1914 471 1973 G.
487 1912 761 1975 libaniustribuui
774 1911 891 1990 plebis,
906 1920 940 1975 ut
953 1914 1121 1989 seperatim
1135 1912 1174 1976 de

190 1997 347 2073 triumpho
363 2006 489 2074 agerent
509 1999 671 2073 eonsules,
691 1999 904 2075 postularuntz
925 2014 1120 2065 eommunem
1139 2012 1175 2058 se

196 2080 374 2144 relationem
389 2082 428 2143 de
442 2098 480 2143 ea
493 2098 528 2144 re
541 2081 608 2144 lieri
623 2099 686 2144 nou
700 2100 866 2158 passuros,
889 2097 933 2144 ue
949 2082 1128 2157 par-honos
1142 2080 1175 2142 in

195 2165 313 2243 dispari
333 2165 440 2230 merito
461 2173 554 2228 esset.
601 2182 672 2228 eum
693 2166 727 2241 Q.
741 2165 894 2231 Minucius
914 2163 1176 2241 uniquelntiam

195 2249 387 2329 provinciam
401 2249 550 2327 obtigisse
560 2250 686 2327 diceret,
700 2249 854 2312 communi
865 2248 967 2315 anilno
979 2248 1176 2326 consilioque

196 2352 232 2395 se
256 2342 288 2396 el
312 2337 462 2411 collegam
486 2352 538 2395 res
564 2335 717 2410 gessisse,
742 2335 824 2410 etc.
846 2333 1017 2396 Cornelius.
1038 2332 1177 2395 adioeret

196 2417 291 2480 Bolos
306 2419 457 2478 adversus
473 2434 509 2479 se
524 2415 776 2492 transgredientis
789 2417 922 2493 Pedumg
945 2424 979 2481 ut
992 2416 1175 2481 Insubribus

197 2500 445 2574 Cenomanisque
458 2499 573 2561 auxilio
589 2506 710 2572 essent,
735 2500 952 2577 depopulante
963 2499 1051 2564 vicos
1067 2516 1175 2563 eorum

198 2591 291 2656 atque
304 2599 399 2657 agros
412 2584 532 2659 eollegs
545 2583 586 2645 ad
597 2599 655 2647 sua
668 2584 785 2645 tuenda
802 2601 939 2649 aversos·
953 2600 1040 2660 esse,
1061 2582 1173 2646 tribuni

195 2682 247 2726 res
262 2672 362 2727 leons
375 2664 457 2728 bello
470 2663 611 2747 gessisse
625 2666 657 2727 d.
673 2667 843 2731 cornelium
857 2669 961 2743 lateri,
981 2676 1016 2733 ul
1034 2684 1097 2732 non
1111 2685 1171 2729 rna«

198 2749 246 2825 gis
262 2750 301 2808 de
320 2747 475 2824 triumpho
495 2747 563 2821 eius
585 2752 731 2827 quamde
745 2752 864 2817 bonore
879 2751 1174 2819 diisimmertelibus

196 2833 339 2894 babendo
355 2831 486 2897 dubitari
500 2834 610 2909 possit.
631 2843 810 2901 nontamen
826 2853 885 2901 nee
898 2837 984 2901 illurn
996 2854 1054 2901 nee
1070 2852 1174 2915 quern

106 2962 113 2973 .
198 2932 290 2992 quam
310 2916 401 2981 alium
423 2915 522 2979 sivein
545 2926 662 2983 tannim
682 2919 779 2995 gralia
792 2929 887 2997 alque
901 2919 1173 2998 opibusvaluisse,

197 3007 232 3062 ut
252 3016 322 3063 etun
344 3001 402 3063 sibi
426 3001 573 3065 meritum
589 3002 775 3079 triumphum
799 3004 1012 3082 impetrasse,
1037 3005 1175 3080 eollegae

197 3084 330 3147 eundern
350 3085 499 3148 bonorem
517 3085 699 3150 immeritum
719 3087 926 3165 impudenter·
940 3087 1066 3166 pelenti
1077 3089 1175 3151 daret

197 3167 232 3241 Q.
246 3168 412 3231 Minucium
426 3167 457 3230 in
476 3168 638 3246 Liguribus
660 3171 740 3236 levia
754 3172 886 3250 proelia,
901 3172 960 3235 le=
973 3172 1175 3250 diguadiotu,

197 3251 326 3327 lenisse,
348 3252 380 3314 in
400 3251 660 3329 Galliemagnum
685 3256 994 3321 numerunmilltum
1014 3255 1173 3318 amisisse:

198 3335 374 3399 nominatim
389 3336 479 3398 eliam
493 3336 632 3401 bibones
646 3339 783 3417 militum,
796 3342 828 3401 T.
837 3340 1009 3405 Iuventium
1024 3339 1175 3415 dnbigu

197 3418 276 3482 rium
295 3419 425 3498 legionis
446 3429 588 3498 nunnae,
613 3425 747 3487 adverse
767 3443 872 3501 pugna
892 3442 963 3489 eum
982 3420 1175 3488 mullisaliis

122 3540 125 3546 1
200 3503 272 3568 viris
292 3504 437 3581 lontibus,
459 3504 578 3569 nivibus
593 3523 630 3568 ao
650 3507 760 3584 sociis,
783 3508 945 3571 cecidisse.
989 3506 1175 3585 oppidorum
1193 3548 1195 3551 -
