2600 4000
294 226 411 286 ttBDlt
425 225 529 286 XXXI.
553 225 636 285 ΟΑΡ.
648 234 692 288 31.
704 234 747 288 32.
759 232 802 288 ³³.
826 234 863 300 [a.
876 234 908 285 C.
918 235 983 302 20⁰]
1085 232 1127 292 29

144 386 299 454 talemque
315 386 452 439 nostram
467 376 589 437 lortuna
603 375 707 437 oblata
721 382 777 453 est,
793 376 853 437 nisi
867 379 968 453 perire
979 395 1048 441 cum
1057 379 1125 441 Pbi·

146 465 232 540 lippo
248 477 339 538 quam
351 462 476 522 vincere
490 475 561 521 cum
573 461 721 521 Romanis
735 461 909 521 mavultis.“

229 545 347 606 XXXII.
368 546 453 605 Haec
468 544 549 605 dicta
562 543 601 604 ab
611 545 751 605 Romano
764 560 834 605 curn
846 552 961 618 essent,
975 545 1126 610 inclinatis

145 631 281 691 omnium
300 630 408 690 aninris
430 628 470 688 ad
485 629 642 690 Romanos
656 628 850 689 Damocritus
865 635 990 703 praetor
1002 631 1127 693 Aetolo·

144 731 214 775 rum
224 714 371 790 pecunia,
392 719 427 773 ut
440 714 522 773 lana
536 719 599 787 est,
621 712 660 773 ab
674 728 749 787 rege
763 719 891 788 accepta
904 712 979 772 nihil
993 721 1045 775 aut
1057 714 1128 777 huic

94 836 98 845 -
144 805 199 860 aut
218 799 261 858 illi
282 797 360 873 parti
381 798 550 873 adsensus,
575 813 641 857 rem
661 797 764 871 magni
786 795 970 858 discriminis
991 799 1128 860 consiliis

136 883 261 944 millam
281 897 353 942 esse
371 887 434 940 tam
453 880 606 941 inimicam
627 896 719 957 quam
733 881 918 942 celeritatem
933 881 1025 951 dixit;
1047 885 1128 943 cele

143 983 211 1027 rem
225 966 305 1026 enim
319 964 546 1041 paenitentiam,
563 965 619 1025 sed
635 965 764 1025 eandem
776 980 878 1025 seram
888 970 982 1039 atque
992 966 1129 1026 inutilem

144 1049 253 1126 sequi,
279 1065 346 1109 cum
370 1049 571 1125 praecipitata
589 1049 700 1124 raptim
719 1049 848 1110 consilia
865 1064 968 1125 neque
987 1050 1127 1111 revocari

143 1150 247 1209 neque
272 1134 303 1193 in
323 1134 473 1207 integrunt
497 1132 615 1193 restitui
635 1132 770 1207 possintt
802 1133 1030 1209 deliberationis
1049 1135 1127 1210 eius,

145 1218 235 1279 cuius
261 1218 331 1294 ipse
354 1216 557 1276 maturitatem
582 1218 822 1292 exspectandam
846 1223 980 1292 putaret,
1004 1225 1127 1293 tempus

143 1302 187 1362 ita
201 1304 262 1362 iam
277 1317 360 1363 nunc
376 1301 467 1361 statui
485 1315 596 1374 posse:
617 1315 688 1362 cum
702 1300 822 1376 legibus
837 1307 959 1362 cautum
973 1309 1072 1374 esset,
1088 1319 1128 1364 ne

147 1391 186 1448 de
205 1402 284 1462 paee
303 1386 448 1461 belloque
470 1383 530 1444 nisi
550 1385 580 1444 in
592 1384 787 1445 Panaetolico
809 1391 840 1443 et
851 1383 977 1461 Pylaico
997 1387 1127 1448 concilio

145 1476 304 1545 ageretur,
327 1470 530 1530 decernerent
550 1470 721 1544 extemplo,
741 1476 776 1528 ut
788 1475 913 1543 praetor
927 1471 995 1528 sine
1008 1471 1127 1540 fraude,

145 1570 215 1615 cum
236 1555 276 1615 de
296 1553 376 1615 bello
399 1559 429 1613 et
448 1568 527 1628 pace
542 1569 634 1628 agere
646 1553 733 1630 velit,
755 1552 887 1612 advocet
900 1554 1078 1629 concilium,
1098 1563 1129 1615 et

146 1639 232 1714 quod
246 1645 309 1698 tum
322 1638 472 1697 referatur
486 1637 739 1715 decernaturque,
760 1647 794 1699 ut
808 1636 938 1709 perinde
951 1637 1000 1697 ius
1013 1643 1127 1703 ratum·

145 1738 207 1798 que
227 1722 281 1798 sit,
303 1738 339 1783 ac
360 1721 387 1781 si
401 1721 432 1780 in
446 1720 641 1783 Panaetolico
663 1729 715 1783 aut
728 1722 855 1801 Pylaico
876 1720 1007 1784 concilio
1029 1727 1128 1781 actum

143 1813 238 1867 esset.
267 1805 402 1867 dimissis
417 1806 458 1866 ita
473 1821 629 1881 suspensa
642 1822 678 1866 re
691 1808 800 1883 legatis
814 1807 939 1882 egregie
954 1807 1128 1869 consultum

143 1891 227 1965 genti
241 1889 356 1950 aiebat:
378 1906 448 1950 nam
463 1890 559 1950 utrius
574 1891 674 1967 partis
688 1892 796 1953 melior
809 1893 933 1953 lortuna
947 1893 1019 1953 belli
1032 1898 1127 1967 esset,

143 1974 267 2035 adeius
282 1973 459 2036 societatem
479 1974 688 2037 inclinaturos.
717 1975 795 2037 baec
809 1977 840 2037 in
855 1977 986 2039 concilio
1001 1977 1127 2040 Aetolo-

142 2075 212 2119 rum
227 2064 303 2118 acta.

230 2137 364 2201 XXXIII.
394 2139 554 2214 Philippus
579 2140 709 2214 impigre
733 2149 814 2201 terra
837 2143 977 2215 marique
1001 2144 1129 2217 parabat

146 2225 277 2292 bellum;
302 2222 420 2282 navalis
442 2222 550 2297 copias
564 2221 789 2283 Demetriadem
808 2224 839 2282 in
852 2224 1040 2285 Tbessaliam
1055 2242 1128 2286 con·

144 2306 293 2368 trahebat.
326 2308 460 2368 Attalum
474 2307 709 2381 Romanamque
728 2308 860 2368 classem
879 2307 1031 2384 principio
1045 2310 1128 2371 veris

144 2392 183 2452 ab
203 2391 323 2467 Aegina
346 2398 431 2453 ratus
455 2399 608 2466 moturos,
635 2389 766 2453 nauibus
790 2392 1030 2470 maritumaeque
1055 2411 1128 2456 orae

143 2477 293 2552 praefecit
304 2476 506 2552 Heraclidam,
523 2491 614 2552 quem
630 2483 661 2536 et
674 2484 744 2539 ante
758 2478 964 2553 praefeceram
987 2480 1056 2555 ipse
1068 2486 1126 2541 ter·

142 2560 250 2621 restris
266 2560 373 2636 copias
389 2561 597 2637 comparabat,
613 2577 726 2635 magna
736 2577 772 2621 se
782 2563 844 2622 duo
856 2562 969 2623 auxilia
979 2565 1126 2626 Romanis

143 2643 316 2705 detraxisse
332 2645 478 2720 credens,
494 2662 534 2705 ex
547 2661 610 2706 una
622 2653 710 2721 parte
723 2647 868 2720 Aetolos,
885 2662 925 2706 ex
942 2648 1037 2709 altera
1050 2649 1126 2709 Dar·

144 2729 259 2804 danos,
281 2728 420 2791 saucibus
437 2731 477 2789 ad
490 2729 686 2804 Pelagoniam
700 2746 719 2788 a
733 2730 796 2790 lilio
810 2729 925 2792 Perseo
941 2732 1125 2793 interclusis.

143 2809 182 2872 ab
197 2814 326 2874 consule
341 2827 404 2872 non
421 2814 588 2889 parabatur
602 2813 659 2874 sed
672 2812 837 2889 gerebatur
851 2815 912 2874 iarn
925 2814 1048 2877 bellum.
1071 2832 1127 2892 per

142 2896 387 2957 Dassaretiorum
402 2896 480 2958 lines
496 2897 662 2958 exercitum
677 2898 816 2972 ducebat,
844 2899 1026 2962 llumentum
1042 2903 1126 2977 quod

142 2994 182 3038 ex
202 2979 337 3040 hibernis
359 2982 523 3058 extuderat,
548 2981 699 3055 integrum
718 2981 852 3057 vehens,
879 2986 964 3058 quod
983 2987 1014 3045 in
1035 3003 1126 3047 usum

142 3064 228 3123 militi
243 3064 318 3123 satis
333 3071 426 3140 esset,
441 3065 660 3139 praebentibus
675 3066 767 3141 agris.
791 3067 908 3142 oppida
921 3070 1044 3146 vicique
1055 3088 1125 3146 par·

140 3146 194 3207 tim
213 3148 371 3208 voluntate
391 3149 500 3225 partim
514 3157 597 3210 metu
611 3166 646 3210 se
660 3150 837 3221 tradebant;
859 3153 1012 3226 quaedam
1025 3155 1056 3214 vi
1071 3171 1124 3215 ex·

142 3239 293 3307 pugnata,
319 3233 472 3307 quaedam
496 3235 619 3294 deserta
640 3235 671 3294 in
691 3234 804 3295 montis
826 3235 1021 3312 propinquos
1043 3239 1124 3298 rel·

141 3315 293 3388 gientibus
324 3316 464 3377 barbaris
498 3316 739 3378 inveniebantur.
782 3318 822 3378 ad
848 3319 988 3397 Lyncum
1016 3321 1123 3383 stativa

142 3400 247 3472 posuit
274 3415 373 3475 prope
398 3400 512 3461 flumen
537 3402 670 3461 Rerum:
705 3401 777 3461 inde
803 3402 1016 3465 frumentatum
1043 3404 1124 3463 circa

141 3480 253 3543 horrea
280 3484 526 3545 Dassaretiorum
553 3485 698 3545 mittebat.
738 3481 899 3560 Philippus
928 3492 1123 3545 consternata
