2600 4000
198 224 260 288 252
335 223 451 284 LIBER
469 223 603 284 XXXVI.
626 222 711 282 cni).
722 229 766 285 db.
777 230 822 283 36.
843 228 880 295 [a.
894 226 929 278 U.
941 244 966 279 e·
976 226 1040 293 aot]

199 378 269 451 bns,
282 392 374 452 quam
384 375 587 451 purgantibus
599 391 646 450 ea,
654 375 694 436 de
704 375 816 452 quibus
829 375 1042 451 arguebantur,
1049 389 1185 452 respon·

200 478 269 523 sum
284 460 388 522 datum
404 468 461 534 est,
477 474 538 536 quo
552 458 674 519 veniam
689 459 879 535 impetrasse,
895 475 957 519 non
969 475 1095 519 causam
1110 477 1183 535 pro·

200 546 295 607 basse
313 543 411 606 videri
431 549 569 620 possent
606 550 636 603 et
658 542 788 618 Philippi
806 542 889 617 regis
909 542 1000 618 legati
1022 541 1079 603 sub
1101 543 1185 605 idem

202 646 323 705 tempus
337 628 369 688 in
383 635 523 688 senatum
537 626 716 701 introducti,
730 628 918 701 gratulantes
933 626 973 686 de
985 626 1124 687 victoria.
1146 627 1185 687 iis

203 712 393 791 petentibus,
412 719 446 771 ut
466 710 525 771 sibi
545 709 722 771 sacrificare
740 709 772 770 in
787 708 935 784 capitolio
951 709 1130 786 donumque
1145 726 1185 769 ex

203 813 278 859 auro
292 796 399 858 liceret
411 811 528 871 ponere
541 794 573 854 in
586 793 666 854 aede
681 794 764 854 lovis
779 792 887 869 optimi
900 793 1038 869 maximi,
1054 793 1181 869 permis

204 898 273 943 sum
292 879 333 941 ab
353 886 473 940 senatu.
507 886 627 939 centum
646 877 751 952 pondo
773 892 919 939 coronam
933 892 1057 938 auream
1071 892 1187 953 posue·

204 972 283 1025 runt.
314 979 377 1025 non
396 977 582 1038 responsum
602 962 704 1022 solum
723 959 856 1037 benigne
876 960 983 1040 [regis]
1004 960 1113 1036 legatis
1129 969 1189 1035 est,

205 1047 262 1110 scd
282 1044 364 1108 filius
386 1061 511 1122 quoque
530 1044 662 1121 Philippi
682 1045 867 1118 Demetrius,
888 1045 941 1121 qui
960 1045 1055 1106 obses
1068 1045 1189 1105 Romae
1292 1091 1293 1096 1

205 1135 279 1203 erat,
294 1129 335 1190 ad
345 1136 464 1205 patrem
474 1129 668 1191 reducendus
680 1130 787 1204 tegam
799 1128 888 1189 datus
900 1135 958 1190 est
978 1128 1090 1189 bellum
1102 1128 1189 1204 quod
1292 1125 1293 1154 ¹

206 1229 277 1275 curn
296 1211 449 1275 Antiocho
468 1228 543 1289 rege
563 1214 595 1274 in
616 1213 885 1289 Graeciagestum
905 1219 954 1272 est
972 1229 993 1273 a
1010 1211 1061 1272 Μ’.
1082 1209 1189 1272 Acilio
1292 1209 1293 1278 l

207 1297 345 1370 consule,
359 1296 441 1357 bunc
454 1298 547 1358 linem
559 1296 675 1358 babuit

290 1379 425 1439 XXXVI.
452 1381 539 1440 Alter
564 1382 673 1441 consul
697 1379 729 1439 P.
750 1380 907 1442 Cornelius
932 1377 1038 1456 Scipio
1060 1378 1190 1439 Galliam

209 1461 398 1541 provinciam
409 1463 544 1538 sortitus,
556 1464 735 1540 priusquam
747 1464 787 1524 ad
798 1464 920 1539 bellum,
932 1464 1018 1540 quod
1028 1462 1189 1523 cumBoiis

209 1547 378 1625 gerendum
395 1554 475 1620 erat,
497 1547 760 1623 proficisceretur,
782 1547 949 1624 postulavit
961 1547 1000 1607 ab
1016 1554 1142 1619 senatu,
1156 1552 1189 1608 ul

210 1632 342 1709 pecunia
352 1631 411 1693 sibi
422 1632 638 1692 decerneretur
648 1631 688 1690 ad
698 1631 800 1707 ludos,
813 1648 894 1708 quos
905 1637 1030 1708 praetor
1040 1630 1070 1690 in
1078 1629 1191 1704 Hispa·

210 1717 260 1777 nia
272 1717 467 1792 interipsum
481 1715 643 1776 discrimen
659 1729 782 1790 pugnae
795 1715 941 1777 vovisset
967 1730 1084 1775 novum
1098 1721 1193 1789 atque

168 1793 173 1801 ’
210 1800 348 1879 iniquum
362 1802 521 1876 postulare
533 1806 581 1860 est
592 1800 694 1859 visust
715 1808 992 1875 censueruntergo,
1008 1814 1088 1873 quos
1099 1797 1193 1858 ludos

210 1884 384 1944 inconsulto
406 1893 515 1946 senatu
537 1900 577 1945 ex
598 1900 656 1944 sua
675 1882 768 1944 unius
789 1883 941 1943 sententia
960 1882 1114 1955 vovisset,
1137 1896 1193 1940 eos

211 1965 255 2028 uti
270 1966 309 2027 de
323 1966 485 2042 manubiis,
501 1967 529 2028 si
544 1984 636 2044 quam
650 1965 812 2044 pecuniam
826 1967 867 2027 ad
881 1967 912 2028 id
926 1971 1129 2040 reservasset,
1143 1966 1195 2025 vel

212 2066 270 2110 sua
290 2050 359 2126 ipse
378 2051 519 2127 impensa
540 2053 664 2113 laceret.
700 2067 756 2113 eos
777 2051 868 2112 ludos
885 2068 940 2127 per
955 2051 1023 2112 dies
1038 2050 1146 2111 decem
1161 2047 1195 2106 P.
1294 2088 1295 2091 ,

213 2133 372 2196 Cornelius
393 2135 475 2196 tecit
506 2152 564 2211 per
582 2134 664 2197 idem
687 2136 751 2196 iere
765 2141 887 2211 tempus
901 2136 997 2195 aedes
1011 2132 1116 2194 matris
1130 2148 1196 2191 ma·

211 2233 291 2294 gnae
304 2219 416 2280 ldaeae
430 2220 572 2282 dedicata
585 2228 647 2292 est,
670 2235 762 2295 quam
775 2218 865 2279 deam
878 2220 906 2280 is
919 2219 951 2278 P.
967 2214 1126 2279 Cornelius
1141 2217 1196 2276 ad-

211 2309 332 2364 vectam
345 2318 386 2363 ex
400 2303 477 2363 Asia
489 2302 522 2362 P.
535 2303 675 2365 cornelio
692 2302 845 2378 Scipione,
862 2302 911 2363 cui
926 2310 1038 2377 postea
1046 2300 1197 2362 Africano

212 2386 269 2448 luit
288 2401 476 2462 cognomen,
497 2387 529 2446 P.
544 2385 661 2447 Licinio
682 2387 860 2448 consulibus
878 2386 909 2448 in
924 2386 1071 2447 Palatium
1086 2401 1105 2445 a
1118 2384 1196 2444 mari

213 2468 370 2530 detulerat.
407 2469 585 2529 locaverant
606 2469 715 2529 aedem
734 2470 905 2532 faciendam
926 2486 966 2531 ex
980 2476 1106 2530 senatus
1121 2484 1197 2529 eon-

213 2552 293 2613 sulto
307 2549 348 2610 Μ.
362 2549 468 2611 Livius
482 2550 514 2614 c.
531 2551 675 2612 claudius
690 2567 837 2615 censores
853 2555 894 2615 Μ.
907 2553 1047 2616 cornelio
1061 2553 1094 2612 P.
1110 2550 1197 2613 Sem·

214 2634 322 2710 pronio
335 2633 531 2704 consulibus;
552 2635 699 2695 tredecim
710 2638 799 2698 annis
812 2646 892 2713 post,
907 2653 998 2714 quam
1010 2638 1111 2698 locata
1121 2642 1198 2708 erat,

214 2716 369 2778 dedicavit
382 2732 451 2778 eam
464 2717 505 2778 Μ.
518 2717 623 2780 lunius
637 2719 760 2793 Brutus,
775 2721 903 2796 ludique
917 2721 957 2783 ob
972 2720 1199 2781 dedicationem

215 2799 281 2862 eius
304 2801 391 2876 lacti,
413 2819 493 2877 quos
513 2802 630 2880 primos
652 2805 795 2869 scenicos
816 2804 914 2866 luisse
930 2803 1039 2865 Antias
1054 2802 1199 2864 Valerius

214 2891 263 2945 est
277 2892 397 2960 auctor,
418 2886 584 2963 Megalesia
598 2887 781 2963 appellatos.
818 2890 889 2950 item
902 2888 1070 2949 luventatis
1085 2887 1197 2947 aedem

214 2969 246 3028 in
267 2969 350 3032 circo
365 2971 497 3032 maximo
515 2971 546 3032 C.
560 2971 695 3032 Licinius
709 2971 855 3034 Lucullus
876 2972 1018 3033 duumvir
1033 2969 1199 3032 dedicavit.

216 3061 345 3114 voverat
362 3069 430 3114 eam
451 3055 609 3116 sexdecim
623 3054 712 3115 annis
728 3063 798 3118 ante
811 3055 853 3120 M.
867 3055 972 3116 bivins
988 3054 1114 3129 consul,
1134 3068 1199 3128 quo

216 3135 267 3197 die
280 3135 504 3198 Hasdrubalem
520 3137 749 3213 exercitumque
763 3138 830 3201 eius
846 3139 971 3209 cecidit3
990 3139 1071 3200 idem
1086 3152 1201 3199 censor

217 3235 285 3280 eam
306 3220 476 3281 taciendam
497 3219 610 3281 locavit
622 3222 664 3283 M.
679 3221 820 3284 Cornelio
836 3223 868 3282 Ρ.
886 3221 1069 3299 Sempronio
1084 3237 1199 3282 consu

217 3302 306 3364 libus.
337 3302 428 3364 huius
450 3319 577 3380 quoque
599 3305 791 3367 dedicandae
811 3323 907 3368 causa
928 3306 992 3368 ludi
1007 3306 1092 3380 iacti,
1115 3311 1146 3365 et
1161 3320 1200 3366 eo

218 3386 321 3448 omnia
336 3403 404 3447 curn
418 3387 534 3449 maiore
546 3388 694 3463 religione
709 3389 798 3463 iacta,
822 3391 907 3466 quod
920 3406 1036 3451 novum
1051 3405 1120 3449 cum
1135 3388 1200 3447 An·

217 3468 320 3532 tiocho
335 3470 466 3532 instabat
478 3471 599 3532 bellum.
