2600 4000
258 245 374 306 Llssltla
387 244 536 304 xlhllvlt.
560 243 755 303 caecam.
777 253 813 319 [a.
827 249 860 302 e.
876 245 935 322 roo]
1020 242 1082 307 bil

2 413 5 422 ¹
104 404 249 474 quattuor
267 394 406 455 triremes
427 395 531 464 luere;
552 393 638 469 regia
654 393 765 453 classis
786 402 905 468 septem
919 362 949 455 et
963 396 1083 472 triginta

1 505 2 556 l
103 479 229 542 maioris
240 479 356 539 lormae
366 478 488 538 navium
499 484 572 552 erat,
587 475 618 537 in
632 476 743 552 quibus
755 483 817 537 tres
828 476 979 552 hepteres,
996 487 1081 555 quat·

105 571 173 625 tuor
186 563 317 623 hexeres
331 560 472 622 habebat
505 567 627 636 praeter
640 560 697 620 has
713 560 820 621 decem
834 560 972 622 triremes
987 570 1083 623 erant

103 656 135 710 et
148 646 180 706 hi
195 647 308 707 adesse
327 644 425 706 hostis
440 660 480 705 ex
493 644 621 719 specula
638 644 770 720 quadarn
786 659 969 718 cognovere.
1003 654 1082 706 utra·

1 767 2 770 =
38 761 40 772 ·
105 746 167 807 que
188 729 298 791 elassis
313 734 440 804 postero
458 729 508 788 die
523 730 591 788 luce
607 728 718 803 prima,
740 735 894 804 tamquam
910 743 947 789 eo
963 728 1014 789 die
1027 746 1084 805 pu·

104 821 247 891 gnaturo,
269 829 287 873 e
302 819 393 888 portu
410 812 520 882 movim
543 819 573 872 et
593 819 756 887 postquam
772 826 959 887 superavere
972 811 1084 874 Rhodii

105 897 354 975 promunturium,
370 896 453 971 quod
467 895 506 956 ab
518 894 592 956 Sida
608 895 759 971 prominet
773 893 803 955 in
813 896 915 971 altum,
930 899 1084 973 extemplo

104 990 135 1044 et
147 981 306 1057 conspecti
321 980 359 1039 ab
375 979 515 1040 hostibus
531 986 602 1040 sunt
615 985 647 1039 et
659 978 721 1054 ipsi
735 994 790 1040 eos
806 980 956 1046 viderunt
983 980 1022 1040 ab
1036 995 1083 1041 re·

1 1085 2 1098 ¹
104 1066 162 1142 giis
176 1065 302 1127 sinistro
318 1080 422 1137 cornu,
442 1064 526 1139 quod
539 1063 578 1122 ab
593 1065 655 1124 alto
670 1062 821 1125 obiectum
836 1069 910 1137 erat,
923 1063 1085 1138 Hannibal,

104 1151 213 1212 dextro
233 1149 419 1224 Apollonius
440 1153 676 1223 purpuratorum
696 1164 777 1210 unus
798 1154 953 1223 praeeram
975 1154 1006 1208 et
1024 1150 1085 1209 iam

104 1234 134 1295 in
150 1235 278 1295 frontem
294 1231 427 1292 directas
442 1230 595 1292 habebant
608 1246 716 1292 naves.
735 1230 847 1292 Rhodii
858 1232 951 1307 longo
964 1231 1085 1308 agmine

106 1309 269 1379 veniebant
311 1314 409 1391 prima
431 1316 585 1390 praetoria
605 1315 694 1376 navis
708 1315 838 1375 Eudami
853 1323 934 1386 erat;
955 1318 1084 1392 cogebat

104 1418 213 1477 agmen
235 1399 427 1469 Chariclitum
455 1399 661 1474 Pamphilidas
681 1400 800 1460 mediae
821 1399 914 1461 classi
935 1406 1084 1476 praeerat.

103 1486 261 1546 Eudamus
275 1490 440 1560 postquam
454 1482 587 1544 hostium
602 1483 698 1544 aciem
711 1484 889 1545 instructam
904 1490 935 1543 et
949 1491 1085 1560 paratam

104 1571 145 1630 ad
160 1569 403 1630 concturendum
417 1566 502 1640 vidit,
518 1568 630 1643 etipse
644 1568 674 1627 in
689 1570 781 1630 altum
796 1566 942 1640 evehitur,
959 1573 990 1627 et
1000 1567 1083 1627 dein·

105 1668 181 1729 ceps
200 1668 280 1729 quae
301 1652 509 1728 sequebantur
523 1659 684 1714 servantes
698 1653 836 1713 ordinem
851 1652 881 1709 in
897 1653 1026 1711 frontem
1041 1650 1084 1709 di-

104 1738 204 1812 rigere
223 1737 316 1799 iubet.
349 1751 387 1797 ea
399 1752 452 1796 res
471 1737 568 1812 pri-nlo
589 1738 747 1798 tumultum
766 1733 921 1809 praebuit=
943 1749 1012 1792 nam
1028 1748 1086 1793 nec

106 1821 151 1881 sic
166 1822 195 1880 in
211 1824 303 1882 altum
324 1828 450 1882 evectus
466 1828 531 1882 erat
544 1828 578 1882 ut
592 1822 669 1881 ordo
685 1818 819 1881 omnium
835 1817 957 1876 navium
972 1816 1012 1876 ed
1026 1824 1084 1878 ter·

105 1921 170 1965 ram
190 1904 339 1982 explicari
352 1911 477 1981 posset,
499 1911 529 1964 et
543 1903 692 1964 festinans
708 1903 777 1976 ipse
791 1915 1001 1976 praepropere
1017 1917 1085 1961 eum

105 1986 242 2066 quinque
262 1990 338 2050 solis
357 1987 488 2048 navibus
502 1986 664 2048 Hannibali
686 1984 831 2061 occurrit,
854 1985 946 2046 ceteri
968 1985 1041 2062 quia
1055 1985 1083 2046 in

106 2075 235 2133 irontem
257 2071 388 2144 dirigere
405 2071 484 2130 iussi
498 2077 595 2139 erant,
618 2087 680 2130 non
696 2069 914 2145 sequebantur.
948 2077 1085 2131 extremo

105 2155 218 2228 agmini
239 2155 298 2215 loci
313 2153 387 2212 nihil
401 2154 442 2214 ad
456 2159 568 2213 terram
582 2151 679 2214 relicti
692 2160 774 2224 erat3
800 2153 1086 2229 trepidantibusque

106 2236 154 2298 his
176 2237 253 2297 luter
273 2251 309 2297 se
329 2236 388 2297 iarn
409 2237 439 2297 in
460 2237 568 2298 dextro
594 2252 691 2297 cornu
715 2238 866 2298 adversus
886 2237 1086 2297 Hannibalem

106 2322 307 2396 pugnabatur.
342 2320 448 2382 XXIV.
477 2321 534 2381 sed
559 2328 713 2383 momento
738 2320 886 2398 temporis
912 2325 942 2379 et
963 2321 1086 2381 navium

106 2406 202 2465 virtus
227 2413 257 2466 et
281 2421 357 2467 usus
382 2404 428 2466 rei
452 2405 620 2465 maritimae
643 2412 792 2467 terrorem
817 2420 937 2466 omnem
958 2403 1087 2486 Rhodiis

105 2488 247 2565 dempsit
281 2507 350 2550 nem
370 2497 401 2551 et
415 2490 445 2549 in
467 2491 560 2550 altum
580 2489 720 2551 celeriter
733 2497 861 2551 evectae
875 2504 972 2549 naves
987 2490 1086 2550 locum

1 2630 2 2651 ,
105 2580 177 2650 post
190 2590 226 2635 se
241 2590 383 2651 quaeque
398 2574 531 2635 venienti
545 2575 585 2634 ad
599 2581 710 2634 terram
721 2574 845 2648 dedere,
861 2571 928 2634 etsi
940 2586 1002 2648 qua
1014 2589 1086 2634 con-

105 2666 242 2719 currerat
255 2664 355 2720 rostro
371 2675 440 2719 cum
455 2657 587 2719 hostium
603 2673 698 2729 navo,
721 2666 773 2719 aut
787 2674 909 2734 proram
924 2657 1087 2730 lacerabat,

105 2747 158 2801 aut
176 2758 280 2802 remos
301 2743 495 2817 detergebat,
517 2748 568 2802 aut
588 2741 683 2802 libero
704 2743 783 2803 inter
804 2742 928 2803 ordines
944 2741 1086 2801 discursu

105 2830 316 2899 praetervecta
335 2826 365 2885 in
385 2826 513 2901 puppim
533 2825 679 2900 impeturn
701 2820 802 2885 dabat
834 2824 968 2884 maxime
988 2832 1086 2885 exter-

104 2908 165 2968 ruit
183 2907 318 2983 hepteris
338 2907 424 2984 regia
438 2924 458 2968 a
470 2909 564 2967 multo
585 2908 705 2968 minore
718 2907 841 2968 Rhodia
854 2923 933 2968 nave
947 2925 1009 2970 uno
1024 2909 1087 2968 ictu

104 2991 257 3054 demersa.
289 2990 394 3067 itaque
409 2992 468 3053 iam
481 2992 564 3052 haud
579 2992 673 3052 dubie
688 2992 828 3052 dextrum
844 3007 940 3053 eomu
952 2991 1088 3053 hostium

104 3076 134 3135 in
151 3077 253 3152 lugam
268 3076 441 3137 inclinabat.
460 3076 630 3136 Eudamum
643 3075 675 3135 in
690 3077 751 3138 alto
763 3075 954 3137 multitudine
964 3077 1087 3136 navium

104 3161 235 3220 maxime
246 3160 407 3234 Hannibal,
423 3158 532 3221 ceteris
548 3159 690 3222 omnibus
701 3162 792 3236 longe
806 3165 1022 3235 praestantem,
1036 3177 1086 3220 ur·

104 3242 211 3317 gebat3
233 3251 263 3306 et
283 3244 549 3318 circumvenisset,
570 3246 601 3304 ni
622 3245 713 3320 signo
734 3243 854 3306 sublato
876 3259 916 3304 ox
932 3243 1088 3320 praetoria

1 3404 2 3409 ἵ
105 3341 199 3400 nave,
221 3345 282 3403 quo
304 3327 476 3404 dispersam
498 3329 629 3389 classem
649 3330 681 3388 ln
698 3345 794 3389 unum
814 3328 915 3404 colligi
930 3344 998 3389 mos
1013 3334 1086 3401 erat,

1 3430 2 3459 i
108 3425 214 3470 omnes
236 3411 359 3486 quaein
381 3413 489 3473 dextro
505 3428 601 3474 comu
615 3412 756 3473 vicerant
770 3428 867 3473 naves
882 3412 923 3472 ad
937 3427 1028 3487 opem
1043 3411 1086 3468 ie·

1 3562 2 3565 ¹
105 3493 233 3553 rendam
258 3495 323 3555 suis
349 3496 589 3557 concurrissent.
624 3502 686 3555 tum
712 3501 743 3555 et
765 3495 916 3555 Hannibal
943 3506 1086 3568 quaeque
