2600 4000
291 268 407 328 amun
420 268 553 327 xxxvr.
577 265 771 330 capanea
793 266 873 345 [ao.
887 267 947 345 191]
1044 265 1106 330 251

126 420 213 497 atqui
227 435 289 481 non
303 426 419 481 tanturn
433 419 558 479 interest
571 426 678 478 nostra
688 418 867 478 Aetolorum
882 432 960 493 opas
975 434 1012 478 aa
1025 420 1107 480 vires

127 500 239 578 minui,
261 510 408 579 quantum
427 518 489 563 non
509 517 605 577 supra
624 501 749 562 modum
762 499 935 576 Philippum
958 516 1107 578 crescere,

126 596 159 647 et
178 584 324 648 materiae
348 593 419 647 tuae
443 585 611 661 praemium
630 591 661 645 te
680 583 855 659 militesque
879 590 950 645 tuos
972 584 1108 645 nondum

126 670 208 730 duas
237 670 344 742 urbes,
379 668 553 745 Philippum
579 676 625 730 tot
651 674 760 744 gentes
789 665 936 729 Graeciae
963 668 1107 729 habere.“

126 753 246 813 XXXV.
267 750 497 815 adsentiebatur
509 752 558 813 his
573 752 698 814 consula
720 752 777 812 sed
791 750 907 826 pudor,
924 751 952 812 si
965 751 1048 813 irrito
1064 752 1108 811 in-

126 844 218 911 cepto
239 836 423 897 abscederet
439 835 611 910 obsidione,
626 833 816 896 occurrebat.
851 841 916 896 tota
928 832 1002 895 inde
1016 835 1107 909 Quin-

126 920 187 980 ctio
201 934 252 980 res
267 919 420 996 permissa
435 926 491 981 est.
513 918 541 980 is
555 935 664 980 rursus
679 919 719 979 ad
734 924 930 993 campartem
942 917 1029 993 muri,
1046 936 1107 994 qua

125 1004 218 1078 paulo
233 1009 304 1064 ante
317 1002 477 1064 vociferati
486 1003 588 1064 Aetoli
601 1003 729 1075 lucrant,
743 1001 832 1062 redit.
852 1000 975 1062 ibicum
989 1002 1106 1079 impen-

125 1086 192 1147 sius
208 1093 346 1159 orarcnt,
367 1095 400 1147 ut
414 1086 610 1147 misereretur
624 1086 723 1161 gentis
736 1086 931 1161 Aetolorum,
953 1086 1038 1147 exire
1053 1086 1106 1147 ali·

125 1187 206 1244 quos
226 1170 266 1230 ad
288 1186 323 1238 se
343 1168 442 1231 iussit.
476 1169 634 1230 Phaeneas
655 1168 724 1245 ipse
744 1169 962 1245 principesque
982 1170 1033 1230 alii
1053 1187 1106 1231 ex-

123 1255 239 1328 templo
264 1254 383 1328 egressi
405 1261 484 1315 sunt.
520 1254 631 1329 quibus
651 1254 822 1329 provolutis
843 1253 884 1314 ad
902 1254 1002 1328 podes
1022 1255 1103 1329 „lor-

124 1342 218 1398 tuna“
233 1336 331 1413 inquit
345 1343 469 1412 „vestra
483 1337 563 1412 lacit,
577 1345 610 1398 ut
624 1344 655 1397 et
669 1338 733 1397 irae
746 1352 833 1397 meae
844 1344 875 1397 et
885 1335 1016 1399 orationi
1030 1344 1104 1399 tem·

125 1435 239 1496 perem.
261 1430 430 1482 evenerunt
446 1437 527 1496 quae
540 1422 680 1496 praedixi
695 1429 850 1482 eventura.
872 1428 904 1481 et
917 1437 956 1481 ne
966 1422 1026 1483 hoo
1039 1423 1105 1498 qui-

126 1504 196 1564 dem
215 1504 326 1579 reliqui
340 1503 430 1565 vobis
446 1511 508 1580 est,
523 1510 556 1565 ut
569 1505 701 1580 indignis
716 1505 869 1566 accidisse
884 1520 921 1564 aa
934 1504 1104 1566 videantur.

122 1602 183 1662 ego
203 1594 304 1648 tamen
326 1595 410 1650 sorte
431 1589 564 1664 quadam
584 1589 764 1650 nutriendae
787 1588 933 1648 Graeciae
954 1588 1044 1648 datus
1066 1605 1105 1647 ne

123 1670 249 1745 ingratis
267 1672 390 1747 quidem
403 1671 587 1733 benefacere
601 1671 757 1748 absistam.
793 1671 897 1731 mittite
912 1677 1051 1731 oratores
1066 1672 1104 1731 ad

122 1756 296 1831 consulem,
319 1757 370 1832 qui
392 1756 524 1818 indutias
543 1757 617 1817 tanti
638 1755 784 1830 temporis
800 1760 918 1827 petant,
941 1760 973 1814 ut
987 1753 1104 1814 mittere

123 1836 242 1913 legatos
256 1840 385 1901 Romam
406 1841 549 1915 possitis,
571 1855 627 1914 per
648 1854 728 1913 quos
744 1836 863 1896 senatui
877 1836 916 1897 de
932 1835 1020 1897 vobis
1035 1853 1104 1913 per·

122 1922 256 1982 mittatis.
289 1938 347 1997 ego
363 1924 446 1997 apud
461 1925 618 1982 consulam
633 1922 816 1995 deprecator
829 1919 1036 1996 defensorque
1049 1937 1101 1981 vo-

123 2001 170 2066 bis
181 2006 307 2065 adero.“
323 2005 364 2065 ita
374 2011 408 2065 ut
419 2010 581 2065 consuerat
592 2004 758 2078 Quinctius,
771 2003 916 2080 lecerunt,
927 2020 986 2066 nec
997 2021 1099 2082 asper-

123 2094 213 2147 natus
235 2094 283 2146 cst
302 2088 486 2161 legationem
501 2089 627 2156 consul,
647 2086 835 2162 indutiisque
848 2088 879 2147 in
895 2089 975 2149 diem
991 2097 1103 2149 certam

122 2169 218 2244 datis,
240 2185 302 2244 qua
315 2170 427 2244 legatio
441 2170 607 2231 renuntiari
622 2171 661 2230 ab
674 2170 773 2230 Roma
787 2178 909 2245 posset,
932 2171 1034 2233 soluta
1048 2171 1103 2232 cb·

122 2253 201 2314 sidio
221 2260 270 2313 est
283 2262 313 2314 et
326 2253 480 2316 exercitus
495 2253 525 2313 in
539 2253 703 2314 Phocidem
719 2253 842 2314 missus.

209 2336 323 2398 Consul
344 2353 412 2397 oum
427 2338 459 2396 T.
476 2338 614 2412 Quinctio
630 2337 671 2398 ad
684 2336 852 2398 Achaicum
867 2336 1028 2398 concilium
1043 2337 1103 2396 Ae

122 2420 205 2496 gium
219 2421 345 2482 traiecit.
368 2420 410 2481 ibi
425 2423 464 2482 de
477 2422 559 2482 Eleis
575 2421 659 2482 etde
673 2421 832 2482 exsulibus
845 2420 1102 2482 Lacedaemonio-

6 2568 7 2581 ,
122 2521 189 2565 rum
203 2505 399 2567 restituendis
411 2511 580 2566 actumest.
602 2513 710 2574 neutra
720 2506 927 2581 perfectores,
943 2503 1016 2578 quia
1026 2519 1103 2565 suae

81 2664 88 2674 .
120 2590 236 2663 gratiae
256 2589 409 2650 reservari
429 2605 497 2650 eam
511 2588 643 2664 Achaei,
663 2588 729 2649 Elei
744 2603 800 2662 per
814 2603 850 2649 se
864 2588 924 2663 ipsi
940 2603 1032 2662 quarn
1047 2602 1103 2662 per

122 2672 278 2733 Romanos
294 2673 464 2733 maluerunt
477 2672 613 2733 Achaico
630 2672 780 2733 contribui
796 2671 935 2733 concilio.
963 2671 1102 2745 Epirota·

122 2770 189 2815 rum
209 2755 300 2828 legati
320 2755 360 2815 ad
375 2757 533 2818 consulem
547 2762 713 2827 venerunt,
735 2771 815 2830 quos
829 2772 891 2816 non
906 2755 1026 2814 sincera
1041 2754 1103 2814 fide

120 2837 151 2900 iu
172 2837 303 2899 amicitia
324 2838 421 2898 luisse
444 2838 519 2898 satis
535 2839 710 2898 constabatz
736 2838 858 2898 militem
872 2843 972 2898 tamen
987 2839 1101 2898 nullum

121 2920 274 2982 Antiocho
291 2921 448 2983 dederant
470 2921 602 2996 pecunia
615 2918 733 2980 iuvisse
748 2935 817 2982 eum
831 2921 1100 2989 insimulabantur;

120 3005 239 3080 legatos
254 3004 295 3065 ad
308 3020 413 3078 regem
427 3020 467 3065 ne
480 3005 541 3080 ipsi
554 3004 678 3080 quidem
689 3004 812 3065 misisse
826 3002 1040 3065 initiabantur.
1064 3003 1101 3063 iis

121 3087 295 3164 petentibus
317 3096 350 3150 ut
369 3089 399 3148 in
416 3087 547 3151 amicitia
568 3088 696 3163 pristina
717 3102 789 3149 esse
803 3088 922 3163 liceret,
942 3087 1102 3162 respondit

122 3175 230 3234 consul
251 3188 300 3246 se,
322 3180 422 3233 utrum
442 3171 577 3233 hostium
592 3189 630 3233 an
644 3179 822 3247 pacatorum
837 3188 891 3233 eos
907 3186 1033 3232 numero
1049 3170 1101 3229 ha-

120 3251 220 3329 beret,
241 3257 378 3319 nondum
395 3256 489 3317 scire=
512 3262 653 3316 senatum
667 3254 734 3317 aius
749 3257 794 3316 rei
808 3255 939 3316 iudicem
953 3256 1029 3316 lore.
1057 3254 1102 3312 in·

122 3343 237 3413 tegnam
255 3356 290 3400 se
311 3355 437 3401 causam
450 3356 557 3402 eorum
572 3342 699 3401 Romam
714 3342 845 3400 reicere:
866 3339 1000 3399 indutias
1016 3335 1055 3396 ad
1070 3335 1101 3397 id

122 3419 239 3481 dierum
260 3424 423 3500 nonaginta
444 3425 527 3484 dare.
560 3422 705 3499 Epirotae
719 3424 847 3484 Romam
860 3422 947 3481 missi
962 3425 1101 3481 senatum

6 3500 7 3569 t
122 3504 270 3565 adierunt
300 3505 337 3566 iis
352 3507 450 3582 magis
472 3522 552 3582 quae
566 3523 628 3566 non
644 3506 790 3566 iecissent
805 3504 928 3564 hostilia
941 3500 1098 3563 referenti·
