2600 4000
289 222 549 312 nrunnxmrvi.
572 224 655 283 cna.
667 233 711 286 lo.
733 232 771 290 a,
783 231 816 289 c.
828 233 890 298 191]
1014 229 1076 293 255

97 375 267 452 postulare.
290 373 324 447 Q.
335 373 501 434 Minucium
516 373 672 434 confidere
686 372 773 434 brevi
787 375 923 437 subactis
938 378 975 439 iis
987 383 1062 443 meri

98 464 161 519 tum
182 456 366 533 triumphum
386 460 610 534 postulaturum
630 463 725 533 atque
743 458 972 533 impetraturum
994 480 1075 526 esse.

97 557 134 602 se
149 541 188 601 de
200 541 293 601 Gallis
303 541 388 604 Boiis
403 543 561 616 postulare
574 540 769 617 triumphum,
786 558 866 617 quos
880 545 947 604 acie
959 546 1075 624 vicerit,

6 671 7 700 ,
35 633 36 636 ’
97 625 208 685 castris
223 625 349 701 exnerit,
364 641 495 699 quorum
508 632 629 699 gentem
642 625 736 686 biduo
752 632 824 701 post
834 642 968 703 pugnam
983 637 1076 692 totam

97 708 252 783 acceperit
263 709 295 768 in
310 708 511 782 deditionem,
526 725 546 768 a
561 709 674 785 quibus
689 709 816 771 obsides
831 710 1005 786 abduxerit,
1023 731 1074 790 pa·

6 851 7 868 ,
97 791 143 852 cis
165 793 282 853 futurae
307 793 430 869 pignus.
461 793 745 854 verumenimvero
769 794 843 854 illud
861 798 956 858 multo
976 799 1075 860 maius

6 871 7 908 l
97 889 183 949 esse,
206 878 293 953 quod
311 882 425 938 tantum
445 892 603 937 numerum
618 877 772 938 Gallorum
793 878 983 940 cecideritin
998 883 1074 957 acie,

97 959 182 1034 quod
202 976 272 1020 cum
286 966 332 1021 tot
344 961 467 1021 milibus
483 965 565 1021 certe
578 961 725 1022 Boiorum
740 977 829 1023 nemo
845 969 915 1023 ante
929 979 966 1025 sc
979 964 1074 1042 impe·

6 1051 7 1054 ’
94 1049 178 1104 rator
192 1045 382 1120 pugnaverit.
416 1045 484 1120 plus
500 1051 617 1119 partem
632 1043 786 1105 dimidiam
801 1061 841 1106 ex
856 1047 1075 1125 quinquaginta

95 1127 218 1188 milibus
234 1127 392 1188 hominum
406 1143 544 1202 caesam,
563 1131 657 1189 multa
670 1129 752 1189 milia
767 1136 871 1205 capta3
892 1146 984 1193 senes
999 1150 1074 1209 pue·

95 1226 211 1287 rosque
217 1211 303 1272 Boiis
314 1227 490 1287 superesse.
507 1212 647 1288 itaqueid
660 1228 844 1289 quemqnam
855 1214 956 1275 mirari
968 1234 1070 1294 posse

96 1310 152 1355 cur
171 1295 269 1356 victor
289 1295 457 1370 exercitus,
480 1311 548 1355 cum
569 1296 689 1357 hostem
704 1296 734 1356 in
750 1295 909 1373 provincia
923 1301 1071 1367 neminem

95 1378 414 1455 reliquissetRomam
424 1379 588 1439 veneritad
599 1380 815 1443 celebrandum
823 1383 958 1444 considis
970 1385 1071 1446 trium

95 1461 211 1537 phumt
232 1479 362 1537 quorum
385 1464 510 1523 militum
532 1462 558 1523 si
576 1464 649 1524 etin
671 1465 729 1524 alia
749 1466 907 1541 provincia
921 1483 1018 1544 opera
1030 1469 1073 1532 uti

96 1556 221 1607 senatus
247 1548 332 1623 velit,
356 1555 425 1608 utro
447 1547 568 1608 medem
589 1549 682 1609 modo
704 1550 910 1625 promptiores
931 1552 971 1610 ad
992 1552 1072 1616 aliud

96 1631 264 1706 periculum
283 1647 459 1708 novumque
472 1632 608 1693 laborem
622 1633 719 1693 ituros
735 1635 854 1706 credat,
875 1635 902 1693 si
916 1636 1071 1709 persoluta

96 1714 142 1774 eis
163 1715 230 1774 sine
250 1716 468 1778 detractatione
488 1716 599 1792 prioris
621 1717 748 1792 periculi
763 1715 941 1791 laborisque
954 1732 1073 1777 merces

96 1798 149 1872 sit,
175 1815 213 1858 an
235 1799 262 1859 si
282 1816 369 1876 spem
394 1816 504 1877 prore
525 1801 658 1861 serentes
679 1798 828 1858 dimittant
846 1799 906 1858 iam
927 1802 1022 1859 semel
1042 1800 1073 1860 in

96 1882 193 1957 pn'ma
213 1899 270 1959 spe
290 1884 461 1960 deceptos?
485 1900 556 1942 narn
571 1883 655 1958 quod
670 1882 709 1940 ad
723 1897 759 1940 se
773 1879 912 1959 attineat,
934 1882 994 1943 sibi
1008 1884 1073 1958 glo-

93 1965 158 2026 riae
172 1965 203 2027 in
219 1981 339 2028 omnem
353 1967 443 2027 vitam
458 1966 509 2027 illo
525 1965 575 2025 die
591 1965 665 2026 satis
682 1964 852 2040 quaesitum
866 1980 945 2043 esse,
961 1983 1022 2043 qno
1038 1984 1074 2029 se

79 2049 194 2109 uirum
209 2050 356 2124 optimum
366 2049 530 2109 iudicatum
541 2048 581 2107 ad
593 2048 803 2123 accipiendam
814 2057 938 2112 matrem
949 2051 1073 2112 idaeam

94 2132 232 2192 misisset
242 2138 378 2192 senatus.
398 2130 458 2193 hoc
469 2132 563 2206 titulo,
576 2131 633 2192 etsi
644 2146 701 2191 nec
713 2134 890 2194 consulatus
902 2150 959 2194 nec
969 2136 1074 2195 trium-

96 2213 176 2290 phas
191 2214 330 2290 addatur,
351 2214 426 2276 satis
440 2214 600 2276 honestam
613 2213 855 2291 honoratamque
869 2215 901 2276 Ρ.
918 2217 1072 2292 Scipionis

95 2298 226 2358 Nasicae
240 2297 401 2374 imaginem
417 2299 492 2359 lore.
513 2297 677 2360 universus
689 2305 815 2361 senatus
827 2317 888 2361 non
900 2301 969 2376 ipse
979 2303 1072 2363 modo

95 2381 137 2442 ad
156 2382 381 2443 decernendum
401 2381 586 2458 triumphum
607 2383 778 2457 consensit,
799 2384 856 2444 sed
876 2385 967 2445 etiam
980 2384 1073 2445 tribu-

95 2482 167 2526 num
181 2466 281 2541 plebis
296 2466 474 2529 auctoritate
485 2482 542 2527 sua
552 2467 699 2542 compulit
709 2466 747 2526 ad
759 2467 970 2528 remittendam
981 2466 1072 2528 inter-

96 2550 279 2612 cessionem.
311 2550 343 2610 P.
360 2551 517 2613 cornelius
533 2552 641 2612 consul
656 2551 851 2626 triumphavit
866 2551 905 2611 de
918 2552 1014 2612 Boiis.
1042 2552 1072 2612 in

95 2648 133 2695 eo
157 2633 311 2709 triumpho
332 2635 455 2695 Gallicis
476 2631 628 2710 carpentis
648 2651 733 2695 arma
752 2635 903 2712 signaque
924 2643 954 2697 et
974 2638 1072 2712 spolia

95 2717 194 2777 omnis
208 2719 331 2792 generis
344 2719 483 2790 travexit,
499 2725 530 2778 et
541 2735 618 2779 vasa
633 2734 729 2779 aenea
744 2719 874 2788 Galliam
897 2727 928 2780 et
941 2734 1010 2781 cum
1023 2736 1072 2780 ca·

96 2800 185 2876 ptivis
206 2799 359 2861 nobilibus
381 2817 530 2876 equorum
549 2817 675 2877 qnoque
696 2807 854 2877 captorum
874 2818 997 2878 gregem
1013 2810 1072 2863 tra·

95 2883 190 2944 duxit.
224 2898 335 2944 aureos
355 2890 481 2960 torques
503 2885 655 2945 transtulit
673 2885 753 2945 mille
769 2885 1008 2961 quadringentos
1024 2902 1071 2947 se·

94 2967 252 3043 ptuaginta
265 2984 372 3043 unum,
394 2969 433 3028 ad
447 2967 508 3030 hoc
522 2967 588 3029 auri
603 2968 708 3043 pondo
724 2970 856 3029 ducenta
871 2970 1073 3045 quadraginta

95 3052 367 3127 septem„argenti
382 3052 484 3113 inlecti
499 3052 633 3128 laetique
647 3052 677 3111 in
693 3051 814 3113 Gallicis
829 3052 929 3127 vasis,
951 3070 1013 3114 non
1027 3054 1072 3113 in·

96 3135 182 3196 fabre
208 3153 266 3198 suo
290 3151 376 3196 more
401 3135 502 3211 iactis,
530 3137 592 3197 duo
612 3136 695 3196 milia
715 3142 851 3196 neceam
871 3137 1073 3212 quadraginta

96 3221 215 3295 pondo,
236 3218 408 3297 bigatorum
428 3236 619 3282 nummorum
641 3221 772 3281 ducenta
785 3220 906 3296 triginta
921 3228 1072 3297 quattuor.

94 3301 238 3364 milittbus
254 3305 305 3380 qui
321 3321 442 3366 currum
457 3303 555 3366 secuti
566 3312 645 3376 sunt
663 3310 809 3366 centenos
821 3304 948 3367 vicenos
961 3304 1072 3380 quinos

94 3401 185 3446 asses
203 3386 320 3461 divisit,
344 3390 459 3465 duplex
481 3388 665 3462 centurioni,
686 3388 796 3464 triplex
815 3388 918 3465 equiti.
946 3396 1071 3464 postero

95 3467 146 3529 die
161 3469 301 3531 contione
321 3474 471 3534 advocata
485 3474 524 3533 de
537 3473 631 3533 rebus
647 3472 685 3532 ab
704 3488 740 3532 se
752 3474 848 3546 gestis
864 3480 894 3531 et
908 3473 947 3531 de
961 3469 1070 3531 iniuria
