2600 4000
319 235 436 299 LIBER
445 219 549 298 lllllll.
573 237 655 298 cap.
669 244 769 301 salo.
789 245 944 314 [acheo]
1074 239 1115 304 ll

139 391 198 470 piis
213 389 354 465 adgressi
368 389 486 462 urbem,
507 403 577 449 cum
590 390 693 450 multis
708 390 887 451 vulneribus
900 393 1017 468 repulsi
1030 423 1073 435 -
1087 401 1117 455 et

136 481 203 538 erat
224 474 357 534 validum
377 472 419 532 ibi
437 473 556 548 regium
576 473 912 548 praesidium—irrito
934 476 1055 552 incepto
1069 494 1116 539 re·

136 559 238 637 gressi
259 556 300 618 ad
312 557 529 618 Canastraeum
541 555 681 617 Pallenes
694 557 853 617 traiecere.
885 558 958 618 inde
972 567 1117 635 superato

135 646 279 706 Toronae
302 641 512 717 promunturio
536 641 718 715 navigantes
737 640 910 702 Acanthum
929 642 1055 718 petiere.
1077 643 1119 705 ibi

73 770 81 784 .
138 727 237 805 prirno
252 740 327 799 ager
340 730 488 800 vastatus,
502 724 614 784 deinde
628 723 699 800 ipsa
711 723 786 786 urbs
797 725 828 784 vi
840 733 930 801 capta
940 742 978 788 ao
990 726 1118 803 direpta.

136 827 196 872 aec
215 812 296 872 ultm
316 809 474 884 progressi
490 809 603 868 -iam
624 809 703 868 enim
719 816 749 869 et
765 825 877 884 graves
892 811 1010 886 praeda
1024 826 1119 872 naves

137 896 343 956 habebant—
353 899 445 964 retro,
460 892 543 953 unde
557 900 714 966 venerant,
730 892 886 954 Sciathum
900 900 931 955 el
944 895 984 956 ab
995 894 1118 969 Solatho

137 980 295 1040 Euboeam
309 982 461 1053 repetunt.
1187 1052 1193 1058 ‘

222 1062 327 1121 XLVI.
353 1061 399 1120 lbi
422 1061 528 1121 relicta
552 1062 655 1121 classe
680 1059 786 1120 decem
809 1061 940 1123 navibus
963 1062 1118 1139 expeditis

72 1151 77 1159 ’
139 1148 240 1209 sinum
251 1143 413 1206 Maliacum
433 1145 586 1204 intravere
606 1144 647 1204 ad
668 1145 904 1220 colloquendum
918 1162 988 1208 cum
1000 1148 1118 1218 Aetolis

139 1233 180 1292 de
192 1230 312 1291 rationo
326 1227 452 1305 gerendi
466 1228 548 1288 belli.
573 1227 720 1307 Pyrrhias
733 1228 861 1290 Aetolus
876 1230 1021 1307 princeps
1036 1232 1118 1308 lega-

137 1315 231 1377 tionis
257 1313 324 1374 eius
345 1313 415 1386 ruit,
443 1327 522 1387 qnae
542 1312 581 1372 ad
603 1312 857 1374 communicanda
877 1315 1006 1376 consilia
1024 1315 1115 1376 Hera-

139 1400 238 1460 cleam
252 1413 321 1458 cum
334 1411 410 1472 rege
423 1402 453 1456 et
467 1413 536 1458 omn
549 1397 688 1457 Romano
699 1398 800 1472 legato
814 1398 906 1460 venit.
939 1399 1065 1474 petitum
1078 1416 1120 1460 ex

140 1484 266 1544 loedere
280 1482 320 1542 ab
334 1482 436 1542 Attalo
450 1489 511 1556 est,
533 1486 566 1542 ut
578 1482 660 1542 mille
673 1481 784 1542 milites
798 1488 983 1558 praestaret:
1004 1490 1120 1545 antam

139 1567 221 1628 enim
234 1581 392 1627 numerum
406 1564 516 1626 bellurn
531 1565 708 1640 gerentibus
722 1565 874 1628 adversus
884 1565 1058 1643 Philippum
1068 1568 1118 1627 de

141 1651 239 1711 bebat.
262 1649 294 1709 id
308 1656 450 1725 negatura
462 1650 590 1724 Aetolis,
607 1649 693 1725 quod
707 1649 750 1709 illi
764 1666 890 1725 quoque
904 1651 1020 1725 gravati
1035 1650 1120 1725 prius

139 1741 247 1795 essent
266 1735 306 1793 ad
326 1735 535 1810 populandam
547 1733 761 1795 Macedoniam
781 1733 882 1808 exire,
904 1749 966 1808 quo
984 1739 1122 1810 tempore

138 1817 279 1893 Philippo
302 1819 384 1878 eirca
396 1818 577 1894 Pergamum
597 1825 707 1879 urente
727 1832 817 1879 sacra
839 1818 1031 1894 profanaque
1050 1817 1121 1878 abs·

138 1901 260 1964 trahere
285 1917 355 1963 eum
383 1902 454 1962 inde
480 1910 626 1979 respectu
653 1918 756 1964 rerum
784 1918 909 1964 suarum
936 1902 1120 1978 potuissent.

137 1985 182 2048 ila
200 1986 301 2047 Aetoli
321 2003 392 2048 cum
412 2002 470 2061 spe
489 1987 587 2062 magis
606 1986 754 2047 Romanis
775 1986 877 2050 omnia
896 1986 1120 2063 pollicentibus,

141 2085 236 2146 quam
251 2083 321 2210 {lim
333 2070 450 2129 auxilio
465 2070 592 2130 dimissi.
619 2070 771 2145 Apustius
788 2088 856 2132 oum
871 2073 973 2133 Attalo
988 2072 1029 2131 ad
1043 2072 1121 2131 elas-

139 2169 209 2215 sem
221 2167 256 2210 re
279 2152 310 2210 ‘t

228 2233 304 2294 Inde
324 2233 431 2309 agitari
451 2233 491 2294 de
512 2233 592 2295 Oreo
614 2234 824 2309 oppugnando
845 2241 997 2310 coeptum.
1021 2235 1123 2294 valida

139 2335 181 2381 ea
196 2318 303 2379 civitas
318 2324 349 2378 et
362 2317 533 2393 moenibus,
548 2324 579 2377 et
592 2318 666 2393 quia
676 2324 747 2377 ante
757 2318 857 2379 luerat
866 2324 1020 2394 temptata
1035 2318 1122 2380 firmo

140 2409 208 2464 erat
227 2401 396 2478 praesidio.
428 2402 649 2464 coniunxerant
670 2417 705 2462 se
719 2402 757 2462 iis
778 2410 852 2477 post
865 2403 1122 2478 expugnationem

142 2486 239 2549 Andri
254 2502 324 2546 cum
338 2486 496 2562 praelecto
510 2484 728 2561 Agesimbroto
742 2487 847 2561 viginti
860 2487 1000 2548 Rhodiae
1014 2503 1120 2562 naves,

141 2577 240 2632 oectae
264 2565 381 2631 omnes}
417 2585 485 2630 eam
505 2572 637 2631 classem
657 2570 689 2630 in
711 2571 872 2631 stationem
894 2571 934 2631 ad
951 2570 1120 2633 Phalasiarn

139 2653 542 2715 miserunt-lstiaeotidls
571 2670 666 2730 super
689 2654 913 2716 Demetriadem
942 2664 1120 2732 promunto-

139 2738 220 2799 rium
242 2745 290 2799 est
306 2744 539 2814 peropportune
552 2738 704 2799 obiectum
714 2772 772 2814 -,
792 2745 827 2799 ut
840 2738 868 2799 si
883 2739 958 2814 quid
971 2741 1043 2801 inde
1056 2756 1121 2801 mo·

139 2828 249 2882 vereat
258 2821 462 2883 Macedonum
475 2837 580 2898 naves,
595 2822 626 2880 in
639 2822 793 2897 praesidio
806 2828 921 2883 essent.
941 2824 1121 2886 Heraclides

141 2907 317 2981 praefectus
331 2905 584 2980 regiusclassem
597 2905 639 2966 ibi
653 2906 784 2980 tenebat,
800 2907 897 2982 magis
912 2923 969 2983 per
983 2908 1122 2968 occasio·

140 3006 220 3064 nem,
236 2990 263 3049 si
279 3005 371 3064 quam
384 2991 577 3065 neglegentia
589 2989 724 3051 hostium
742 2990 889 3065 dedisset,
910 3007 1002 3068 quam
1016 2998 1122 3068 aperte

139 3072 171 3133 vi
193 3074 359 3148 quicquam
378 3089 521 3135 ausurus.
552 3073 664 3135 Oreum
684 3074 799 3135 diversi
811 3076 941 3136 Romani
956 3082 987 3137 et
998 3091 1054 3136 rex
1067 3077 1121 3135 At·

139 3158 222 3217 talus
244 3157 478 3231 oppugnabant,
503 3159 633 3219 Romani
647 3175 666 3218 a
680 3158 839 3220 marituma
862 3175 948 3233 arce,
972 3158 1047 3233 regii
1069 3158 1122 3218 ad·

139 3256 253 3302 versus
273 3241 382 3300 vallem
403 3240 482 3301 inter
505 3242 583 3302 duas
604 3244 754 3304 iacentem
773 3248 878 3317 arces,
904 3258 965 3318 qna
985 3249 1017 3302 et
1034 3258 1122 3302 muro

140 3325 328 3400 intersaepta
341 3325 415 3384 urbs
431 3331 486 3386 est
516 3333 547 3386 et
559 3332 592 3385 ut
605 3327 676 3387 loca
689 3327 821 3400 diversa
838 3326 883 3387 sio
898 3325 1014 3399 dispari
1028 3325 1121 3385 modo

141 3409 233 3469 etiam
255 3408 489 3485 oppugnabant:
520 3411 678 3471 Romanus
698 3410 902 3470 testudinibus
923 3416 954 3469 et
973 3406 1071 3466 vineis
1093 3420 1123 3464 er

140 3492 237 3552 ariete
257 3493 450 3554 admovendo
472 3492 582 3567 muris,
603 3493 680 3565 regii
699 3493 829 3553 ballistis
849 3489 1072 3564 catapultisque
1092 3494 1123 3544 el
