2600 4000
322 190 768 255 llBllssxllllv.0AP.s.1o.
790 199 871 267 [ec.
885 201 946 269 rsa]
1059 193 1123 259 les

143 344 223 406 locis
237 344 278 407 de
293 347 378 406 caelo
392 352 503 407 tactus.v
524 352 554 406 et
563 344 687 406 Ariciae
701 352 731 405 et
740 345 868 406 Lanuvii
882 353 912 407 et
926 346 957 406 in
967 348 1121 411 Aventino

143 427 298 504 lapidibus
310 427 423 504 plutit3
444 436 504 489 eta
515 429 620 504 capua
630 429 798 489 nuntiatum
810 436 858 491 est
868 445 998 489 examen
1009 448 1119 509 vespa·

144 529 209 574 rum
229 512 339 587 ingens
362 512 393 572 in
408 514 508 574 lorum
528 514 693 573 advolasse
707 519 739 572 et
752 511 784 572 in
797 511 903 572 Martis
919 514 997 572 aede
1011 529 1120 576 conse-

143 595 243 656 disse:
264 610 319 657 eas
337 596 480 658 collectas
503 612 571 656 cum
593 603 711 669 caract
721 596 785 672 igni
800 603 948 657 crematas
964 612 1044 657 esse.
1064 598 1114 660 ho-

141 696 209 739 rum
229 679 439 755 prodigiorum
459 695 554 740 causa
574 678 740 741 decemviri
759 680 855 741 libros
877 679 962 749 adire
977 680 1069 757 iussi,
1091 689 1121 744 et

142 762 334 824 novemdiale
344 778 464 824 sacrum
477 765 598 835 lactum,
611 769 641 822 et
652 763 836 838 supplicatio
847 763 961 824 indicta
971 771 1019 825 est
1029 773 1121 841 atque

142 847 215 907 urbs
228 845 365 907 lustrata.
386 847 495 907 iisdem
509 847 619 907 diebus
633 847 802 907 aediculam
816 845 971 909 Victoriae
984 848 1121 923 Virginis

142 944 240 1005 prope
254 930 363 990 aedem
377 930 532 992 Victoriae
545 930 585 990 Μ.
600 928 728 992 Porcius
744 931 816 993 Cato
831 930 985 993 dedicavit
995 932 1119 995 biennio

141 1021 212 1090 post
225 1028 317 1088 quam
332 1014 424 1075 vovit

222 1096 339 1157 Eodem
360 1114 442 1159 anno
464 1097 614 1158 coloniam
630 1097 767 1158 Latinam
789 1098 819 1157 in
838 1104 970 1160 castrum
984 1099 1115 1162 Ferenti-

139 1196 211 1243 num
225 1181 371 1241 triumviri
386 1181 578 1241 deduxerunt
592 1180 644 1241 Cn.
659 1180 790 1243 Manlius
804 1182 904 1247 Vulso
918 1182 951 1242 L.
966 1184 1117 1258 Apustius

138 1264 225 1326 Fullo
241 1264 275 1338 Q.
290 1265 395 1325 Aelius
409 1265 539 1339 Tubero,
561 1264 649 1325 cuius
664 1266 732 1341 lege
748 1265 964 1328 deducebatur.
992 1268 1047 1327 tria
1062 1268 1102 1328 mi

139 1348 179 1409 tia
198 1347 335 1423 peditum
356 1349 434 1422 iere,
457 1347 584 1409 trecenti
597 1348 732 1424 equites,
754 1365 899 1413 numerus
914 1351 1044 1425 exiguus
1059 1367 1118 1427 pro

139 1432 230 1506 copia
249 1432 323 1507 agri.
349 1431 415 1495 dari
429 1440 557 1508 potuere
574 1432 690 1493 tricena
703 1433 809 1509 iugera
822 1434 853 1494 in
867 1434 1003 1509 pedites,
1025 1451 1115 1496 sexa·

137 1516 261 1591 genam
275 1517 405 1592 equites.
435 1517 567 1593 Apustio
582 1522 706 1578 auctore
721 1517 809 1578 tertia
823 1534 896 1593 pars
911 1518 976 1593 agri
991 1518 1115 1593 dempta

137 1607 201 1673 est,
224 1617 285 1676 quo
309 1607 434 1676 postea,
460 1602 487 1661 si
511 1601 636 1674 vellent,
663 1616 762 1662 novos
788 1601 916 1662 colonos
938 1600 1117 1661 adscribere

138 1689 273 1758 possent.
306 1685 415 1751 vicena
434 1685 540 1762 iugera
560 1684 697 1761 pedites,
720 1684 918 1759 quadragena
931 1683 1050 1759 equites
1065 1700 1115 1744 ao-

138 1774 293 1840 ceperunt.

219 1852 255 1913 X.
283 1851 317 1911 ln
331 1851 415 1919 exitu
434 1851 495 1917 iam
513 1867 611 1912 annus
626 1855 707 1923 erat,
729 1855 760 1909 et
772 1849 896 1912 ambitio
910 1850 1008 1927 magis
1024 1866 1116 1927 quam

139 1950 282 2010 amquam
302 1935 377 1995 alias
397 1940 556 1995 exarserat
576 1933 791 1995 consularibus
813 1932 953 1998 comitiis.
986 1935 1070 1996 multi
1086 1942 1117 1995 et

137 2023 279 2092 potentes
305 2018 449 2091 petebant
471 2016 590 2092 patricii
610 2018 799 2094 plebeiique,
826 2018 860 2077 P.
883 2019 1039 2081 cornelius
1062 2018 1115 2079 Cn.

136 2100 218 2160 filius
233 2099 347 2174 Scipio,
370 2100 422 2174 qui
437 2115 476 2162 ex
489 2100 638 2174 Hispania
652 2100 811 2173 provincia
825 2117 924 2176 nuper
938 2103 1116 2163 decesserat

136 2183 256 2256 magnis
267 2182 360 2243 rebus
372 2183 476 2257 gestis,
492 2189 523 2242 et
532 2183 565 2242 L.
579 2182 736 2256 Quinctius
747 2182 942 2257 Flamininus,
959 2185 1011 2261 qui
1023 2184 1116 2244 classi

136 2266 165 2325 in
183 2265 311 2330 Graecia
329 2267 519 2341 praefuerat,
541 2273 571 2328 et
591 2266 642 2327 Cn.
657 2265 787 2326 Manlius
801 2268 925 2338 ,Vulsoa
947 2269 967 2327 ii
986 2267 1115 2342 patricii,

136 2350 247 2426 plebeii
258 2357 358 2412 autern
369 2350 400 2412 C.
412 2349 543 2423 Laelius,
555 2349 607 2411 Cn.
619 2349 778 2425 Domitius,
792 2349 823 2410 0.
835 2350 939 2412 Livius
952 2351 1114 2425 Salinator,

135 2431 184 2494 lu.
195 2434 322 2497 Acilius.
342 2435 400 2496 sed
414 2435 549 2496 omnium
563 2434 644 2496 oculi
655 2433 686 2493 in
698 2433 868 2507 Quinctium
881 2433 1115 2511 Corneliumque

135 2518 280 2580 contectae
308 2536 377 2580 nam
398 2518 473 2579 etin
490 2535 584 2581 unum
604 2520 706 2579 locum
722 2518 865 2593 petebant
881 2519 972 2580 ambo
987 2519 1114 2595 patricii,

134 2608 166 2662 et
178 2601 223 2662 rei
236 2603 373 2664 militaris
387 2604 485 2678 gloria
498 2619 607 2664 recens
620 2609 785 2677 utrumque
799 2604 1042 2665 commendabat
1064 2618 1114 2663 ce-

136 2692 233 2746 terum
252 2693 322 2747 ante
337 2686 439 2748 onmia
453 2695 605 2748 certamen
620 2686 831 2748 accendebant
844 2687 954 2748 tratres
968 2686 1114 2748 candida-

135 2775 250 2841 torum,
275 2768 337 2830 duo
362 2769 523 2829 clarissimi
546 2769 654 2830 aetatis
675 2785 751 2829 suae
770 2769 981 2845 imperatores.
1016 2769 1115 2831 maior

134 2850 233 2927 gloria
246 2851 277 2911 in
291 2851 323 2912 P.
339 2851 494 2928 Scipione,
510 2860 540 2913 et
554 2869 616 2928 quo
631 2852 743 2926 maior,
755 2868 793 2913 eo
808 2855 936 2930 propior
950 2854 1113 2923 invidiam;

134 2935 265 3010 Quinctii
279 2935 446 3009 recentior,
466 2942 499 2997 ut
514 2936 618 3011 quieo
632 2952 714 2997 anno
729 2935 955 3012 triumphasset
983 2937 1112 3000 aecede-

125 3021 186 3081 bot
206 3019 292 3096 quod
311 3021 387 3080 alter
411 3019 562 3081 decimum
582 3020 642 3079 iam
662 3034 761 3095 prope
780 3036 892 3081 annum
913 3022 1062 3083 adsiduus
1083 3020 1114 3080 in
1161 3019 1164 3023 ’

134 3103 232 3165 oculis
246 3103 403 3165 hominum
417 3105 522 3179 luerat,
538 3119 683 3180 quaeres
699 3104 799 3165 minus
813 3106 968 3166 verendos
983 3121 1113 3182 magnos

134 3186 273 3249 homines
287 3188 357 3263 ipsa
371 3187 510 3249 satietate
524 3188 612 3258 lacit;
634 3190 743 3250 consul
758 3189 866 3251 iterum
877 3196 950 3265 post
961 3190 1112 3251 devictum

134 3269 333 3333 Hannibalem
348 3287 522 3348 censorque
536 3273 648 3333 luerat:
667 3272 697 3332 in
714 3273 852 3347 Quinctio
868 3290 950 3336 nova
964 3281 994 3334 et
1007 3288 1113 3333 recen-

135 3352 176 3413 tia
194 3355 296 3415 omuia
315 3357 356 3416 ad
374 3356 502 3431 gratiam
523 3361 625 3425 erant;
651 3356 723 3415 nihil
745 3372 803 3418 nco
819 3358 981 3432 petierata
996 3356 1114 3433 populo

136 3443 207 3512 post
225 3438 410 3514 triumphum
430 3455 487 3500 nec
510 3440 640 3514 adeptus
661 3445 734 3500 erat
766 3456 823 3516 pro
845 3441 936 3501 tratre
957 3453 1115 3514 germano,
