2600 4000
213 259 276 324 284
345 258 462 319 LIBER
474 258 622 318 XXXVII.
644 256 728 317 CAP.
743 265 787 321 ab.
798 262 843 321 at.
866 256 904 332 [a.
916 260 951 316 U.
963 279 988 315 c.
998 260 1062 328 56³]

211 409 443 484 Hellespontum
464 407 635 482 proiectum
655 406 803 467 audierat
832 406 949 481 aliquid
963 406 1054 468 etiam
1068 406 1202 471 inflabat

212 493 332 555 animos
347 491 458 552 classis
470 489 592 551 Rhodia
606 490 645 549 ad
661 488 786 551 Samum
803 506 860 566 per
874 490 1071 551 occasionem
1084 493 1202 553 lraude

213 584 427 654 praeparatam
439 574 610 649 absumpta.
632 573 681 634 ltis
693 574 797 647 lretus,
808 573 1000 652 Polyxenida
1011 589 1081 636 oum
1093 576 1202 636 classe

211 662 252 723 ad
271 659 479 736 temptandam
499 656 581 719 omni
605 657 699 718 modo
720 657 892 718 certaminis
914 656 1066 718 lortunam
1085 658 1201 732 misso,

210 747 281 822 ipse
300 743 409 819 copias
428 743 469 803 ad
482 741 603 803 Notium
624 741 719 801 ducit.
750 740 782 802 id
797 739 946 816 oppidum
960 740 1201 817 Colophonium,

211 826 288 891 mari
301 825 472 897 imminens,
489 826 606 886 abesto
619 823 914 901 vetereColophone
928 824 990 886 duo
1005 825 1103 886 lerme
1113 825 1201 886 milia

211 927 370 990 passuum.
403 918 434 971 et
446 910 546 986 ipsam
562 909 670 969 urbem
690 922 766 970 suae
787 906 949 984 potestatis
969 923 1042 969 esse
1061 910 1199 983 volebat,

211 997 290 1058 adeo
311 994 518 1071 propinquam
531 993 674 1069 Epheso,
696 999 730 1054 ut
749 991 822 1051 nibil
842 997 924 1052 terra
942 992 1059 1052 marive
1079 1002 1198 1068 ageret,

214 1079 299 1155 quod
324 1095 387 1140 non
413 1078 583 1138 subiectum
603 1077 702 1137 oculis
723 1075 983 1151 Colophoniorum
1003 1092 1041 1136 ac
1063 1091 1120 1153 per
1139 1091 1201 1137 eos

212 1170 316 1223 notum
337 1162 491 1237 extemplo
511 1161 659 1223 Romanis
684 1167 782 1233 esset,
809 1176 888 1234 quos
908 1159 1012 1220 audita
1032 1158 1201 1222 obsidione

212 1263 274 1307 non
289 1245 448 1306 dubitabat
468 1246 509 1306 ad
523 1261 614 1321 opem
635 1245 739 1306 sociae
753 1243 821 1305 urbi
836 1242 993 1304 larundam
1007 1245 1141 1304 classem
1156 1244 1201 1304 ab

213 1329 305 1391 Samo
320 1336 472 1390 moturos:
495 1345 563 1389 eam
579 1329 775 1390 occasionem
784 1327 995 1406 Polyxenidae
1008 1328 1048 1387 ad
1062 1343 1129 1396 rem
1141 1342 1198 1402 ge

214 1412 342 1474 rendam
352 1412 429 1474 lore.
444 1413 536 1487 igitur
546 1411 693 1488 operibus
705 1426 887 1487 oppugnare
898 1410 1004 1471 urbem
1015 1411 1198 1486 adgressus,

214 1497 255 1558 ad
269 1512 351 1556 mare
373 1496 510 1572 partibus
531 1495 651 1556 duabus
673 1497 788 1572 pariter
804 1493 1023 1557 munitionibus
1044 1495 1198 1569 deductis,

213 1582 366 1656 utrimque
378 1581 486 1641 vineas
500 1588 532 1641 et
545 1596 689 1656 aggerem
703 1595 790 1640 muro
805 1578 935 1640 iniunxit
945 1585 976 1639 et
988 1577 1198 1639 testudinibus

214 1667 324 1726 arietes
342 1666 485 1726 admovit.
520 1664 631 1740 quibus
646 1662 742 1724 territi
756 1664 844 1724 malis
860 1661 1041 1739 colophonii
1055 1669 1214 1723 oratores-

215 1749 339 1811 Samum
361 1751 402 1810 ad
415 1749 449 1809 L.
463 1746 641 1819 Aemilium,
664 1748 756 1808 iidem
778 1747 929 1822 praetoris
949 1746 1120 1823 populique
1133 1747 1198 1807 Ro·

214 1833 296 1895 mani
322 1834 535 1909 implorantes,
561 1830 717 1892 miserunt.
753 1831 915 1892 Aemilium
935 1838 966 1891 et
986 1830 1070 1891 Sami
1089 1831 1198 1904 segnis

216 1917 268 1977 diu
282 1933 369 1978 mora
390 1916 582 1990 offendebat,
604 1916 678 1976 nihil
692 1916 792 1976 minus
807 1914 983 1991 opinantem
998 1928 1090 1991 quam
1103 1912 1195 1991 Poly·

214 2001 358 2062 xenidam
372 2001 421 2062 bis
436 2002 622 2079 nequiquam
635 2002 675 2063 ab
690 2018 725 2063 se
735 2007 935 2080 provocatum
947 2004 1129 2077 potestatem
1140 2015 1197 2074 pn-

215 2101 295 2160 gnae
314 2086 464 2147 iacturum
485 2103 571 2158 esse;
597 2094 627 2147 et
642 2094 729 2163 turpe
749 2084 943 2146 existimabat
955 2082 1101 2145 Eumenis
1118 2084 1198 2144 clas-

216 2185 281 2231 sem
296 2169 442 2232 adiuvare
456 2172 613 2233 consulem
627 2172 669 2231 ad
681 2169 865 2232 traiciendas
879 2169 910 2229 in
924 2169 1031 2231 Asiam
1046 2166 1200 2242 legiones,

217 2269 252 2314 se
266 2254 454 2331 Colophonis
470 2255 621 2318 obsessae
635 2256 764 2330 auxilio,
779 2255 924 2314 incertam
939 2253 1032 2313 linem
1045 2250 1199 2324 habituro,

216 2338 355 2414 adligari.
388 2340 545 2400 Eudamus
565 2338 721 2413 Rhodius,
744 2339 797 2413 qui
817 2343 1005 2398 attenuarat
1024 2351 1092 2397 enm
1115 2333 1200 2394 Sami

216 2423 389 2498 cupientem
409 2422 566 2498 proticisci
586 2424 616 2481 in
630 2422 878 2498 Hellespontum,
900 2421 1062 2496 cunctique
1083 2420 1200 2479 instare

216 2511 246 2564 et
260 2505 363 2565 dicere
379 2511 493 2580 quanto
508 2507 604 2565 satius
616 2520 688 2565 esse
698 2507 749 2566 vel
761 2506 865 2568 socios
878 2505 1041 2566 obsidione
1051 2503 1200 2575 eximere,

215 2589 265 2646 vel
281 2587 391 2647 victam
405 2587 467 2648 iam
481 2589 576 2648 semel
589 2589 720 2648 classem
733 2588 976 2650 iterumvincere
987 2594 1123 2648 ettotam
1135 2601 1200 2645 ma·

214 2670 258 2729 ris
274 2670 508 2745 possessionem
522 2671 604 2732 hosti
618 2671 747 2747 eripere,
764 2690 856 2749 quam
872 2671 1003 2733 desertis
1018 2670 1122 2743 sociis,
1138 2676 1201 2728 tra-

216 2753 279 2813 dita
298 2753 450 2815 Antiocho
471 2756 549 2815 Asia
567 2762 649 2816 terra
668 2756 807 2832 marique
826 2758 857 2817 in
876 2757 1125 2830 Hellespontum,
1145 2750 1201 2812 ubi

216 2837 292 2897 satis
308 2847 392 2900 esset
405 2838 551 2901 Eumenis
566 2839 692 2914 elassis,
714 2840 752 2901 ab
768 2857 826 2901 sua
840 2847 927 2915 parte
940 2839 1012 2900 belli
1026 2837 1201 2899 discedere.

215 2920 336 2982 XXVII.
359 2924 489 2999 prolecti
509 2925 548 2985 ab
564 2923 656 2985 Samo
677 2925 883 2999 adpetendos
898 2930 1101 2995 commeatus,
1124 2935 1201 2979 oon-

216 3006 345 3080 sumptis
367 3007 426 3068 iam
448 3008 604 3082 omnibus,
627 3007 735 3068 Chium
750 3008 899 3082 parabant
912 3006 1052 3067 traicere.
1086 3003 1117 3064 id
1133 3010 1202 3063 erat

215 3088 359 3151 horreum
373 3092 535 3166 Romanis,
557 3106 659 3167 eoque
680 3106 787 3152 omnes
802 3107 842 3150 ex
856 3091 941 3151 Italia
957 3091 1073 3151 missae
1089 3103 1201 3148 onera-

214 3172 279 3233 riae
299 3174 471 3249 dirigebant
492 3192 625 3237 cursum.
660 3175 853 3236 circumvecti
875 3174 914 3236 ab
934 3173 1012 3234 urbe
1032 3173 1072 3234 ad
1087 3186 1203 3232 aversa

215 3254 334 3318 insulae
345 3291 388 3303 -
401 3260 521 3321 obiecta
542 3257 678 3336 aquiloni
692 3261 732 3320 ad
748 3258 853 3319 Chium
868 3265 899 3319 et
910 3257 1059 3336 Erythras
1075 3264 1203 3317 sunt-

215 3355 284 3401 oum
299 3349 444 3417 pararent
458 3344 602 3416 traicere,
621 3342 727 3405 litteris
747 3342 858 3403 certior
870 3343 904 3403 fit
918 3347 1042 3417 praetor
1057 3336 1201 3402 lrumenti

217 3423 276 3484 vim
296 3441 437 3500 magnam
461 3426 567 3487 Chium
589 3443 629 3487 ex
647 3428 733 3487 Italia
751 3427 891 3501 venisse,
916 3426 1019 3485 vinum
1042 3431 1202 3500 portantes

215 3525 311 3570 naves
340 3511 572 3586 tempestatibus
600 3517 735 3572 retentas
760 3525 841 3571 esse.
877 3510 967 3570 simul
992 3510 1125 3569 adlatum
1153 3511 1202 3566 est
