2600 4000
219 248 262 310 32
374 247 490 309 llsslllt
500 247 604 308 XXXI.
629 245 712 307 CAP-
724 254 767 308 36.
779 253 823 308 37.
847 247 883 323 [ιι.
895 251 929 304 U.
942 267 965 302 c.
978 251 1042 317 552]

218 402 319 479 copiis
334 400 471 476 equitum
485 397 626 474 levisque
640 406 810 458 armaturae
827 405 1021 474 pugnaturus
1034 414 1093 460 rex
1105 409 1201 476 essct,

218 494 310 547 nocte
331 491 500 557 caetratos,
523 498 603 559 quos
623 483 772 558 peltastas
787 490 913 555 vocant,
934 485 1006 545 loco
1022 491 1200 559 opportuno

217 570 295 632 inter
320 569 392 629 bina
418 574 520 628 castra
539 568 570 626 in
591 565 711 626 insidiis
736 565 910 639 abdiderat,
935 576 1201 643 praeceperatque

216 654 433 728 Athenagorae
448 659 478 713 et
491 650 654 726 equitibus,
668 657 709 724 ut,
725 649 753 709 si
766 657 873 725 aperto
884 651 1003 726 proelio
1015 651 1201 727 procederet

215 756 276 811 res,
291 742 447 799 uterentur
461 738 598 809 fortuna,
618 733 770 806 siminus,
786 733 926 794 cedendo
941 735 1057 794 sensim
1071 736 1111 795 ad
1124 736 1199 796 insi·

217 824 337 882 diarum
357 822 459 881 locum
473 819 593 879 hostem
608 817 828 893 pertraherent.
861 825 892 879 et
905 818 1058 893 equitatus
1073 820 1200 894 quidem

217 905 326 967 cessit:
355 905 452 963 duces
478 908 630 962 caetratae
655 900 806 977 cohortis,
830 918 894 963 non
920 903 995 963 satis
1016 910 1199 978 exspectato

217 991 316 1064 signo,
332 996 402 1047 ante
415 992 538 1061 tempus
552 985 691 1046 excitatis
707 986 773 1046 suis
787 986 984 1048 occasionem
994 986 1074 1047 bene
1089 1002 1198 1062 geren·

124 1062 131 1077 ‘
217 1075 276 1134 dae
290 1071 335 1131 rei
346 1069 486 1130 amisere.
507 1071 666 1130 Romanus
678 1076 708 1129 et
718 1076 824 1144 aperto
835 1071 953 1145 proelio
967 1070 1064 1131 victor
1075 1078 1198 1133 eltutus

217 1173 235 1216 a
250 1155 358 1216 fraude
372 1154 552 1216 insidiarum
566 1153 597 1213 in
613 1160 714 1223 castra
727 1168 800 1213 sese
814 1154 941 1229 recepit.

302 1239 428 1299 Postero
449 1238 499 1297 die
514 1239 623 1300 consul
638 1237 780 1298 omnibus
795 1237 894 1312 copiis
909 1237 940 1297 in
954 1239 1052 1298 aciem
1065 1238 1196 1301 descen·
1296 1270 1297 1275 κ

216 1325 259 1384 dit
273 1329 343 1383 ante
362 1322 462 1397 prima
481 1322 570 1396 signa
586 1321 695 1381 locatis
717 1321 903 1398 elephantis;
928 1338 990 1398 quo
1004 1322 1119 1384 auxilio
1133 1331 1197 1384 tum

214 1408 346 1484 primum
360 1406 504 1480 Romani,
529 1405 601 1480 quia
622 1413 732 1481 captos
747 1406 863 1481 aliquot
876 1406 957 1466 bello
971 1405 1087 1468 Punico
1101 1407 1197 1468 haba-

216 1494 297 1565 bant‚
311 1491 361 1550 usi
375 1496 456 1551 sunt.
487 1488 540 1549 ubi
553 1490 696 1550 latentem
709 1489 788 1549 intra
801 1491 915 1550 vallum
928 1489 1049 1550 hostem
1065 1491 1149 1566 vidit,
1163 1493 1196 1552 in

214 1576 349 1637 tumulos
366 1588 491 1650 quoque
506 1589 543 1632 ac
558 1573 617 1634 sub
632 1573 732 1648 ipsum
747 1575 860 1633 vallum
874 1575 1066 1649 exprobrans
1081 1583 1196 1637 metum

214 1658 374 1721 successit.
407 1664 573 1734 postquam
592 1672 631 1716 ne
650 1663 715 1717 tum
736 1656 860 1732 quidem
877 1665 1016 1732 potestas
1037 1660 1196 1741 pugnandi

215 1744 359 1819 dabatur,
382 1743 454 1819 quia
468 1757 509 1801 ex
521 1748 583 1801 tarn
600 1741 783 1817 propinquis
798 1741 917 1802 stativis
932 1758 1042 1818 parum
1056 1747 1119 1804 tuta
1133 1745 1194 1804 fru-

213 1828 357 1888 mentatio
381 1832 461 1901 erat,
482 1826 642 1900 dispersos
663 1824 772 1886 milites
793 1841 850 1901 per
863 1841 956 1900 agros
971 1825 1126 1902 equitibus
1139 1842 1182 1886 ex

213 1912 327 1985 templo
342 1909 504 1982 invasuris‚
521 1914 591 1970 octo
607 1911 672 1969 fere
686 1909 758 1970 inde
772 1910 862 1984 milia,
877 1910 1039 1970 intervallo
1052 1911 1195 1971 tutiorem

214 1993 477 2055 frumentationem
498 1991 672 2069 habiturus,
694 2001 795 2054 castra
809 1994 850 2054 ad
864 1992 1037 2057 Ottolobum
1047 2027 1091 2041 -
1102 1994 1134 2055 id
1147 2002 1196 2056 est

214 2081 284 2140 loco
299 2093 411 2140 nornen
423 2110 467 2124 -
479 2078 581 2139 movit.
618 2094 686 2138 cum
702 2078 732 2138 in
747 2079 924 2155 propinquo
939 2094 1014 2154 agro
1029 2079 1195 2140 frumenta-

213 2171 318 2224 rentur
337 2163 482 2237 Romani,
503 2162 603 2238 primo
623 2178 680 2223 rex
700 2161 779 2223 intra
798 2164 913 2224 vallum
932 2178 1008 2223 suos
1029 2162 1139 2237 tenurit,
1162 2169 1194 2224 ut

213 2254 366 2309 cresceret
390 2247 481 2310 simul
508 2254 538 2307 et
556 2247 750 2322 neglegentia
776 2262 845 2308 omn
869 2247 1000 2307 audacia
1019 2246 1109 2308 hosti.
1141 2247 1195 2307 ubi

213 2332 331 2394 effusos
346 2332 436 2406 vidit,
459 2347 526 2392 omn
543 2331 625 2392 omni
640 2332 776 2406 equitatu
790 2337 821 2391 ct
835 2331 1025 2392 cretensium
1038 2330 1193 2393 auxiliari-

214 2416 286 2491 bus‚
303 2422 450 2491 quantum
464 2415 597 2489 equitem
611 2414 798 2474 velocissimi
812 2415 934 2490 pedites
949 2430 1044 2476 cursu
1058 2430 1194 2490 aequare

212 2505 369 2575 poterant,
393 2498 483 2558 citato
499 2498 657 2571 profectus
671 2497 790 2571 agmine
805 2498 883 2561 inter
898 2506 999 2559 castra
1010 2501 1150 2560 Romana
1164 2508 1195 2561 et

212 2583 446 2641 frumentatores
472 2579 627 2641 constituit
651 2578 749 2655 signa.
781 2581 853 2643 inde
874 2583 972 2660 copiis
994 2584 1103 2644 divisis
1121 2599 1192 2658 por-

212 2673 271 2725 tem
297 2665 337 2724 ad
359 2664 585 2725 consectandos
610 2679 709 2737 vagos
734 2666 968 2728 frumentatores
993 2667 1095 2729 emisit
1119 2667 1192 2729 dato

212 2747 312 2824 signo,
327 2764 367 2809 ne
383 2763 473 2823 quern
487 2747 591 2808 vivum
604 2748 827 2825 relinquerent;
850 2768 920 2812 cum
933 2757 1021 2826 parte
1035 2753 1105 2828 ipsc
1119 2750 1193 2811 sub-

212 2833 297 2910 stitit,
323 2832 494 2912 itineraqne
515 2833 626 2908 quibus
646 2832 688 2892 ad
713 2842 815 2894 castra
834 2834 989 2896 recursuri
1011 2835 1194 2897 videbantur

211 2918 317 2978 hostes
341 2917 471 2978 obsedit.
506 2917 566 2977 iam
585 2916 704 2993 passim
728 2919 841 2979 caedes
862 2935 899 2980 ac
919 2920 992 2994 fuga
1015 2927 1094 2995 erat,
1120 2933 1191 2979 nec-

212 3002 284 3061 dum
306 3001 470 3078 quisquam
491 3001 520 3061 in
543 3008 644 3063 castra
663 3004 804 3064 Romana
823 3004 946 3064 nuntius
968 3004 1066 3064 cladis
1081 3011 1191 3079 perve-

211 3093 311 3160 nerat,
334 3087 406 3160 quia
426 3084 612 3162 refugientes
633 3087 664 3146 in
681 3087 797 3162 regiam
817 3088 980 3149 stationem
999 3087 1192 3158 incidebant3

211 3179 243 3231 et
255 3171 360 3245 plures
382 3171 421 3231 ab
441 3170 654 3231 obsidentibus
674 3172 742 3232 vias
763 3187 855 3247 quam
876 3172 915 3233 ab
929 3171 1051 3233 emissis
1066 3172 1107 3232 ad
1121 3186 1192 3232 cae·

211 3254 281 3314 dem
295 3253 561 3315 interficiebantur.
583 3256 707 3317 tandem
720 3256 799 3316 inter
811 3256 928 3317 medias
939 3256 1074 3319 bostium
1085 3254 1191 3319 statio·

210 3354 267 3399 nes
289 3337 387 3414 elapsi
408 3337 532 3415 quidam
551 3338 662 3416 trepidi
682 3342 842 3402 tumultum
855 3343 953 3416 magis
968 3357 1061 3417 quam
1074 3348 1190 3402 certum

210 3424 347 3485 nundum
374 3424 539 3485 intulerunt
568 3422 686 3485 castris.
720 3425 868 3486 XXXVII.
897 3427 1006 3488 consul
1033 3424 1191 3501 equitibus

209 3510 312 3585 iussis,
330 3526 391 3588 qua
406 3509 538 3586 quisque
552 3519 669 3586 posset,
686 3525 777 3586 opem
790 3510 871 3569 ferre
885 3509 1105 3586 laborantibus,
1119 3509 1191 3586 ipse
1296 3523 1297 3526 ’
