2600 4000
285 240 401 301 LIBER
414 241 519 303 xlllll.
542 242 699 305 cneco.
713 235 746 306 7(
762 247 918 316 [acaum
1075 245 1093 301 a

117 391 292 468 Aureliique
312 392 411 453 lectae
433 399 464 451 et
477 392 569 466 legati
582 392 817 454 Atheniensium
831 392 934 453 auditi.
965 400 1091 456 senatus

114 476 183 536 inde
204 476 377 536 consultum
399 475 512 536 lactum
536 482 597 550 est,
618 483 652 537 ut
671 475 766 536 sociis
786 475 901 549 gratiae
922 484 1091 553 agerentur,

114 559 195 634 qnod
210 559 264 619 diu
277 556 431 619 sollicitati
442 574 482 619 ne
493 557 664 620 obsidionis
680 558 805 634 quidem
815 564 897 617 metu
910 558 973 618 hdo
984 560 1091 622 deces-

114 643 236 703 sissent
259 642 299 702 de
313 641 427 703 auxilio
442 642 588 704 mittendo
602 648 666 703 turn
680 640 865 716 responderi
875 642 1008 716 placere,
1024 659 1092 705 cum

113 727 257 787 eonsules
278 724 455 800 provincius
477 726 575 787 sortiti
597 733 718 799 esseut,
739 730 832 801 atque
853 722 881 784 is
897 726 1021 798 consul,
1044 727 1092 786 cui

111 806 292 870 Macedonia
313 807 473 884 provincia
490 809 663 882 evenisset,
685 808 727 869 ad
739 809 890 885 populum
905 808 1037 882 tulisset,
1060 814 1094 869 ut

110 888 250 970 Phiiippo
265 892 331 966 regi
343 891 548 952 Macedonum
563 891 749 953 indiceretur
761 892 884 953 bellum.

187 977 242 1036 VI.
264 974 296 1035 P.
313 973 449 1050 Sulpicio
465 975 624 1050 provincia
638 974 819 1036 Macedonia
833 975 908 1037 sorti
924 975 1034 1050 evenit,
1050 975 1090 1035 is·

108 1074 167 1133 que
191 1056 384 1135 rogationem
409 1059 628 1135 promulgavit,
654 1060 766 1120 vellent
789 1059 928 1119 iuberent
950 1058 1090 1134 Philippo

110 1142 168 1216 tegi
181 1141 486 1217 Macedonibusque,
509 1143 561 1218 qui
576 1142 635 1204 sub
650 1158 750 1217 reguo
774 1143 841 1202 eius
857 1150 972 1217 essent,
988 1141 1028 1203 oh
1043 1145 1088 1203 in·

108 1225 199 1287 furias
218 1241 370 1302 armaque
390 1224 473 1286 illata
486 1226 581 1285 sociis
595 1226 702 1301 populi
716 1227 844 1287 Romani
859 1225 971 1285 bellum
985 1226 1087 1286 indici.

106 1306 187 1368 elteri
202 1310 369 1369 consulum
383 1308 509 1368 Aurelio
523 1309 607 1370 Italia
618 1309 778 1384 provincia
789 1309 904 1384 obtigit.
927 1316 1086 1385 praetores

106 1391 214 1452 exinde
232 1390 330 1453 sortiti
349 1397 434 1466 sunt,
458 1391 487 1451 c.
504 1391 629 1468 Sergius
643 1393 774 1453 Plancus
790 1394 947 1466 urbanam,
970 1393 1004 1466 Q.
1017 1392 1087 1453 Ful·

106 1473 170 1535 vius
186 1476 267 1536 Gillo
283 1473 426 1549 Siciliam,
441 1474 474 1549 Q.
489 1475 642 1537 Minucius
657 1478 756 1537 Rulus
770 1476 915 1549 Bruttios,
930 1477 964 1536 L.
974 1477 1086 1538 Furius

106 1553 254 1633 Purpurio
277 1558 412 1619 Galliam.
446 1560 566 1635 rogatio
592 1561 631 1620 de
651 1560 733 1620 bello
753 1560 954 1621 Macedonico
980 1558 1087 1636 primis

105 1641 236 1703 comitiis
257 1642 297 1702 ab
325 1641 467 1704 omnibus
492 1643 588 1704 ferme
616 1644 762 1704 centuriis
787 1644 945 1719 antiquata
970 1650 1026 1704 est.
1055 1644 1087 1703 id

106 1735 172 1784 cum
186 1725 265 1786 lessi
287 1725 481 1788 diuturnitate
495 1733 526 1787 et
538 1727 688 1803 gravitate
702 1727 773 1787 belli
788 1742 847 1786 sua
861 1734 972 1801 sponte
989 1726 1084 1787 homi·

105 1820 156 1866 nes
183 1807 287 1869 taedio
317 1808 523 1882 periculorum
552 1811 754 1886 laborumque
780 1812 931 1884 fecerant,
961 1815 1023 1870 turn
1052 1810 1085 1883 Q.

105 1886 236 1978 baebius
250 1893 388 1953 tribunus
403 1892 514 1969 plebis,
528 1895 608 1955 mum
622 1894 779 1968 antiquam
792 1893 969 1955 criminandi
980 1901 1085 1970 patres

104 1985 280 2050 ingressus,
301 1976 496 2038 incusaverat
514 1977 596 2038 bella
617 1995 657 2039 ex
670 1978 759 2039 bellis
776 1976 853 2054 seri,
875 1994 913 2040 ne
927 1994 1005 2055 pace
1020 1994 1077 2039 um

105 2071 196 2129 quam
208 2061 267 2121 frui
277 2060 366 2134 plebs
377 2067 496 2135 posset.
518 2076 611 2135 aegre
622 2077 689 2120 eam
701 2077 766 2121 rem
778 2063 864 2136 passi
876 2070 991 2138 patres,
1003 2064 1083 2123 lace·

106 2145 252 2216 ratusque
273 2141 395 2215 probris
415 2142 447 2200 in
462 2149 571 2201 senatu
589 2143 730 2201 tribunus
745 2144 863 2216 plebis;
882 2153 913 2205 et
927 2146 1085 2204 consulem

101 2233 218 2294 prose
239 2222 371 2297 quisque
391 2223 522 2296 hortari,
542 2230 575 2285 ut
597 2225 637 2282 de
658 2224 775 2298 integro
791 2225 913 2287 comitia
933 2227 1084 2301 rogationi

104 2302 251 2365 terendae
270 2305 418 2378 ediceret,
441 2304 667 2382 castigaretque
687 2307 847 2382 segnitiam
865 2310 972 2385 populi
994 2316 1086 2385 atque

105 2386 255 2464 edoceret,
265 2397 378 2465 quanto
392 2391 503 2452 damno
515 2390 725 2467 dedecorique
737 2391 840 2455 dilatio
852 2409 890 2453 ea
901 2394 973 2455 belli
984 2394 1084 2454 lutura

106 2479 196 2534 esset
224 2473 290 2533 VII.
313 2476 423 2535 consul
437 2474 468 2534 in
483 2490 592 2551 campo
606 2474 716 2537 Martio
735 2477 880 2552 comitiis,
901 2477 1082 2555 priusquam

105 2554 254 2617 centurias
269 2557 300 2617 in
311 2557 491 2634 suffragium
501 2560 640 2635 mitteret,
656 2560 799 2622 contione
810 2562 961 2623 advocata
974 2564 1080 2639 „igno-

105 2644 189 2699 rare“
203 2640 303 2717 inquit
322 2640 417 2714 „mihi
430 2642 591 2718 videmini,
612 2643 758 2718 Quirites,
777 2661 839 2707 nou
857 2655 955 2707 utrum
968 2646 1079 2706 bellum

106 2731 142 2779 un
155 2738 264 2797 pacem
285 2724 424 2785 habeatis
438 2741 496 2787 vos
513 2726 632 2790 consuli
645 2762 683 2773 -
695 2743 798 2805 neque
812 2730 892 2789 enim
905 2728 1033 2789 liberum
1048 2730 1081 2789 id

106 2804 191 2867 robis
205 2806 365 2883 Philippus
386 2810 554 2887 permittet,
575 2811 627 2885 qui
646 2820 728 2873 terra
742 2812 880 2888 marique
893 2810 1002 2888 ingens
1015 2812 1079 2872 bel·

105 2880 163 2947 lum
175 2890 298 2952 molitur
307 2923 364 2967 —-,
378 2892 437 2953 sed
451 2901 551 2955 utrum
565 2895 596 2954 in
606 2895 819 2956 Macedoniam
830 2895 967 2971 legiones
978 2902 1078 2956 trans·

107 2974 244 3063 portetis,
270 2990 310 3036 un
330 2974 438 3037 hostes
459 2977 491 3036 in
512 2976 628 3039 ltaliam
647 2978 816 3055 accipiatis.
852 2980 912 3039 hoc
933 2986 1078 3056 quantum

105 3056 232 3133 tutersit,
258 3058 286 3118 si
306 3074 473 3137 numquam
499 3060 575 3122 alias
595 3062 712 3124 Punico
734 3064 874 3139 proximo
896 3071 978 3125 certe
996 3062 1078 3123 bello

107 3142 218 3213 experti
233 3140 319 3204 estis.
356 3143 425 3220 quis
440 3144 521 3206 enirn
534 3146 665 3222 dubitat,
687 3147 769 3223 quin,
788 3147 815 3208 si
832 3146 1007 3223 Saguntinis
1023 3146 1077 3206 ob·

107 3225 197 3286 sessis
208 3226 364 3302 iidemque
374 3234 510 3290 nostram
519 3228 751 3305 implorantibus
763 3231 891 3305 impigre
901 3232 1077 3293 tulissemus

108 3314 205 3384 ⁰Pem,
225 3311 306 3372 sicut
325 3317 430 3386 patres
453 3313 550 3375 nostri
569 3312 756 3375 Mamertinis
771 3315 915 3388 tulerant,
937 3321 1032 3377 totum
1046 3313 1077 3371 in

107 3380 278 3465 Hispaniam
289 3397 428 3456 aversuri
438 3395 552 3458 bellum
562 3396 719 3471 fuerimus,
729 3398 813 3473 quod
824 3399 995 3459 cunctando
1008 3410 1077 3455 cum

108 3480 218 3536 flumme
238 3478 326 3539 clade
345 3486 451 3564 nostra
470 3479 502 3539 in
516 3480 631 3541 Italiam
651 3480 849 3556 acceptumst
868 3496 906 3539 ne
921 3479 995 3538 illud
1011 3491 1074 3545 qm·
