2600 4000
205 185 268 251 sco
340 180 629 245 usnemun.
652 180 1058 259 cannensem]

205 337 244 396 sd
259 333 367 395 aedem
377 332 523 393 Bellonae
537 331 626 393 datus
641 337 734 403 esset,
748 328 861 407 etipse
874 331 1120 393 commemoratis
1133 349 1182 393 re

206 417 317 479 basah
332 432 367 478 se
384 415 479 492 gestis
493 415 697 492 postulasset,
717 421 752 474 ut
765 413 804 475 oh
819 429 873 475 eas
887 414 946 475 diis
961 413 1184 478 immortalibus

205 501 305 564 honos
319 500 482 561 haberetur
496 499 617 575 sibique
630 498 825 574 triumphanti
835 497 942 559 urbem
953 495 1056 558 invehi
1067 498 1185 570 liceret,

206 584 455 649 contradixerunt
474 598 547 659 pars
567 581 664 643 maior
684 581 791 643 decem
807 582 974 656 legatorum
991 582 1130 656 quicum
1145 599 1185 644 eu

206 672 343 742 inerant,
360 675 391 729 et
411 676 480 728 ante
501 665 576 729 alios
595 664 629 726 L.
643 665 755 726 Furius
769 663 918 740 Purpurio
939 670 970 726 et
982 664 1015 726 L.
1033 666 1186 728 Aemilius
1283 732 1285 735 ,

206 755 327 816 Paulus.
355 750 444 811 xlv.
465 751 582 826 legatos
605 764 678 810 sese
696 749 747 810 cn.
762 748 874 808 Manlio
896 748 986 809 datos
1006 748 1093 825 pacis
1114 764 1187 811 cum

205 836 358 899 Antiocho
374 833 534 895 iaciendas
549 848 658 907 causa,
674 832 872 908 toederisqne
885 833 1001 906 legurm,
1017 846 1186 907 quaecum

206 921 240 982 l..
252 919 397 996 Scipione
411 918 571 979 inchoatae
588 916 727 991 luissent,
742 914 1008 992 perficiendamm.
1030 915 1082 976 Gn.
1096 915 1185 977 lilan-

133 1027 138 1040 ·
205 1005 277 1066 lium
297 1018 416 1064 summa
436 1016 497 1077 ope
516 998 698 1075 tetendisse,
718 1005 753 1061 ut
765 1015 833 1060 eam
851 1013 960 1076 pacem
981 998 1132 1073 turbaret,
1154 1009 1187 1062 et

204 1087 397 1160 Antiochum,
412 1085 440 1147 si
455 1086 504 1147 sui
517 1090 700 1162 potestatem
719 1082 859 1156 lecisset,
873 1081 994 1144 insidiis
1009 1083 1184 1158 exciperets
1217 1081 1220 1088 '

204 1170 261 1231 sed
281 1170 363 1231 illum
385 1169 508 1246 cognita
528 1168 636 1229 fraude
650 1168 802 1242 consulis,
824 1181 894 1228 cum
908 1181 1004 1242 saepe
1019 1166 1185 1242 colloquiis

205 1253 305 1331 petitis
321 1259 461 1328 captatus
477 1259 568 1328 esset,
583 1268 645 1316 non
660 1265 862 1327 congressum
876 1250 969 1311 modo
980 1250 1037 1311 sed
1048 1264 1179 1325 conspe

205 1343 285 1398 ctum
296 1335 387 1396 otiam
398 1336 464 1397 eius
477 1335 601 1396 vitasse.
622 1334 796 1412 cupientem
807 1334 937 1395 transire
945 1335 1078 1395 Taurum
1089 1348 1184 1410 aegre

204 1419 336 1481 omnium
347 1421 514 1494 legatorum
526 1419 680 1493 precihus,
695 1434 735 1480 nc
746 1417 931 1479 carminibus
943 1415 1081 1496 Sibyllae
1092 1432 1184 1492 prae·

203 1502 315 1565 dictam
330 1500 545 1579 superantibus
559 1501 706 1564 terminos
721 1502 821 1563 iatalis
836 1501 953 1562 cladem
969 1499 1103 1577 experiri
1117 1502 1182 1562 vel·

203 1589 258 1663 let,
279 1592 428 1648 retentmn
449 1586 595 1647 admosse
614 1590 715 1646 tamen
734 1585 918 1660 exercitum,
940 1590 971 1646 et
990 1600 1089 1661 prope
1103 1584 1184 1660 ipsis

204 1671 282 1747 iugis
303 1672 344 1733 ad
364 1670 494 1732 divortia
512 1685 661 1746 aquarum
678 1674 780 1730 castra
794 1669 949 1745 posuisse.
984 1685 1054 1730 cum
1064 1667 1185 1733 ibinul-

203 1750 345 1816 lambelli
358 1769 483 1816 causam
504 1753 654 1815 inveniret
673 1752 904 1828 quiescentibus
923 1752 1032 1829 regiis,
1053 1753 1179 1813 circum·

204 1838 307 1914 egisse
321 1839 488 1900 exercitum
502 1839 541 1899 sd
557 1837 790 1911 Gallograecos,
805 1838 855 1898 cui
869 1835 986 1898 undoni
999 1852 1062 1897 non
1077 1851 1118 1896 ex
1132 1851 1181 1896 se·

204 1928 294 1983 natus
307 1922 501 1994 auctoritate,
521 1937 582 1983 non
597 1921 704 1998 populi
718 1920 806 1981 iussu
819 1921 933 1981 bellum
946 1921 1077 1982 illatum:
1097 1920 1182 1996 quod

205 2019 296 2080 quern
310 2021 454 2081 umquam
472 2005 511 2066 de
525 2021 583 2066 sua
597 2005 747 2067 sententia
760 2006 862 2065 iacere
876 2011 1006 2066 nusumt
1037 2003 1182 2066 Antiochi

203 2087 334 2165 Philippi
348 2088 527 2150 Hannibalis
542 2096 573 2150 et
585 2087 757 2151 Poenorum
771 2088 982 2150 recentissima
998 2089 1080 2151 bella
1093 2102 1182 2150 esses

204 2172 244 2233 de
265 2172 406 2233 omnibus
427 2172 475 2233 his
497 2174 672 2234 consultum
690 2179 843 2247 senatum,
870 2174 1019 2248 populum
1039 2172 1183 2245 iussisse,

204 2271 300 2333 saepe
324 2257 442 2332 legatos
463 2255 682 2330 antemissas,
703 2271 753 2315 res
773 2256 928 2331 repetitas,
948 2264 1105 2332 postremo
1128 2254 1183 2332 qui

203 2341 315 2401 bellum
327 2338 497 2402 indicerent
505 2338 626 2401 missos.
650 2336 873 2415 „quideorum
890 2339 942 2400 Cn.
954 2339 1056 2415 Manli,
1068 2342 1183 2401 iactum

204 2431 259 2497 est,
275 2430 309 2485 ut
322 2423 404 2486 istud
418 2421 574 2498 publicum
588 2421 696 2498 populi
706 2422 836 2484 Romani
850 2423 963 2484 bellurn
977 2429 1009 2483 et
1021 2440 1083 2485 non
1094 2429 1182 2484 tuum

205 2506 353 2581 privatum
379 2505 569 2566 latrocinium
596 2506 769 2566 dummust
803 2513 834 2568 at
860 2522 898 2568 eo
922 2506 993 2582 ipso
1019 2514 1181 2570 contentus

204 2586 303 2657 linistis
334 2593 418 2647 recto
441 2587 546 2648 itinere
568 2587 683 2648 dimisti
703 2589 869 2652 exercitum
888 2591 929 2651 ad
948 2605 1004 2652 eos
1026 2606 1106 2666 quos
1127 2588 1182 2650 tibi

203 2669 300 2733 hostis
312 2670 547 2744 desumpseras=
562 2685 600 2732 au
612 2686 669 2748 per
680 2687 787 2733 omnes
798 2676 962 2735 amfractus
973 2673 1100 2748 marum,
1113 2689 1181 2734 cum

203 2755 243 2815 ad
256 2753 338 2815 bivia
359 2753 562 2830 consisteres,
581 2762 616 2817 ut
630 2770 693 2833 quo
708 2754 849 2819 flexisset
861 2772 970 2833 agrame
984 2759 1106 2820 Attalus
1120 2757 1183 2818 Eu·

203 2836 300 2899 menis
322 2837 427 2913 irater,
448 2854 486 2901 eo
506 2841 615 2901 consul
633 2840 862 2902 mercennarius
882 2856 951 2904 cunr
968 2841 1106 2902 exercitu
1119 2841 1182 2902 Ro·

202 2938 294 2983 mano
317 2923 508 2999 sequereris,
527 2921 660 2985 Pisidiae
672 2923 910 3003 Lycaoniaeque
924 2931 954 2985 et
966 2923 1121 3004 Phrygiae
1134 2938 1183 2984 re

203 3020 312 3067 cessus
324 3006 422 3069 omnis
433 3014 526 3081 atque
536 3008 668 3083 anemos
679 3007 857 3083 peragrasti,
870 3008 981 3084 stipem
991 3009 1030 3069 ah
1041 3007 1184 3087 tyrannis

202 3088 439 3167 castellanisque
449 3090 548 3152 devils
560 3089 818 3167 colligenstquid
828 3092 909 3153 enim
919 3093 973 3153 tibi
984 3108 1054 3152 cunr
1064 3090 1183 3153 Orosn·
1287 3118 1295 3129 ι

203 3171 272 3233 dist
287 3171 361 3248 quid
375 3188 445 3234 cum
459 3173 528 3235 nbis
541 3189 641 3251 aeque
652 3174 785 3237 innoxiis
798 3175 941 3253 populis?
954 3176 1068 3237 bellum
1078 3181 1184 3236 autem

209 3262 319 3340 ipsum,
332 3261 744 3341 cuiusnominetriumpbum
754 3264 843 3343 petis,
855 3263 1181 3342 quomodogessistii

209 3348 279 3410 loco
295 3362 407 3423 aequo,
426 3354 566 3424 ternpore
582 3357 635 3411 tuo
649 3350 817 3425 pugnastis
831 3358 867 3412 tu
882 3367 958 3414 vero
974 3359 1060 3411 recte
1072 3357 1106 3409 ut
1117 3348 1179 3409 diis

209 3431 431 3493 immortalibus
442 3431 544 3494 honos
556 3432 705 3494 habeatur
716 3437 867 3506 postulas,
881 3434 1107 3512 primumquod
1119 3448 1179 3506 pro
