2600 4000
279 315 394 377 LIBER
408 315 554 376 XXXVII.
577 315 660 376 cAP.
672 326 697 377 1.
708 324 736 377 2.
758 322 795 389 [a.
809 322 916 390 0.190]
1021 317 1083 382 261

107 473 181 534 citer
195 476 338 547 egerunt,
355 469 511 531 veteribus
525 469 695 530 benefactis
710 484 792 531 nova
808 474 976 545 pensantes
990 472 1083 532 male-

108 555 185 619 bcia.
218 560 351 618 ceterum
375 560 407 614 et
429 560 609 629 praesentes
634 551 922 628 interrogationibus
947 554 1084 630 undique

109 645 298 714 senatorum,
324 637 551 700 contessionem
575 636 673 712 magis
694 651 796 697 noxae
816 651 909 712 quam
929 650 1084 712 responsa

107 722 353 799 exprimentium,
375 720 491 797 fatigati
506 727 591 795 sunt,
612 728 643 781 et
663 720 815 781 excedere
830 719 915 780 curia
928 719 1006 781 iussi
1020 737 1082 781 ma·

106 823 197 883 gnum
213 812 366 867 certamen
381 804 562 881 praebuere.
582 805 654 879 plus
666 804 712 865 ira
722 819 814 880 quam
828 803 1040 865 misericordia
1053 805 1084 865 in

106 906 200 951 causa
225 905 332 951 eorum
356 890 491 964 valebat,
516 888 588 963 quitl
612 904 673 950 non
697 894 732 950 ut
750 886 891 950 hostibus
912 888 1005 949 modo
1026 888 1083 948 sed

104 981 259 1049 tamquam
274 973 439 1034 indomitae
453 980 483 1033 et
496 971 667 1032 insociabili
677 971 760 1047 genti
771 971 1004 1033 succensebant.
1027 988 1084 1047 per

105 1058 220 1134 aliquot
241 1057 308 1118 dies
329 1072 398 1117 cum
419 1061 565 1118 certatum
585 1063 683 1130 esset,
713 1061 869 1132 postremo
894 1071 997 1132 neque
1017 1056 1083 1116 dari

104 1156 206 1217 neque
220 1141 326 1216 negari
340 1155 449 1215 pacem
470 1141 593 1215 placuit.
624 1141 705 1200 duae
726 1138 923 1202 condiciones
944 1140 982 1200 iis
1003 1142 1083 1199 latae

105 1231 190 1287 sunt:
212 1225 262 1285 vel
283 1225 402 1285 senatui
422 1224 550 1284 liberum
571 1223 728 1284 arbitrium
749 1225 788 1284 de
809 1239 844 1283 se
865 1223 1082 1299 permitterent,

105 1310 152 1369 vel
167 1308 249 1368 mille
263 1309 408 1370 talentum
423 1308 531 1368 darent
543 1308 732 1384 eosdemque
747 1308 863 1369 amicos
878 1314 970 1383 atque
984 1306 1081 1368 inimi-

105 1408 159 1454 cos
172 1391 329 1452 haberent.
350 1391 522 1468 exprimere
536 1391 728 1469 cupientibus
741 1407 871 1468 quarum
884 1407 986 1451 rerum
1002 1392 1031 1451 in
1046 1407 1082 1451 se

103 1476 258 1537 arbitrium
273 1475 393 1537 senatui
407 1476 626 1552 permitterent,
647 1475 721 1535 nihil
736 1475 811 1536 certi
824 1491 1009 1552 responsum
1025 1481 1080 1536 est.

104 1560 145 1620 ita
157 1559 269 1619 iniecta
282 1575 361 1636 pace
376 1558 495 1620 dimissi
508 1559 584 1621 urbe
598 1561 708 1621 eodem
723 1560 788 1635 die,
802 1560 889 1620 ltalia
902 1560 980 1619 intra
995 1561 1066 1635 quin

104 1644 202 1703 decim
218 1643 283 1704 dies
298 1645 450 1705 excedere
463 1644 549 1706 iussi.
575 1656 580 1669 ·

185 1726 261 1786 Tum
275 1728 314 1788 de
329 1730 488 1789 consulum
503 1727 670 1805 provinciis
685 1733 828 1800 coeptum
843 1725 891 1799 agi
906 1729 963 1786 est.
991 1723 1081 1786 ambo

104 1810 263 1871 Graeciam
284 1811 456 1888 cupiebant.
484 1814 610 1874 multum
629 1810 751 1870 Laelius
772 1809 802 1868 in
823 1815 932 1868 senatu
952 1813 1080 1883 poterat

102 1895 143 1969 is,
160 1910 229 1955 cum
243 1903 369 1957 senatus
384 1903 436 1956 aut
450 1897 552 1972 sortiri
567 1899 619 1954 aut
633 1907 812 1966 comparare
824 1891 901 1952 inter
912 1906 946 1951 se
958 1892 1081 1965 provin-

102 1978 167 2039 cias
182 1981 327 2040 consuies
343 1979 502 2052 iussisset,
518 1977 687 2052 elegantius
702 1975 838 2037 facturos
854 1976 944 2051 dixit,
963 1974 990 2037 si
1005 1976 1080 2038 iudi-

102 2062 149 2122 cio
164 2067 286 2136 patrum
301 2077 391 2135 quam
407 2062 435 2121 si
454 2062 530 2122 sorti
550 2076 616 2120 eam
637 2075 702 2119 reru
725 2060 947 2134 permisissent.
976 2059 1080 2137 Scipio

101 2158 255 2218 responso
271 2143 386 2203 adhoc
402 2145 490 2218 dato,
516 2144 717 2217 cogitaturum
740 2144 814 2218 qrrid
834 2144 893 2204 sibi
908 2144 1080 2205 laciendum

102 2232 201 2300 esset,
228 2241 296 2286 curn
318 2227 411 2287 fratre
425 2243 486 2288 uno
508 2230 644 2301 locutus,
671 2226 838 2302 iussusque
854 2227 893 2287 ab
908 2243 945 2288 eo
958 2229 1081 2301 permit-

101 2316 166 2370 tere
176 2310 322 2371 audacter
333 2309 461 2382 senatui,
476 2309 629 2371 renuntiat
639 2311 776 2384 collegae
788 2312 937 2372 iacturum
947 2327 983 2371 se
996 2312 1081 2386 quod

4 2380 5 2403 ¹
101 2394 128 2453 is
144 2401 292 2455 censeret.
321 2409 390 2454 cum
403 2409 455 2455 res
470 2402 523 2456 aut
536 2410 619 2455 nova
632 2401 685 2454 aut
703 2401 856 2455 vetustate
870 2397 1080 2470 exemplorum

65 2478 73 2487 s
100 2478 265 2538 memoriae
285 2478 345 2538 iarn
366 2478 506 2540 exoletae
527 2479 624 2539 relata
649 2478 880 2554 exspectatione
907 2480 1079 2540 certaminis

4 2562 5 2589 ¹
99 2568 239 2622 senatum
256 2563 420 2637 erexisset,
446 2562 478 2622 P.
495 2562 599 2638 Scipio
620 2563 785 2623 Africanus
808 2562 897 2637 dixit,
924 2563 951 2623 si
964 2564 998 2622 L.
1016 2562 1079 2624 Sci·

98 2644 183 2721 pioni
197 2646 282 2706 tratri
296 2662 354 2708 suo
369 2646 558 2722 provinciam
574 2646 732 2709 Graeciam
747 2646 971 2720 decrevissent,
988 2663 1023 2708 se
1037 2649 1078 2707 le·

97 2735 201 2803 gotum
220 2730 341 2791 iturum.
373 2730 450 2790 haec
470 2746 533 2790 vox
553 2745 665 2805 magno
685 2731 821 2791 adsensu
842 2731 945 2793 audita
958 2732 1081 2793 sustulit

99 2819 262 2872 certamen.
292 2812 426 2889 experiri
445 2812 574 2885 libebat,
594 2821 696 2874 utrum
718 2815 788 2889 plus
802 2811 869 2887 regi
883 2815 1034 2876 Antiocho
1049 2815 1079 2874 in

96 2895 268 2956 Hannibale
280 2896 361 2958 victo
376 2912 415 2956 an
429 2896 459 2956 in
474 2896 590 2958 victore
601 2896 747 2958 Atricano
760 2898 878 2958 consuli
892 2898 1078 2974 legionibus-

98 2994 160 3055 que
184 2980 332 3042 Romanis
361 2979 465 3040 auxilii
493 2981 587 3050 loret;
619 2996 656 3040 ac
685 2997 785 3056 prope
810 2997 917 3042 omnes
944 2981 1079 3058 Scipioni

97 3063 273 3136 Graeciam,
288 3064 392 3126 Laelio
407 3065 523 3125 ltaliam
537 3065 749 3126 decreverunt.
776 3065 812 3125 ΙΙ.
836 3073 995 3141 praetores
1007 3067 1079 3127 indo

96 3148 273 3222 provincias
300 3148 397 3210 sortiti
424 3156 509 3222 sunt,
534 3149 567 3207 L.
589 3148 814 3211 Aurunculeius
834 3150 998 3224 urbanam,
1025 3150 1077 3211 Gn.

96 3229 221 3294 Fulvius
237 3234 446 3309 peregrinam,
461 3234 494 3292 L.
506 3233 655 3294 Aemilius
665 3235 803 3310 Regillus
819 3236 968 3309 classem,
982 3234 1014 3293 Ρ.
1029 3235 1077 3294 lu-

96 3313 167 3375 nius
180 3316 294 3379 Brutus
307 3318 441 3392 tuscos,
463 3317 504 3378 Μ.
519 3318 651 3380 Tuccius
664 3319 809 3394 Apuliam
829 3325 859 3380 ct
871 3319 1023 3395 Bruttios,
1045 3318 1076 3379 c.

95 3396 218 3461 Atinius
240 3400 383 3462 Siciliam.
415 3402 534 3463 consuli
558 3403 671 3464 deinde
696 3404 745 3464 cui
766 3404 895 3465 Graecia
918 3401 1078 3479 provincia

95 3479 222 3544 decretu
235 3492 308 3560 erat,
323 3486 364 3546 ad
375 3501 445 3547 eum
456 3486 623 3548 exercitum
639 3501 731 3561 quem
743 3487 821 3548 alti’.
833 3488 932 3548 Acilio
943 3517 986 3530 ·-
997 3485 1077 3544 duae

95 3573 199 3629 autem
213 3568 352 3643 legiones
362 3575 453 3630 erant
462 3604 506 3617 -
517 3576 701 3646 accepimus
716 3577 814 3646 esset,
835 3570 866 3630 in
881 3571 1075 3645 supplemen-
