2600 4000
300 252 416 312 LIBER
429 245 563 312 xxxiv.
587 250 670 310 οΑΡ.
685 259 728 314 ea.
751 257 787 325 [a.
801 257 833 309 c.
847 258 908 326 roa]
1028 250 1089 316 175

103 407 249 485 pendere.
268 404 415 480 Emporia
428 413 542 466 vocant
556 420 624 464 eam
638 401 810 479 regionem:
832 421 887 467 ora
900 412 949 467 est
961 408 1088 470 minoris

102 489 213 569 Syrtis,
230 495 261 548 et
275 489 339 563 agri
353 488 474 558 uberis;
495 504 560 550 una
574 487 682 549 civitas
697 487 764 549 eius
774 488 895 565 Leptis:
917 505 955 550 ea
969 491 1090 567 singula

102 571 216 635 indies
232 574 344 632 talenta
357 573 491 647 vectigal
504 570 804 647 Carthaginiensibus
820 571 912 633 dedit.
934 572 1014 635 hano
1026 582 1089 636 tum

101 657 261 733 regionem
274 664 305 717 et
317 662 411 716 totam
422 655 564 716 intestam
574 655 749 728 Masinissa,
765 663 845 717 etex
857 657 989 733 quadam
1002 666 1089 733 parte

102 739 215 802 dubiae
229 739 452 815 possessionis,
468 741 517 800 sui
531 740 617 815 regni
632 756 672 799 an
688 739 980 815 Carthaginiensium
995 752 1088 818 esset,

103 823 258 885 effecerat.
286 830 317 884 et
339 823 412 898 quia
424 824 514 884 simut
528 824 569 884 ad
583 824 746 899 purganda
760 824 887 884 crimina
901 832 932 886 et
945 832 1089 901 questum

103 908 144 969 de
165 923 200 967 se
213 907 343 967 Romam
364 922 419 968 eos
437 907 535 968 ituros
558 908 722 983 comperit,
744 907 796 982 qui
817 914 847 968 et
860 907 911 969 illa
926 915 1090 971 onerarem

104 991 334 1066 suspicionibus
351 998 380 1051 et
395 991 434 1051 de
449 992 515 1051 iure
529 991 723 1065 vectigalium
738 992 953 1068 disceptarent,
969 993 1089 1069 legatos

104 1082 135 1136 ct
147 1075 217 1150 ipse
227 1075 356 1136 Romam
367 1075 462 1135 mittit.
482 1075 575 1134 auditi
587 1075 626 1134 de
635 1074 729 1153 Tyrio
745 1075 864 1135 advena
875 1077 1005 1151 primum
1018 1077 1089 1138 Car-

103 1158 312 1234 thaginienses
333 1173 437 1218 curam
457 1159 591 1219 iniecere
609 1158 763 1233 patribus,
786 1174 825 1218 ne
846 1175 913 1220 oum
934 1161 1087 1226 Antioche

104 1243 194 1304 simul
210 1249 241 1303 et
249 1240 361 1302 Poenis
375 1242 550 1303 bellandum
565 1249 659 1303 esset.
681 1241 813 1302 maxime
827 1259 865 1304 ea
876 1245 1014 1319 suspicio
1031 1245 1088 1305 cri·

103 1342 174 1386 men
189 1325 326 1401 urgebat,
350 1325 434 1401 quod
450 1341 541 1402 quern
557 1341 774 1400 comprensum
788 1326 918 1387 Romam
932 1328 1007 1390 mitti
1024 1329 1088 1404 pla·

105 1410 229 1484 cuisset,
245 1424 303 1469 neo
317 1408 419 1485 ipsum
434 1425 492 1469 neo
506 1424 615 1469 navem
630 1409 697 1470 eius
713 1411 930 1472 custodissent.
959 1412 998 1472 de
1012 1428 1088 1488 agro

104 1493 217 1553 deinde
237 1508 306 1554 cum
327 1493 410 1568 regis
430 1494 539 1569 legatis
561 1493 726 1568 disceptari
748 1500 900 1570 coeptum.
934 1494 1089 1571 Carthagi·

103 1577 229 1637 nienses
255 1577 321 1638 iure
341 1575 447 1637 finium
467 1593 592 1638 causam
613 1577 801 1653 tutabantur,
828 1578 913 1658 quod
932 1578 1011 1638 intra
1033 1594 1089 1638 eos

104 1661 250 1722 terminos
271 1666 369 1733 esset,
389 1662 500 1737 quibus
515 1661 547 1720 P.
563 1660 668 1736 Scipio
688 1661 787 1722 victor
801 1676 923 1736 agrum,
945 1662 997 1736 qui
1012 1660 1089 1721 iuris

105 1749 191 1805 esset
204 1744 512 1820 Carthaginiensium,
528 1745 657 1820 finisset,
672 1752 703 1804 et
717 1745 916 1805 consessione
928 1744 1020 1818 regis,
1038 1761 1090 1820 qur

107 1844 174 1888 cum
189 1827 370 1904 Aphthirem
392 1830 557 1905 profugum
578 1844 618 1888 ex
632 1843 729 1903 regno
746 1842 820 1901 suo,
843 1843 912 1887 cum
928 1834 1015 1902 parte
1028 1828 1089 1887 Nu·

102 1912 252 1972 midamm
263 1919 425 1986 vagantem
437 1913 672 1989 ciroaCyrenas,
686 1918 935 1987 persequeretur,
949 1911 1090 1987 precario

101 1997 142 2057 ab
163 2013 198 2057 se
218 1997 276 2057 iter
295 2012 352 2070 per
372 2011 440 2055 eum
461 1995 564 2069 ipsum
586 2012 691 2070 agrum
717 2003 873 2071 tamquam
894 1995 1091 2057 hauddubie

102 2078 399 2154 Carthaginiensium
419 2078 493 2137 iuris
509 2077 648 2153 petisset.
683 2078 833 2140 Numidae
847 2086 878 2140 et
893 2080 932 2140 de
948 2081 1090 2141 termina·

100 2164 187 2224 tione
201 2159 355 2234 Scipionis
377 2160 497 2219 mentiri
518 2175 575 2220 eos
595 2162 778 2234 arguebant,
801 2163 876 2221 etsi
899 2163 968 2236 quis
984 2179 1091 2223 veram

102 2244 254 2319 originem
268 2242 343 2303 iuris
359 2242 483 2317 exigere
497 2243 603 2318 vellet,
619 2258 711 2320 quem
725 2245 885 2318 proprium
900 2261 1009 2320 agrum
1020 2246 1091 2307 Car-

103 2326 344 2403 thaginiensium
364 2326 394 2386 in
415 2328 520 2387 Africa
540 2334 631 2387 essct
658 2328 803 2399 advenis,
831 2335 978 2404 quantum
1004 2336 1091 2392 scoto

101 2410 194 2474 bovis
206 2417 292 2486 tergo
306 2412 448 2487 amplecti
458 2411 517 2472 loci
530 2411 692 2487 potuerint,
707 2419 823 2473 tantum
835 2412 876 2472 ad
887 2413 995 2474 urbem
1008 2429 1091 2474 oom-

103 2491 301 2557 n'runiendam
329 2496 470 2571 precario
499 2496 611 2557 datum.
647 2495 799 2572 quidquid
823 2497 954 2558 Bursam
983 2496 1091 2557 sedem

104 2596 192 2641 suam
207 2580 407 2655 excesserint,
422 2580 452 2639 vi
468 2586 560 2655 atque
574 2580 686 2639 iniuria
700 2587 821 2655 partum
835 2579 958 2642 habere.
988 2595 1092 2656 neque

105 2679 184 2738 eum,
200 2664 239 2723 de
256 2680 316 2738 quo
328 2663 435 2738 agitur,
451 2664 585 2739 probare
596 2680 651 2725 eos
665 2680 770 2738 posse,
788 2680 849 2725 non
861 2663 954 2727 modo
967 2679 1092 2741 semper

104 2763 145 2807 ex
161 2762 223 2822 quo
239 2746 405 2821 coeperint,
422 2747 477 2806 sed
494 2747 599 2807 nediu
615 2748 739 2823 quidem
753 2763 809 2808 eos
825 2748 1018 2824 possedisse.
1034 2763 1092 2824 per

105 2829 350 2904 opportunitates
376 2845 457 2889 nuno
477 2830 546 2889 ittos
566 2846 649 2890 nunc
668 2846 759 2905 reges
780 2830 978 2893 Numidarum
1000 2848 1090 2893 usur-

106 2927 203 2990 passe
224 2911 288 2986 ins,
316 2927 502 2988 semperque
522 2928 620 2988 penes
642 2929 712 2974 eum
737 2915 972 2989 possessionem
994 2916 1092 2976 tuisse

106 2997 159 3073 qui
184 2998 255 3072 plus
282 2995 374 3056 armis
399 2996 560 3072 potuisset.
593 2997 682 3058 cuius
708 2996 897 3058 condicionis
922 3014 974 3059 res
1001 2998 1092 3060 inerit

105 3081 287 3157 priusquam
300 3079 408 3141 hostes
420 3079 568 3142 Romanis
584 3080 860 3156 Carthaginienses,
877 3083 982 3144 socius
998 3089 1092 3159 atque

106 3165 222 3226 anricus
237 3180 292 3225 rex
306 3164 502 3226 Numidarum
516 3170 615 3238 esset,
641 3164 707 3228 eius
724 3164 859 3227 sinerent
873 3182 961 3241 esse,
983 3182 1041 3227 neo
1056 3182 1091 3228 so

106 3248 343 3323 interponerent,
360 3250 545 3326 quominus,
562 3249 614 3324 qni
626 3255 744 3325 posset,
758 3255 884 3311 teneret.
907 3251 1090 3327 responderi

106 3332 214 3406 tegatis
234 3332 395 3409 utriusque
417 3334 512 3408 partis
533 3332 648 3409 placuit
667 3333 819 3394 missuros
839 3350 874 3394 se
895 3334 926 3394 in
944 3334 1091 3407 Africam,

108 3414 161 3492 qui
180 3415 258 3476 inter
277 3418 425 3493 populum
441 3416 722 3492 Carthaginiensem
744 3422 773 3477 et
787 3433 892 3493 regem
905 3417 937 3477 in
951 3433 986 3478 re
1001 3432 1092 3492 prae·

106 3499 185 3559 senti
200 3499 416 3576 disceptarent.
438 3500 525 3561 missi
538 3500 570 3558 P.
588 3498 693 3575 Scipio
708 3499 872 3562 Africanus
888 3508 918 3560 et
932 3501 963 3561 C.
977 3500 1090 3560 Cornea
