2600 4000
289 235 405 298 LIBER
424 235 572 297 xxxvll.
597 236 680 296 οΑΡ.
696 246 722 297 a.
734 244 761 299 a.
777 243 813 311 [a.
830 243 939 312 c.1oo]
1039 236 1103 302 265

125 387 232 464 segnia
245 386 364 448 aestiva
378 393 483 448 essent
496 393 527 447 et
539 388 640 449 Aetoli
656 405 717 449 non
733 388 923 464 impetratam
943 407 1052 467 pacem
1066 393 1104 454 ab

125 477 235 534 sonata
248 470 341 531 nihilo
352 470 453 531 minus
470 487 526 547 per
540 487 628 533 suam
639 470 864 533 cunctationem
875 473 1032 547 haberent,
1049 492 1103 555 op-

126 569 266 632 pugnare
289 555 406 617 Acilius
430 554 631 631 Amphissam
656 556 768 616 statuit.
809 557 848 617 ab
872 556 1021 619 Heraclea
1050 574 1105 635 per

125 638 231 700 Oetam
245 639 397 701 exercitus
412 654 450 700 eo
468 639 629 700 deductus.
657 652 727 700 eum
743 641 783 701 ad
797 641 919 702 moenia
933 647 1035 702 castra
1049 659 1104 719 po·

124 722 254 798 suisset,
275 737 336 783 non
352 738 483 797 corona,
503 723 583 784 sicut
595 715 746 799 Lamiam,
769 725 827 785 sed
842 725 991 801 operibus
1006 741 1105 801 oppu-

3 817 4 824 ‘
122 822 219 883 gnare
233 806 340 867 urbem
354 814 402 868 est
416 807 552 868 adortus.
583 807 724 883 pluribus
745 806 836 869 simul
855 808 933 870 locis
955 808 1035 871 aries
1051 810 1104 870 ad·

3 893 4 968 l
121 890 316 966 movebatur,
337 896 451 951 etcum
467 897 665 966 quaterentur
678 892 771 965 muri,
789 891 864 952 nihil
879 894 1029 954 adversus
1045 894 1105 954 tale

122 972 354 1037 machinationis
369 988 468 1048 genus
483 989 594 1050 parare
613 981 667 1035 aut
686 975 875 1038 comminisci
891 977 1039 1053 oppidani
1054 993 1105 1039 co·

123 1059 282 1120 nabantur.
311 1059 410 1119 omnis
430 1074 505 1134 spes
520 1059 551 1118 in
566 1058 659 1119 armis
674 1066 704 1121 et
724 1060 854 1122 audacia
869 1068 947 1122 erat:
970 1062 1103 1136 eruptio·

122 1143 213 1204 nibus
228 1141 344 1203 crebris
360 1148 390 1203 et
404 1143 554 1204 stationes
565 1142 715 1218 hostium,
731 1151 762 1205 et
772 1159 828 1205 eos
840 1145 943 1220 ipsos,
961 1146 1012 1221 qui
1024 1145 1106 1206 eirea

122 1242 219 1304 opera
239 1232 269 1287 et
288 1225 446 1286 machinas
467 1232 568 1300 erant,
590 1228 763 1288 turbabant.
795 1228 848 1288 Vl.
880 1228 983 1290 maritis
1002 1236 1103 1291 maren

121 1310 199 1373 loeis
215 1326 321 1371 murus
336 1310 489 1372 decussus
504 1317 585 1385 erat,
601 1326 669 1372 curn
685 1312 819 1373 adlatum
830 1318 878 1373 est
889 1327 1103 1374 successorem

123 1392 306 1470 Apolloniae
320 1394 463 1469 exposito
479 1395 630 1469 exercitu,
651 1412 709 1471 per
721 1394 849 1472 Epirum
864 1412 901 1457 ac
914 1395 1102 1459 Thessaliam

123 1479 236 1540 venire.
258 1493 328 1538 cuna
342 1478 489 1539 tredecim
502 1478 625 1540 milibus
640 1481 776 1555 pediturn
788 1487 819 1541 et
829 1479 1003 1556 quingentis
1018 1481 1103 1556 equi-

122 1563 203 1625 tibus
224 1564 332 1624 consul
353 1561 505 1623 veniebat.
537 1562 649 1624 iamin
671 1565 771 1626 sinum
784 1563 946 1625 Maliacum
960 1569 1102 1635 venerat;

122 1653 153 1707 et
167 1646 345 1723 praemissis
356 1645 510 1724 Hypatam
525 1648 577 1724 qui
593 1649 714 1708 tradere
728 1648 835 1708 urbem
849 1647 1003 1720 iuberent,
1019 1654 1103 1722 post·

125 1747 216 1806 quam
235 1745 420 1807 responsum
441 1739 489 1792 est
513 1732 587 1792 nihil
611 1732 731 1792 nisiex
753 1729 906 1790 communi
925 1729 1104 1790 Aetolorum

124 1815 247 1877 decreto
264 1816 415 1887 tacturos,
431 1831 471 1876 ne
484 1822 602 1876 teneret
616 1830 651 1874 se
667 1812 856 1889 oppugnatio
870 1812 1013 1890 Hypatae
1027 1830 1104 1874 non·

123 1898 196 1960 dum
214 1898 384 1973 Amphissa
403 1905 543 1974 recepta,
570 1897 743 1972 praemisso
765 1896 857 1956 tratre
870 1896 1016 1958 Africano
1030 1898 1099 1959 Arn-

122 1982 260 2059 phissam
286 1981 378 2042 ducit
421 1979 480 2041 sub
505 1981 670 2042 adventum
693 1995 801 2041 eorum
827 1978 974 2057 oppidani
998 1981 1104 2043 relicta

121 2068 256 2127 urbe-
271 2063 426 2123 iamenim
439 2078 551 2138 magra
563 2078 603 2123 ex
624 2070 713 2138 parte
732 2064 847 2125 nudata
863 2065 1024 2127 moenibus
1040 2073 1105 2127 erat

122 2149 206 2207 -in
221 2161 339 2221 arcem,
356 2161 447 2221 quam
461 2145 730 2222 inexpugnabilem
741 2146 864 2223 habent,
880 2163 987 2210 omnes
999 2148 1104 2210 armati

124 2239 217 2308 atque
231 2231 363 2290 inermes
379 2245 574 2291 concessere.

209 2315 322 2379 consul
338 2314 376 2376 ab
392 2330 449 2375 sex
463 2313 584 2375 milibus
600 2315 664 2374 iere
679 2330 829 2390 passuum
848 2313 920 2376 inde
935 2313 1040 2391 posuit
1054 2329 1104 2375 ea·

124 2407 196 2462 stra.
219 2414 257 2461 eo
269 2399 359 2475 legati
370 2398 576 2460 Athenienses
587 2399 719 2473 primum
730 2399 771 2460 ad
781 2400 814 2459 P.
827 2398 1003 2475 Scipionem
1016 2414 1104 2475 prae-

123 2499 265 2561 gressum
277 2498 397 2559 agmen,
408 2483 489 2543 sicut
499 2488 569 2545 ante
580 2484 693 2544 dictum
705 2491 761 2556 est,
770 2482 883 2544 deinde
894 2484 935 2544 ad
946 2483 1104 2544 consulem

123 2575 283 2643 venerunt,
295 2568 497 2643 deprecantes
508 2583 565 2643 pro
577 2566 707 2629 Aetolis.
728 2566 907 2629 clementius
918 2582 1105 2644 responsum

124 2653 163 2712 ab
184 2651 330 2712 Africano
354 2652 502 2725 tulerunt,
529 2652 581 2726 qui
606 2667 733 2712 eausam
758 2652 951 2728 relinquendi
975 2651 1106 2713 honeste

124 2735 255 2795 Aetolici
275 2734 346 2794 belli
368 2749 520 2809 quaerens
534 2734 641 2794 Asiam
664 2740 696 2795 et
712 2750 817 2811 regern
831 2734 1016 2797 Antiochum
1034 2750 1105 2812 spe

125 2817 240 2889 ctabat,
263 2818 458 2892 iusseratque
472 2816 678 2878 Athenienses
699 2832 761 2878 non
774 2819 922 2880 Romanis
937 2820 1053 2893 solum,
1074 2826 1107 2879 ut

125 2916 232 2977 pacem
255 2900 335 2962 bello
358 2900 561 2976 praeferrent,
582 2901 640 2961 sed
661 2902 751 2962 edam
765 2898 884 2962 Aetolis
906 2904 1105 2978 persuadere.

125 2985 265 3046 celeriter
287 2983 465 3045 auctoribus
485 2983 725 3045 Atheniensibus
751 2985 897 3061 irequens
924 2986 962 3046 ab
982 2986 1107 3064 Hypata

125 3069 234 3145 legatio
249 3069 427 3130 Aetolorum
442 3067 539 3139 venit;
569 3075 600 3129 et
619 3083 707 3144 spem
728 3068 815 3143 pacis
836 3069 881 3130 eis
899 3085 1001 3131 sermo
1017 3072 1107 3131 etiam

125 3152 275 3228 Africani,
292 3168 383 3229 quem
398 3152 532 3228 priorem
547 3152 703 3227 adierunt,
721 3152 821 3229 auxit,
842 3154 1106 3216 commemorantis

126 3237 236 3297 multas
256 3243 364 3312 gentes
387 3237 585 3313 populosque
604 3237 636 3296 in
649 3235 800 3313 Hispania
820 3239 922 3313 prius,
943 3238 1055 3299 deinde
1076 3239 1106 3297 in

126 3318 231 3379 Airiea
244 3320 274 3379 in
288 3320 381 3381 fldem
396 3336 485 3382 suam
498 3320 638 3382 venisse:
660 3320 690 3379 in
710 3323 851 3384 omnibus
867 3338 902 3383 se
915 3322 1033 3383 maiora
1047 3322 1106 3381 cle·

127 3403 258 3463 mantiae
267 3403 525 3479 benignitatisque
538 3421 631 3480 quam
640 3403 760 3466 viantis
770 3404 899 3466 bellicae
912 3410 1107 3467 monumenta

126 3484 299 3562 reliquisse.
322 3489 459 3563 perlecta
468 3486 630 3548 videbatur
639 3502 700 3560 res,
713 3504 782 3547 cum
793 3487 896 3549 aditus
907 3488 1015 3549 consul
1026 3486 1105 3546 idern
