2600 4000
230 231 346 294 erem
355 231 502 319 nxxvrr.
523 231 607 328 *cna
624 239 777 296 ermae.
798 236 833 311 p.
846 210 879 292 c.
892 238 953 314 rae]
1015 234 1078 299 ars

3 437 4 440 ,
99 384 255 461 homines,
275 382 308 445 id
327 400 427 461 aeque
446 401 547 446 novus
568 385 749 460 competitor
765 384 928 447 intestabili
942 386 1078 462 periurio

3 479 4 546 ᾗ
99 468 402 530 ιιιοοεεοιοι.·ΙιιῙΙΙΙ.
425 475 545 529 centum
559 467 674 530 milium
686 469 778 529 mrdta
790 468 1007 545 irrogataerat.
1028 472 1077 534 bis

99 554 140 614 de
153 567 191 613 ea
206 557 351 612 certatum
365 558 421 613 est.
451 551 555 628 tertio,
580 569 649 614 cum
674 553 714 612 de
738 551 885 628 petitione
910 553 1079 618 destitisset

98 652 181 709 reus,
196 651 253 697 nec
265 638 400 713 populus
415 635 454 696 de
468 637 561 698 mrdta
575 634 754 712 suffragium
770 638 849 697 serre
863 637 967 708 voluit,
983 644 1014 698 et
1028 640 1077 700 tri·

101 720 172 781 ounl
186 734 224 781 eo
239 721 362 795 negotio
376 719 564 781 destiterunt.
587 735 734 782 censores
748 721 780 781 T.
798 720 954 796 Quinctius
968 722 1076 783 Flami·

3 813 5 874 ᾗ
99 804 189 865 ninus
203 802 244 864 bl.
260 803 405 866 claudius
417 803 580 865 Marcellus
596 804 699 865 creati.

3 923 5 954 t
181 887 307 949 Peneos
319 885 698 964 diesL.AemilioRegillo‚
712 888 764 964 qui
778 889 1078 966 classepraelectum

3 1027 4 1030 ,
97 970 241 1033 Antiochi
254 971 338 1046 regis
353 969 521 1047 devicerat,
546 977 632 1032 extra
651 970 758 1031 urbem
779 970 810 1031 in
832 972 909 1033 aede
926 973 1077 1050 Apollinis

99 1070 168 1117 cum
182 1062 307 1117 senatus
323 1054 412 1115 datus
428 1062 526 1128 esset,
541 1055 652 1116 auditis
666 1053 760 1115 rebus
774 1057 870 1131 gestis
882 1055 964 1133 eius,
981 1073 1076 1134 quan·

97 1139 136 1200 tis
158 1155 227 1200 cum
249 1138 401 1199 classibus
421 1138 554 1200 bostium
575 1138 765 1214 dimicasset,
793 1147 870 1215 quot
888 1141 960 1201 inde
981 1157 1077 1202 naves

97 1222 297 1284 demersisset
309 1227 362 1284 aut
374 1223 523 1298 cepisset,
544 1236 655 1298 magno
671 1238 827 1284 consensu
841 1231 961 1299 patrum
975 1225 1076 1285 trium·

96 1306 179 1383 phus
199 1306 317 1368 navalis
339 1312 387 1367 est
411 1307 562 1367 decretus.
595 1305 792 1382 triumphavit
809 1307 878 1368 Kal.
893 1308 1075 1371 Februariis.

97 1390 128 1450 in
144 1405 182 1453 eo
196 1389 350 1467 triumpho
369 1389 672 1467 undequinquaginta
691 1406 825 1453 coronae
845 1408 957 1455 aureae
977 1400 1075 1455 trans·

70 1539 73 1543 A
98 1475 177 1536 latae
192 1483 277 1549 sunt,
302 1472 435 1551 pecunia
448 1489 644 1552 nequaquam
664 1480 762 1551 ianm,
787 1492 844 1552 pro
870 1478 977 1555 specie
1000 1476 1075 1553 regii

96 1557 249 1636 triumphi,
263 1558 428 1621 tetrachma
443 1558 543 1621 Attica
555 1559 677 1636 triginta
689 1567 831 1636 quattuor
841 1561 925 1621 milia
936 1560 1075 1635 ducenta,

98 1643 267 1718 cistophori
282 1650 402 1706 centum
418 1643 537 1720 triginta
551 1644 612 1705 duo
627 1643 710 1703 milia
720 1644 856 1705 trecenti.
878 1643 1075 1718 supplicatio-
1115 1669 1118 1674 ·
1191 1644 1193 1648 '

96 1741 153 1788 nes
168 1727 279 1789 deinde
294 1729 416 1790 iuuerunt
427 1742 466 1788 ex
477 1734 604 1789 senatus
616 1729 767 1801 consulto,
784 1725 867 1801 quod
879 1726 911 1786 L.
925 1727 1072 1790 Aemilius
1173 1776 1176 1783 .

96 1807 125 1870 in
140 1810 290 1887 Hispania
302 1827 452 1889 prospere
465 1828 530 1872 rem
543 1812 698 1885 publicam
711 1809 872 1884 gessisset.

178 1895 269 1956 Haud
289 1894 332 1956 ita
350 1896 445 1955 multo
466 1895 585 1969 postL.
601 1892 705 1967 Scipio
721 1893 760 1951 ad
774 1893 880 1953 urbem
895 1893 994 1965 venit3
1024 1895 1075 1969 qui

98 1973 319 2076 recognomlni
330 1975 1074 2054 iratriscederctAsiaticumseappellarivoluit.

3 2048 4 2103 t
95 2069 125 2121 ct
138 2077 170 2122 ιιι
184 2068 293 2122 senatu
308 2060 361 2121 et
351 2076 382 2120 ιιι
397 2060 540 2121 contione
553 2060 593 2120 de
606 2061 700 2120 rebus
716 2058 754 2120 ab
765 2076 801 2123 se
811 2062 906 2137 gestis
918 2060 1064 2123 disseruit

94 2149 183 2205 erant
195 2161 249 2219 qur
239 2143 339 2204 lama
352 2142 384 2204 id
395 2144 494 2204 maius
504 2144 617 2204 bellum
629 2159 721 2219 quam
732 2144 910 2205 difficultate
921 2145 965 2203 rei
978 2145 1075 2206 luisse

3 2230 5 2267 r
94 2228 379 2304 interpretarentur;
395 2242 458 2289 uno
472 2227 659 2288 memorabili
674 2229 792 2302 proelio
805 2227 938 2288 debellat
925 2235 997 2304 tum,
1009 2229 1073 2303 glo·

93 2309 233 2388 mamque
243 2311 311 2374 eius
321 2311 468 2373 victoriae
478 2309 696 2387 praefloratam
707 2311 748 2372 ad
757 2312 979 2390 Thermopylas
991 2327 1072 2373 esse.

93 2401 228 2458 ceterum
240 2410 313 2457 vere
326 2396 497 2458 aestimanti
506 2395 680 2457 Aetolicum
690 2396 788 2472 magis
800 2396 838 2457 ad
850 2396 1074 2474 Thermopylas

92 2478 205 2542 bellum
217 2495 308 2555 quam
319 2480 436 2556 regium
448 2480 512 2542 luit.
536 2480 720 2555 quotaenim
732 2487 817 2556 parte
829 2478 937 2540 virium
948 2494 1073 2540 suarum

92 2564 133 2626 ibi
154 2563 308 2626 dimicavit
328 2564 520 2627 Antiochus?
540 2564 570 2625 in
592 2564 669 2624 Asia
692 2565 784 2626 tetius
804 2563 900 2624 Asiae
927 2570 1074 2626 steterunt

3 2712 4 2715 ,
91 2648 184 2732 vires,
199 2649 238 2709 ab
250 2645 364 2710 ultimis
377 2647 508 2709 Orientis
521 2647 654 2708 omnirun
665 2649 800 2723 gentium
811 2647 976 2710 contractis
987 2645 1073 2709 auxi·

3 2766 4 2785 2
91 2729 151 2790 riis.
172 2731 247 2790 LIX.
269 2730 375 2792 merito
390 2747 464 2806 ergo
480 2738 510 2790 et
521 2728 580 2790 diis
591 2731 820 2807 immortalibus,
832 2737 966 2806 quantus
978 2731 1072 2792 maxi·

3 2812 4 2885 i
91 2829 159 2874 mus
174 2820 309 2888 poteret,
324 2812 446 2876 habitus
461 2820 509 2874 est
521 2813 637 2888 honos,
653 2814 738 2889 qnod
751 2814 905 2889 ingentem
917 2815 1072 2876 victoriam

91 2896 213 2959 facilem
232 2897 323 2958 etiam
344 2897 505 2972 iecissent,
526 2903 557 2957 et
576 2897 750 2972 imperatori
771 2897 942 2973 triumphus
957 2906 1006 2960 est
1019 2899 1070 2959 de

91 2987 203 3043 metus.
219 2980 416 3057 triumphavit
426 2995 534 3041 mense
545 2980 736 3041 intercalario
747 2980 848 3056 pridie
856 2981 924 3042 Kal.
936 2981 1071 3046 Martias.

3 3126 5 3131 .
91 3064 143 3141 qui
156 3064 330 3142 triumphus
351 3067 529 3141 spectaculo
544 3065 702 3126 oculorum
717 3065 815 3127 maior
829 3082 922 3142 quam
934 3066 1071 3127 Africani

89 3148 192 3210 lratris
207 3150 275 3211 eius
290 3148 360 3223 brit,
376 3149 590 3211 recordatione
603 3165 707 3211 rerum
721 3156 752 3211 et
766 3149 977 3213 aestimatione
991 3151 1069 3227 peri·

90 3229 151 3292 culi
172 3233 409 3309 certaminisque
429 3249 491 3297 non
508 3231 606 3311 magis
621 3235 851 3311 comparandus
866 3235 1000 3312 quamsi
1017 3234 1070 3295 im·

90 3322 261 3391 pacatorem
288 3316 463 3393 imperatori
487 3326 540 3393 aut
563 3318 750 3380 Antiochum
775 3319 885 3380 ducem
909 3318 1070 3379 Hannibali

88 3398 255 3461 conferres
290 3399 406 3463 tulitin
430 3401 583 3478 triumpho
604 3400 694 3478 signa
713 3401 854 3463 militaria
874 3403 1007 3463 ducenta
1019 3401 1067 3463 tri

87 3481 170 3558 mnia
182 3489 335 3560 quattuor,
346 3483 530 3561 oppidorum
542 3483 705 3545 simulacra
716 3492 837 3546 centum
850 3484 972 3560 triginta
984 3491 1071 3559 quat·
