2600 4000
219 260 281 325 146
359 255 474 318 LIBER
484 254 619 316 XXXIV.
641 253 726 314 cAP.
737 263 782 317 26·
793 261 837 317 26.
860 259 897 329 [a.
909 259 944 313 U.
955 275 980 313 c.
992 259 1056 327 567]

218 428 351 489 usquam
365 408 434 486 spei
447 408 651 486 propinquae,
667 407 780 469 nedum
795 408 870 469 satis
881 407 959 471 firmi
969 410 1116 484 praesidii
1131 428 1197 473 cer-

218 497 339 558 nebant.
371 495 450 555 haec
473 490 692 553 vociferantem
718 507 788 552 eum
806 491 1042 554 Lacedaemonii
1068 495 1198 556 circum·

219 587 343 643 ventum
357 595 426 641 cum
437 576 502 639 suis
513 575 739 636 interfecerunt
762 576 937 652 comprensi
948 575 1060 638 deinde
1072 578 1199 654 quidam

218 665 326 727 etalii·
351 677 392 724 ex
411 661 448 722 iis
464 659 559 721 occisi
574 658 696 734 plures,
717 659 808 734 pauci
822 660 853 719 in
869 660 1041 722 custodiam
1055 661 1198 723 coniecti.

218 749 302 811 multi
315 745 456 824 proxima
468 749 569 817 nocte„
588 742 712 803 ionibus
727 758 784 819 per
797 759 916 804 murum
928 744 1064 819 demissi,
1080 746 1121 806 ad
1134 746 1198 807 Ro-

218 848 326 894 manos
341 830 578 903 uansfugerunt.
602 826 709 887 XXVI.
729 826 886 901 Quinctius
900 827 1132 890 adfirmantibus
1147 829 1196 904 iis,
1295 848 1296 851 ¹

219 920 247 999 si
261 918 300 977 ad
321 920 427 992 portas
442 912 596 973 exercitus
611 911 768 973 Romanus
782 910 905 982 luisset,
927 927 989 972 non
1003 912 1071 972 sine
1084 911 1197 974 ellectu

219 994 352 1063 loturum
367 1012 435 1058 eum
449 1001 564 1056 motum
579 994 685 1069 luisse,
707 1000 737 1054 et
751 995 777 1054 si
791 994 920 1070 propius
937 1001 1038 1056 castra
1051 997 1196 1057 admove·

219 1090 337 1157 rentur,
362 1097 423 1142 non
444 1080 602 1155 quieturos
622 1078 773 1154 Argivos,
792 1072 875 1139 misit
893 1079 1055 1154 expeditos
1077 1080 1196 1153 pedites

219 1166 415 1241 equitesque,
445 1163 497 1238 qui
522 1163 604 1222 circa
630 1161 801 1238 Cylarabim
814 1163 1065 1240 -gymnasium
1090 1164 1122 1224 id
1149 1171 1199 1224 est

219 1250 319 1310 minus
341 1253 494 1309 trecentos
515 1262 629 1321 passus
651 1246 690 1306 ab
709 1246 786 1306 urbe
800 1261 920 1306 -oum
934 1247 1198 1322 erumpentibusa

112 1368 119 1391 .
220 1341 309 1411 porta
329 1328 580 1393 Lacedaemoniis
602 1330 754 1407 proelium
775 1330 1006 1405 commiserunt,
1031 1336 1124 1406 atque
1140 1346 1196 1391 eos

220 1418 303 1477 haud
322 1430 433 1490 magno
455 1413 618 1474 certamine
639 1414 852 1489 compulemut
863 1414 894 1474 in
908 1415 1030 1486 urbem;
1053 1420 1083 1475 et
1097 1420 1196 1474 castra

220 1518 258 1562 eo
275 1502 344 1577 ipso
360 1501 439 1572 loco,
454 1498 506 1559 ubi
520 1504 687 1573 pugnatum
701 1503 775 1571 erat,
790 1497 956 1572 imperator
968 1499 1127 1560 Romanus
1141 1514 1197 1574 po-

221 1586 290 1647 suit
313 1584 393 1645 diem
407 1583 479 1643 inde
492 1598 587 1644 unum
599 1581 631 1641 in
646 1581 782 1656 speculis
798 1582 862 1656 iuit,
878 1581 905 1642 si
920 1581 995 1657 quid
1009 1582 1081 1643 novi
1095 1587 1196 1647 motus

221 1676 366 1732 oreretur.
394 1672 559 1744 postquam
573 1680 756 1741 oppressam
769 1671 852 1727 metu
866 1666 1016 1726 civitatem
1030 1666 1120 1740 vidit,
1144 1667 1196 1726 ad-

222 1761 311 1815 vocat
331 1751 492 1814 consilium
512 1751 552 1811 de
567 1748 784 1826 oppugnandis
798 1750 899 1824 Argis.
936 1750 1070 1813 omnium
1084 1750 1196 1825 princi·
1295 1790 1296 1795 κ

223 1855 294 1914 pum
309 1835 455 1896 Graeciae
477 1841 597 1911 praeter
610 1833 807 1894 Aristaenum
828 1834 936 1895 cadem
954 1834 1105 1895 sententia
1123 1841 1193 1907 erat,
1295 1882 1296 1913 r

222 1938 290 1981 eum
305 1935 401 1979 causa
413 1919 483 1978 belli
498 1917 635 1980 nonalia
649 1925 745 1992 esset,
761 1918 833 1978 inde
848 1918 1040 1993 potissimum
1056 1917 1199 1980 ordiundi
1295 1916 1296 1941 ¹

223 2005 301 2065 belli.
335 2002 472 2076 Quinctio
493 2003 525 2063 id
546 2018 740 2079 nequaquam
756 2001 909 2077 placebat,
933 2004 990 2064 sed
1003 2003 1199 2065 Aristaenum

222 2093 327 2149 contra
347 2086 481 2149 omnium
501 2102 686 2149 consensum
707 2087 909 2147 disserentem
924 2103 992 2148 cum
1007 2087 1090 2148 haud
1105 2087 1200 2147 dubia

221 2172 442 2249 approbatione
453 2170 584 2243 audivit;
606 2178 636 2233 ot
646 2172 715 2247 ipse
726 2171 844 2246 adiecit,
859 2187 996 2246 cumpro
1010 2170 1132 2246 Argivis
1144 2171 1199 2231 ad·
1295 2155 1296 2238 Ξ

222 2272 330 2318 versus
346 2264 508 2334 tyrannum
522 2257 634 2316 bellurn
648 2260 827 2330 susceptum
841 2254 894 2328 sit,
921 2254 994 2331 quid
1008 2254 1109 2315 minus
1125 2270 1198 2315 con·
1295 2257 1296 2278 l

221 2342 347 2402 veniens
368 2355 454 2414 esse,
477 2355 569 2413 quam
590 2339 706 2401 omisso
726 2338 817 2399 hoste
830 2339 932 2414 Argos
948 2337 1141 2415 oppugnarit
1163 2354 1200 2399 se
1295 2349 1296 2366 ³

221 2441 295 2487 vero
317 2429 409 2498 caput
427 2422 498 2482 belli
513 2422 776 2482 Lacedaemonem
797 2428 828 2482 et
845 2429 1010 2501 tyrannum
1023 2423 1198 2498 petiturum.

222 2515 252 2568 et
265 2506 392 2567 dimisso
409 2505 537 2566 consilio
552 2505 765 2565 frumentatum
777 2506 939 2581 expeditas
950 2506 1093 2568 cohortes
1106 2506 1199 2567 misit.

222 2590 304 2665 quod
333 2587 440 2647 maturi
469 2594 534 2648 erat
560 2587 642 2647 circa
669 2589 843 2649 demessum
871 2597 901 2650 et
929 2597 1108 2651 convectum
1133 2595 1198 2659 est3

223 2672 333 2746 viride,
355 2688 393 2731 ne
407 2670 514 2734 hostes
529 2687 601 2732 mox
615 2671 777 2745 haberent,
793 2672 952 2748 protritum
966 2680 997 2734 et
1011 2680 1198 2751 cormptum.
1292 2685 1294 2750 j

223 2762 322 2817 castra
336 2754 447 2816 deinde
460 2755 563 2830 movit,
579 2763 609 2817 et
622 2756 783 2817 Parthenio
799 2764 944 2832 superato
960 2765 1062 2820 monte
1077 2763 1200 2834 practer
1292 2781 1293 2788 ¹

224 2843 350 2915 degeam
363 2839 451 2901 tertio
467 2839 570 2900 dicad
585 2840 701 2919 Caryas
717 2841 819 2916 posuit
833 2847 943 2903 castra.
965 2843 1006 2903 ibi
1018 2843 1201 2919 priusquam

220 2924 353 2985 hostium
376 2926 502 2985 intraret
526 2940 647 2999 agrum,
677 2926 831 2987 sociomm
856 2925 969 2987 auxilia
996 2925 1201 3003 exspectavit.

222 3015 371 3069 venerunt
379 3007 566 3070 Macedones
582 3008 751 3085 aPhilippo
762 3010 843 3070 mille
854 3015 884 3071 et
896 3010 1054 3086 quingenti
1065 3008 1202 3071 ctllres·

218 3091 355 3153 selorum
375 3092 494 3169 equites
516 3092 737 3168 quadringenti.
772 3110 830 3154 nec
844 3094 903 3155 iam
919 3094 1047 3169 auxilia,
1069 3110 1202 3171 quorum

220 3175 343 3236 adfatim
364 3182 443 3251 erut,
470 3177 527 3238 sed
548 3183 735 3238 commeatus
755 3177 888 3238 finitimis
912 3178 1037 3240 urbibus
1060 3178 1203 3254 imperati

219 3259 415 3322 morabantur
434 3261 613 3322 Romanum.
645 3263 771 3323 navales
794 3278 919 3338 quoque
939 3277 1069 3338 magnae
1090 3261 1203 3337 copiae

221 3344 450 3405 conveniebant.
479 3345 539 3405 iarn
560 3346 599 3406 ab
612 3346 756 3407 Leucade
770 3346 803 3406 L.
819 3345 975 3420 Quinctius
997 3345 1202 3422 quadraginta

219 3428 347 3489 navibus
363 3435 497 3503 venerat,
512 3429 571 3488 iam
581 3428 721 3490 Rhodiae
737 3429 886 3492 decernet
900 3438 970 3492 octo
983 3436 1200 3503 tectaenaves,

217 3513 279 3573 iam
293 3512 445 3573 Eumenes
466 3527 521 3572 rex
536 3512 617 3573 circa
631 3512 783 3591 Cycladas
798 3513 914 3574 insulas
930 3520 994 3573 erat
1009 3529 1078 3574 cum
1092 3513 1200 3573 decem
