2600 4000
202 239 269 303 136
311 239 427 299 LIBER
444 237 580 299 XXXIV.
604 236 688 297 cAP.
701 246 743 298 11.
758 242 856 298 1213.
878 240 915 310 [n.
930 239 967 294 U.
980 256 1006 295 c.
1020 241 1084 308 557]

204 388 358 471 sperantis
372 388 449 452 satis
464 387 534 467 opis
550 396 581 452 et
593 387 700 451 auxilii
715 387 775 450 sibi
789 386 821 450 in
834 387 981 452 Romanis
1003 405 1086 450 esse.
1114 388 1189 452 idei

203 478 320 540 nullum
334 473 383 551 sit,
398 471 426 536 si
440 472 500 536 sibi
513 490 533 534 a
547 475 676 535 consule
688 478 827 549 negmur,
842 473 921 535 deos
933 471 1138 549 hominesque
1153 488 1188 534 se

204 560 291 625 testis
306 561 409 621 facere
422 555 536 619 invitos
550 565 582 618 ot
595 564 723 619 coactos
739 571 783 631 se,
800 572 839 618 ne
853 556 963 618 eadem
975 573 1056 633 quoe
1067 555 1187 633 Sagun·

204 645 258 709 tini
273 642 361 722 pessi
375 640 436 704 sint
449 640 610 718 poliantur,
625 641 812 715 defecturos
828 648 860 702 et
873 640 944 701 cuni
958 638 1070 702 ceteris
1082 639 1187 717 potius

204 725 350 806 Hisponis
366 741 459 803 quarn
473 726 560 787 solos
574 722 730 800 perituros
743 738 829 786 esse.
852 723 925 784 llll.
948 731 980 786 ct
993 723 1046 786 illo
1061 720 1187 801 quidem

204 813 254 876 die
270 813 316 874 sic
331 809 399 872 sine
412 825 567 885 responso
583 804 713 873 dimissi.
747 808 907 869 consulem
921 814 1028 882 nocte,
1046 824 1128 884 quoe
1141 807 1186 868 in·

134 932 137 937 -
205 904 312 960 secute
326 902 389 969 cst,
410 907 528 968 anceps
551 907 626 954 curo
644 890 776 968 agitare:
798 892 882 954 nolle
903 891 1050 953 deserere
1069 889 1187 966 socios,

204 983 286 1043 nolle
301 977 439 1039 minuere
453 976 638 1051 exercitum,
660 976 747 1051 quod
765 984 819 1040 cut
838 990 956 1037 moram
970 973 1030 1037 sibl
1045 976 1086 1036 cd
1099 974 1188 1036 dimi*

204 1065 337 1126 candum
351 1060 449 1122 autin
463 1057 638 1121 dimicando
653 1059 822 1136 periculum
836 1060 959 1122 adlerro
972 1066 1091 1135 posset
1127 1066 1188 1120 stet

205 1146 356 1211 sententia
370 1160 432 1205 non
447 1143 585 1208 minuere
600 1143 724 1221 copias,
740 1161 780 1206 ne
794 1142 870 1221 quid
884 1141 1006 1209 interim
1019 1141 1127 1204 hostes
1141 1141 1188 1203 ine

206 1234 304 1295 lerant
317 1227 517 1306 ignominiam
539 1226 635 1292 sociis
657 1230 746 1305 spem
764 1245 820 1305 pro
834 1243 870 1289 rc
885 1227 1101 1289 ostentandam
1115 1242 1185 1288 cen-

206 1325 262 1379 scl.
285 1329 381 1390 saepe
395 1330 476 1374 vana
490 1328 547 1390 pro
562 1311 654 1386 veris,
669 1311 801 1374 maxime
813 1311 847 1374 in
864 1311 961 1386 bello,
982 1309 1136 1385 valmsse,
1157 1317 1188 1372 et

206 1401 381 1462 credentem
394 1414 430 1459 se
444 1396 561 1473 aliquid
575 1395 681 1457 auxilii
695 1396 824 1471 habere,
839 1393 969 1472 perinde
982 1402 1078 1470 atque
1092 1394 1184 1455 lrabe-

205 1493 266 1560 ret,
288 1481 358 1558 ipsc
378 1480 492 1544 fiducia
511 1487 542 1543 el
562 1480 718 1558 sperando
739 1487 833 1556 atque
853 1478 997 1542 audendo
1020 1486 1187 1541 servatum.

187 1577 332 1646 ⁴postero
354 1563 404 1628 die
423 1563 532 1641 legetis
553 1562 730 1640 respondit,
757 1578 946 1640 quamquam
966 1570 1127 1638 vereatur,
1147 1578 1188 1623 nc

107 1674 110 1679 ·
207 1669 280 1716 suas
294 1649 387 1725 vires,
401 1649 469 1712 eliis
483 1664 539 1710 eas
554 1646 792 1722 commodando,
806 1646 931 1720 minuet,
946 1654 1050 1709 lernen
1065 1646 1189 1708 illorum

207 1754 242 1799 se
256 1732 403 1811 temporis
418 1750 456 1795 ac
470 1731 599 1810 periculi
613 1731 713 1808 magis
730 1747 822 1808 quom
837 1729 886 1793 sui
899 1729 1051 1793 rationem
1061 1730 1188 1792 hebere.

207 1816 378 1881 denuntiari
398 1817 525 1880 rnilitum
545 1815 624 1893 parti
643 1814 752 1878 tertiae
773 1831 814 1877 ex
835 1814 979 1877 omnibus
1005 1812 1189 1877 cohortibus
1250 1877 1253 1883 ,

207 1902 298 1975 iubet,
308 1909 342 1962 ut
353 1900 463 1974 cibum,-
476 1916 567 1977 quern
577 1900 609 1961 in
622 1915 718 1962 naves
730 1898 897 1976 imponant,
910 1906 1029 1961 mature
1036 1907 1188 1975 coquente

207 2001 367 2060 navesque
379 1982 412 2045 in
426 1983 643 2047 dlemlertium
657 1981 798 2061 expediri
812 1982 912 2048 iussit
927 1984 1007 2046 duos
1023 1996 1063 2045 ex
1076 1980 1188 2061 legatis

206 2067 345 2143 Bilistagi
360 2078 453 2146 atque
464 2069 645 2147 Ilergetibus
657 2068 797 2132 nuntiare
810 2085 850 2131 ea
863 2067 963 2130 iubet:
977 2066 1074 2129 filiurn
1088 2067 1189 2143 reguli

208 2152 335 2216 comiter
347 2153 491 2217 habendo
506 2162 537 2216 et
551 2153 728 2216 muneribus
740 2153 824 2230 opud
834 2169 870 2215 se
883 2151 1002 2227 retinet,
1016 2150 1109 2227 legati
1124 2167 1187 2211 non

207 2247 278 2301 ante
292 2238 438 2314 protecti,
461 2249 554 2314 quam
567 2237 729 2314 impositos
744 2236 887 2299 innoves
902 2235 1013 2298 milites
1028 2234 1188 2298 noeman

207 2322 238 2384 id
259 2338 316 2399 pro
337 2322 421 2383 heud
440 2322 534 2384 dubio
554 2322 615 2382 iarn
634 2319 811 2383 nuntiantes
832 2337 893 2382 non
916 2337 992 2383 suos
1013 2318 1106 2381 modo
1130 2318 1190 2381 sed
1292 2351 1293 2380 1

207 2405 298 2468 etlam
312 2404 411 2468 hostis
424 2406 504 2466 lama
511 2403 641 2466 Romani
653 2403 759 2465 auxilii
769 2402 964 2467 adventantis
974 2402 1189 2480 impleverunt,

206 2490 284 2551 Xlll.
319 2489 445 2561 consul,
465 2486 519 2547 ubi
533 2485 609 2548 setis
630 2487 715 2562 quod
735 2486 766 2547 in
781 2486 918 2564 speciem
934 2486 989 2549 luit
1002 2493 1189 2549 ostentatum

207 2578 269 2643 est,
290 2568 432 2632 revocari
453 2585 493 2630 ex
508 2570 637 2631 navibus
652 2568 763 2632 milites
776 2570 875 2634 iubet:
895 2571 981 2648 ipse,
997 2587 1067 2633 curn
1080 2568 1141 2632 iam
1154 2568 1189 2629 id

207 2664 328 2730 tempus
343 2651 415 2714 anni
428 2661 602 2729 appeteret,
623 2668 686 2729 quo
708 2654 773 2731 geri
786 2672 838 2718 res
853 2664 998 2733 possent,
1020 2663 1122 2717 costra
1142 2651 1188 2713 hi·

206 2739 303 2799 berne
322 2736 379 2798 trin
393 2736 476 2798 milia
490 2753 639 2813 passuum
658 2738 697 2800 ab
716 2738 871 2815 Ennporiis
888 2738 1007 2816 posuit
1037 2736 1110 2799 inde
1130 2752 1189 2813 per

207 2818 405 2895 occasiones,
428 2837 509 2883 nunc
529 2823 588 2883 hac
608 2830 696 2899 parte
716 2839 797 2885 nunc
818 2822 869 2884 illc
890 2821 1013 2885 modico
1029 2818 1186 2899 praesidio

207 2902 316 2967 castris
330 2905 447 2967 relicto·
452 2908 634 2982 praedatum
647 2905 759 2969 milites
773 2906 805 2968 in
819 2906 954 2970 hostium
965 2923 1058 2983 agros
1074 2905 1187 2976 educef

207 2990 267 3050 bat.
291 2998 383 3051 nocte
397 2991 493 3052 ferme
506 2988 791 3067 proficiscebantur,
805 2998 840 3052 ut
854 2999 885 3053 et
899 3007 991 3068 quam
1006 2986 1187 3066 longissime

207 3089 226 3134 s
241 3072 350 3135 castris
362 3076 566 3149 procederent
577 3082 607 3136 et
616 3072 805 3152 inopinantis
817 3073 1036 3151 opprimerent.
1056 3081 1088 3135 et
1098 3088 1187 3135 exer—

208 3157 296 3220 cebat
310 3173 348 3219 ea
362 3174 414 3220 res
428 3174 529 3220 novos
543 3157 664 3233 milites,
679 3166 710 3221 et
720 3157 855 3221 hostiurn
866 3174 979 3238 magna
989 3155 1038 3219 vis
1050 3154 1186 3231 excipie-

208 3241 310 3303 batur:
325 3258 383 3304 nec
398 3241 458 3303 iarn
469 3241 575 3318 egredi
589 3250 677 3303 extre
687 3241 874 3304 munimenta
883 3242 1082 3304 castellorum
1091 3238 1187 3301 aude-

208 3326 288 3387 bont.
310 3324 382 3397 ¹ubi
407 3326 482 3388 satis
502 3327 669 3388 admodum
686 3334 716 3388 et
730 3341 856 3388 suorum
871 3335 902 3388 et
916 3324 1051 3387 hostium
1063 3321 1187 3386 animos

206 3418 255 3471 cst
268 3419 424 3487 expertus,
441 3410 605 3472 convocari
620 3409 759 3472 tribunos
770 3410 1008 3486 praefectosque
1022 3416 1054 3471 et
1064 3405 1187 3483 equites

206 3510 315 3556 omnes
327 3503 358 3557 et
369 3493 563 3557 centuriones
575 3492 676 3555 iussit.
689 3498 850 3572 „tempus“
861 3492 961 3571 inquit
971 3492 1077 3568 „quod
1089 3503 1187 3565 saepe
