<?xml version="1.0" encoding="UTF-8"?>
<!DOCTYPE html PUBLIC "-//W3C//DTD XHTML 1.0 Transitional//EN"
    "http://www.w3.org/TR/xhtml1/DTD/xhtml1-transitional.dtd">
<html xmlns="http://www.w3.org/1999/xhtml" xml:lang="en" lang="en">
 <head>
  <title>
</title>
<meta http-equiv="Content-Type" content="text/html;charset=utf-8" />
  <meta name='ocr-system' content='tesseract 3.04.00' />
  <meta name='ocr-capabilities' content='ocr_page ocr_carea ocr_par ocr_line ocrx_word'/>
</head>
<body>
  <div class='ocr_page' id='page_1' title='image "./aburbeconditali00mlgoog_0080.png"; bbox 0 0 2600 4000; ppageno 0'>
   <div class='ocr_carea' id='block_1_1' title="bbox 210 233 1017 312">
    <p class='ocr_par' dir='ltr' id='par_1_1' title="bbox 210 233 1017 312">
     <span class='ocr_line' id='line_1_1' title="bbox 210 233 1017 312; baseline -0.005 -14"><span class='ocrx_word' id='word_1_1' title='bbox 210 241 251 306; x_wconf 76' lang='lat' dir='ltr'><strong>sa</strong></span> <span class='ocrx_word' id='word_1_2' title='bbox 386 235 503 297; x_wconf 80' lang='lat' dir='ltr'><strong>unna</strong></span> <span class='ocrx_word' id='word_1_3' title='bbox 516 233 636 294; x_wconf 73' lang='lat' dir='ltr'><strong>unuin.</strong></span> <span class='ocrx_word' id='word_1_4' title='bbox 659 233 742 293; x_wconf 76' lang='lat' dir='ltr'><strong>cun.</strong></span> <span class='ocrx_word' id='word_1_5' title='bbox 758 242 783 294; x_wconf 90' lang='lat'><strong>1.</strong></span> <span class='ocrx_word' id='word_1_6' title='bbox 806 234 844 312; x_wconf 68' lang='lat' dir='ltr'><strong>[a.</strong></span> <span class='ocrx_word' id='word_1_7' title='bbox 859 237 895 291; x_wconf 87' lang='lat' dir='ltr'><strong>n.</strong></span> <span class='ocrx_word' id='word_1_8' title='bbox 910 254 935 292; x_wconf 62' lang='grc' dir='ltr'><strong>ο.</strong></span> <span class='ocrx_word' id='word_1_9' title='bbox 949 234 1017 312; x_wconf 77' lang='lat' dir='ltr'><strong>ssa]</strong></span> 
     </span>
    </p>
   </div>
   <div class='ocr_carea' id='block_1_2' title="bbox 210 383 1189 465">
    <p class='ocr_par' dir='ltr' id='par_1_2' title="bbox 210 383 1189 465">
     <span class='ocr_line' id='line_1_2' title="bbox 210 383 1189 465; baseline -0.012 -9"><span class='ocrx_word' id='word_1_10' title='bbox 210 394 295 457; x_wconf 85' lang='lat' dir='ltr'><strong>daret</strong></span> <span class='ocrx_word' id='word_1_11' title='bbox 313 391 354 452; x_wconf 91' lang='lat' dir='ltr'><strong>de</strong></span> <span class='ocrx_word' id='word_1_12' title='bbox 373 388 533 465; x_wconf 82' lang='lat' dir='ltr'><strong>provincia</strong></span> <span class='ocrx_word' id='word_1_13' title='bbox 553 387 665 448; x_wconf 89' lang='lat' dir='ltr'><strong>multos</strong></span> <span class='ocrx_word' id='word_1_14' title='bbox 687 389 759 460; x_wconf 90' lang='lat' dir='ltr'><strong>post</strong></span> <span class='ocrx_word' id='word_1_15' title='bbox 779 399 888 445; x_wconf 87' lang='lat' dir='ltr'><strong>annos.</strong></span> <span class='ocrx_word' id='word_1_16' title='bbox 921 383 1030 461; x_wconf 90' lang='lat' dir='ltr'><strong>plebes</strong></span> <span class='ocrx_word' id='word_1_17' title='bbox 1046 385 1099 445; x_wconf 87' lang='lat' dir='ltr'><strong>cn.</strong></span> <span class='ocrx_word' id='word_1_18' title='bbox 1114 385 1189 445; x_wconf 82' lang='lat' dir='ltr'><strong>cor·</strong></span> 
     </span>
    </p>
   </div>
   <div class='ocr_carea' id='block_1_3' title="bbox 209 467 1189 634">
    <p class='ocr_par' dir='ltr' id='par_1_3' title="bbox 209 467 1189 634">
     <span class='ocr_line' id='line_1_3' title="bbox 211 467 1189 545; baseline -0.008 -9"><span class='ocrx_word' id='word_1_19' title='bbox 211 476 289 537; x_wconf 89' lang='lat' dir='ltr'><strong>nelio</strong></span> <span class='ocrx_word' id='word_1_20' title='bbox 313 473 442 535; x_wconf 78' lang='lat' dir='ltr'>Lentulo</span> <span class='ocrx_word' id='word_1_21' title='bbox 467 478 498 532; x_wconf 90' lang='lat' dir='ltr'><strong>et</strong></span> <span class='ocrx_word' id='word_1_22' title='bbox 516 472 549 531; x_wconf 92' lang='lat' dir='ltr'><strong>L.</strong></span> <span class='ocrx_word' id='word_1_23' title='bbox 572 469 717 531; x_wconf 75' lang='lat' dir='ltr'>Stertinio</span> <span class='ocrx_word' id='word_1_24' title='bbox 736 484 795 545; x_wconf 90' lang='lat' dir='ltr'><strong>pro</strong></span> <span class='ocrx_word' id='word_1_25' title='bbox 821 467 1001 530; x_wconf 90' lang='lat' dir='ltr'><strong>consulibus</strong></span> <span class='ocrx_word' id='word_1_26' title='bbox 1027 468 1189 545; x_wconf 89' lang='lat' dir='ltr'><strong>imperium</strong></span> 
     </span>
     <span class='ocr_line' id='line_1_4' title="bbox 209 555 600 634; baseline -0.02 -12"><span class='ocrx_word' id='word_1_27' title='bbox 209 575 281 622; x_wconf 83' lang='lat' dir='ltr'><strong>esse</strong></span> <span class='ocrx_word' id='word_1_28' title='bbox 294 560 326 621; x_wconf 92' lang='lat' dir='ltr'><strong>in</strong></span> <span class='ocrx_word' id='word_1_29' title='bbox 339 557 489 634; x_wconf 78' lang='lat' dir='ltr'><strong>Hispania</strong></span> <span class='ocrx_word' id='word_1_30' title='bbox 502 555 600 616; x_wconf 89' lang='lat' dir='ltr'><strong>iussit.</strong></span> 
     </span>
    </p>
   </div>
   <div class='ocr_carea' id='block_1_4' title="bbox 536 886 856 981">
    <p class='ocr_par' dir='ltr' id='par_1_4' title="bbox 536 886 856 981">
     <span class='ocr_line' id='line_1_5' title="bbox 536 886 856 981; baseline -0.009 0"><span class='ocrx_word' id='word_1_31' title='bbox 536 888 675 981; x_wconf 88' lang='lat' dir='ltr'><strong>&#39;II&#39;II</strong></span> <span class='ocrx_word' id='word_1_32' title='bbox 718 886 856 980; x_wconf 86' lang='lat' dir='ltr'><strong>ttvt</strong></span> 
     </span>
    </p>
   </div>
   <div class='ocr_carea' id='block_1_5' title="bbox 487 1034 908 1215">
    <p class='ocr_par' dir='ltr' id='par_1_5' title="bbox 487 1034 908 1215">
     <span class='ocr_line' id='line_1_6' title="bbox 487 1034 908 1101; baseline -0.01 -1"><span class='ocrx_word' id='word_1_33' title='bbox 487 1040 542 1101; x_wconf 82' lang='grc' dir='ltr'><strong>ΑΒ</strong></span> <span class='ocrx_word' id='word_1_34' title='bbox 563 1034 681 1101; x_wconf 78' lang='lat' dir='ltr'>URBE</span> <span class='ocrx_word' id='word_1_35' title='bbox 704 1036 908 1100; x_wconf 77' lang='lat' dir='ltr'><strong>CONDITA</strong></span> 
     </span>
     <span class='ocr_line' id='line_1_7' title="bbox 576 1152 826 1215; baseline 0.004 -2"><span class='ocrx_word' id='word_1_36' title='bbox 576 1154 687 1215; x_wconf 82' lang='lat' dir='ltr'>LIBER</span> <span class='ocrx_word' id='word_1_37' title='bbox 707 1152 826 1215; x_wconf 92' lang='lat' dir='ltr'><strong>XXXII.</strong></span> 
     </span>
    </p>
   </div>
   <div class='ocr_carea' id='block_1_6' title="bbox 224 1371 1190 1572">
    <p class='ocr_par' dir='ltr' id='par_1_6' title="bbox 224 1371 1190 1572">
     <span class='ocr_line' id='line_1_8' title="bbox 224 1371 1190 1443; baseline -0.008 -11"><span class='ocrx_word' id='word_1_38' title='bbox 224 1378 370 1435; x_wconf 81' lang='lat' dir='ltr'><strong>IIPITOME.</strong></span> <span class='ocrx_word' id='word_1_39' title='bbox 407 1376 544 1443; x_wconf 77' lang='lat' dir='ltr'><strong>Complura</strong></span> <span class='ocrx_word' id='word_1_40' title='bbox 559 1374 676 1440; x_wconf 80' lang='lat' dir='ltr'><strong>prodigia</strong></span> <span class='ocrx_word' id='word_1_41' title='bbox 693 1390 726 1424; x_wconf 89' lang='lat' dir='ltr'><strong>ex</strong></span> <span class='ocrx_word' id='word_1_42' title='bbox 742 1375 849 1425; x_wconf 73' lang='lat' dir='ltr'><strong>divana</strong></span> <span class='ocrx_word' id='word_1_43' title='bbox 867 1371 1015 1439; x_wconf 80' lang='lat' dir='ltr'><strong>regionibus</strong></span> <span class='ocrx_word' id='word_1_44' title='bbox 1025 1374 1140 1423; x_wconf 77' lang='lat' dir='ltr'><strong>nuntiato</strong></span> <span class='ocrx_word' id='word_1_45' title='bbox 1147 1388 1190 1424; x_wconf 83' lang='lat' dir='ltr'><strong>re-</strong></span> 
     </span>
     <span class='ocr_line' id='line_1_9' title="bbox 260 1440 1189 1509; baseline -0.009 -9"><span class='ocrx_word' id='word_1_46' title='bbox 260 1450 389 1507; x_wconf 77' lang='lat' dir='ltr'><strong>Iemntur3</strong></span> <span class='ocrx_word' id='word_1_47' title='bbox 406 1448 473 1497; x_wconf 91' lang='lat' dir='ltr'><strong>inter</strong></span> <span class='ocrx_word' id='word_1_48' title='bbox 489 1460 564 1509; x_wconf 84' lang='lat' dir='ltr'><strong>quae,</strong></span> <span class='ocrx_word' id='word_1_49' title='bbox 582 1444 610 1494; x_wconf 91' lang='lat' dir='ltr'><strong>in</strong></span> <span class='ocrx_word' id='word_1_50' title='bbox 626 1443 776 1493; x_wconf 85' lang='lat' dir='ltr'><strong>Macedonia</strong></span> <span class='ocrx_word' id='word_1_51' title='bbox 792 1443 819 1493; x_wconf 93' lang='lat' dir='ltr'><strong>in</strong></span> <span class='ocrx_word' id='word_1_52' title='bbox 836 1442 918 1507; x_wconf 91' lang='lat' dir='ltr'><strong>puppi</strong></span> <span class='ocrx_word' id='word_1_53' title='bbox 933 1441 1025 1507; x_wconf 76' lang='lat' dir='ltr'><strong>longos</strong></span> <span class='ocrx_word' id='word_1_54' title='bbox 1041 1442 1114 1492; x_wconf 82' lang='lat' dir='ltr'><strong>navis</strong></span> <span class='ocrx_word' id='word_1_55' title='bbox 1132 1440 1189 1492; x_wconf 84' lang='lat' dir='ltr'><strong>Iau-</strong></span> 
     </span>
     <span class='ocr_line' id='line_1_10' title="bbox 256 1511 1190 1572; baseline -0.009 -3"><span class='ocrx_word' id='word_1_56' title='bbox 256 1533 327 1569; x_wconf 81' lang='lat' dir='ltr'><strong>ream</strong></span> <span class='ocrx_word' id='word_1_57' title='bbox 345 1531 401 1567; x_wconf 88' lang='lat' dir='ltr'><strong>esse</strong></span> <span class='ocrx_word' id='word_1_58' title='bbox 418 1523 513 1565; x_wconf 83' lang='lat' dir='ltr'><strong>netem.</strong></span> <span class='ocrx_word' id='word_1_59' title='bbox 540 1513 568 1563; x_wconf 82' lang='lat' dir='ltr'><strong>T.</strong></span> <span class='ocrx_word' id='word_1_60' title='bbox 580 1512 711 1572; x_wconf 73' lang='lat' dir='ltr'><strong>Quinctius</strong></span> <span class='ocrx_word' id='word_1_61' title='bbox 727 1511 883 1561; x_wconf 77' lang='lat' dir='ltr'><strong>Flamininus</strong></span> <span class='ocrx_word' id='word_1_62' title='bbox 900 1511 989 1560; x_wconf 91' lang='lat' dir='ltr'><strong>consul</strong></span> <span class='ocrx_word' id='word_1_63' title='bbox 1000 1511 1122 1563; x_wconf 82' lang='lat' dir='ltr'><strong>adversus</strong></span> <span class='ocrx_word' id='word_1_64' title='bbox 1130 1511 1190 1562; x_wconf 87' lang='lat' dir='ltr'><strong>Phi·</strong></span> 
     </span>
    </p>
   </div>
   <div class='ocr_carea' id='block_1_7' title="bbox 256 1579 1190 2329">
    <p class='ocr_par' dir='ltr' id='par_1_7' title="bbox 256 1579 1190 2329">
     <span class='ocr_line' id='line_1_11' title="bbox 260 1579 1187 1653; baseline -0.009 -16"><span class='ocrx_word' id='word_1_65' title='bbox 260 1588 357 1653; x_wconf 89' lang='lat' dir='ltr'><strong>Iippum</strong></span> <span class='ocrx_word' id='word_1_66' title='bbox 374 1585 480 1636; x_wconf 75' lang='lat' dir='ltr'><strong>feliciter</strong></span> <span class='ocrx_word' id='word_1_67' title='bbox 497 1583 620 1650; x_wconf 68' lang='lat' dir='ltr'><strong>pugnavit</strong></span> <span class='ocrx_word' id='word_1_68' title='bbox 637 1582 664 1631; x_wconf 89' lang='lat' dir='ltr'><strong>iu</strong></span> <span class='ocrx_word' id='word_1_69' title='bbox 682 1580 798 1631; x_wconf 78' lang='lat' dir='ltr'><strong>faucibus</strong></span> <span class='ocrx_word' id='word_1_70' title='bbox 816 1580 901 1646; x_wconf 84' lang='lat' dir='ltr'>Epiri,</span> <span class='ocrx_word' id='word_1_71' title='bbox 920 1579 1086 1645; x_wconf 77' lang='lat' dir='ltr'><strong>fugatumque</strong></span> <span class='ocrx_word' id='word_1_72' title='bbox 1103 1581 1187 1647; x_wconf 76' lang='lat' dir='ltr'><strong>coegit</strong></span> 
     </span>
     <span class='ocr_line' id='line_1_12' title="bbox 258 1648 1188 1723; baseline -0.009 -16"><span class='ocrx_word' id='word_1_73' title='bbox 258 1656 401 1723; x_wconf 74' lang='lat' dir='ltr'><strong>iuregmum</strong></span> <span class='ocrx_word' id='word_1_74' title='bbox 417 1654 519 1706; x_wconf 85' lang='lat' dir='ltr'><strong>reverti.</strong></span> <span class='ocrx_word' id='word_1_75' title='bbox 546 1649 778 1717; x_wconf 77' lang='lat' dir='ltr'><strong>ipse&#39;l&#39;hesselinm,</strong></span> <span class='ocrx_word' id='word_1_76' title='bbox 797 1664 862 1712; x_wconf 86' lang='lat' dir='ltr'><strong>qnae</strong></span> <span class='ocrx_word' id='word_1_77' title='bbox 878 1654 916 1699; x_wconf 86' lang='lat' dir='ltr'><strong>est</strong></span> <span class='ocrx_word' id='word_1_78' title='bbox 923 1649 1007 1700; x_wconf 83' lang='lat' dir='ltr'><strong>vicine</strong></span> <span class='ocrx_word' id='word_1_79' title='bbox 1015 1648 1188 1710; x_wconf 66' lang='lat' dir='ltr'><strong>Macedoniae,</strong></span> 
     </span>
     <span class='ocr_line' id='line_1_13' title="bbox 259 1716 1190 1785; baseline -0.01 -8"><span class='ocrx_word' id='word_1_80' title='bbox 259 1726 336 1776; x_wconf 85' lang='lat' dir='ltr'><strong>sociis</strong></span> <span class='ocrx_word' id='word_1_81' title='bbox 352 1722 448 1775; x_wconf 77' lang='lat' dir='ltr'><strong>Aetolis</strong></span> <span class='ocrx_word' id='word_1_82' title='bbox 466 1729 491 1773; x_wconf 89' lang='lat' dir='ltr'><strong>et</strong></span> <span class='ocrx_word' id='word_1_83' title='bbox 500 1720 694 1785; x_wconf 77' lang='lat' dir='ltr'><strong>Athamsuibus,</strong></span> <span class='ocrx_word' id='word_1_84' title='bbox 712 1720 824 1769; x_wconf 80' lang='lat' dir='ltr'><strong>vexerit.</strong></span> <span class='ocrx_word' id='word_1_85' title='bbox 851 1716 1190 1777; x_wconf 63' lang='lat' dir='ltr'><strong>conculcamentum</strong></span> 
     </span>
     <span class='ocr_line' id='line_1_14' title="bbox 260 1787 1190 1854; baseline -0.008 -10"><span class='ocrx_word' id='word_1_86' title='bbox 260 1792 372 1845; x_wconf 88' lang='lat' dir='ltr'><strong>consulis</strong></span> <span class='ocrx_word' id='word_1_87' title='bbox 390 1793 468 1846; x_wconf 78' lang='lat' dir='ltr'><strong>Ineter</strong></span> <span class='ocrx_word' id='word_1_88' title='bbox 483 1789 567 1842; x_wconf 81' lang='lat' dir='ltr'><strong>Attalo</strong></span> <span class='ocrx_word' id='word_1_89' title='bbox 586 1804 647 1854; x_wconf 77' lang='lat' dir='ltr'><strong>rege</strong></span> <span class='ocrx_word' id='word_1_90' title='bbox 665 1795 690 1837; x_wconf 91' lang='lat' dir='ltr'><strong>et</strong></span> <span class='ocrx_word' id='word_1_91' title='bbox 705 1787 812 1838; x_wconf 85' lang='lat' dir='ltr'><strong>Rhodiis</strong></span> <span class='ocrx_word' id='word_1_92' title='bbox 830 1787 1008 1839; x_wconf 86' lang='lat' dir='ltr'><strong>adiuvantibus</strong></span> <span class='ocrx_word' id='word_1_93' title='bbox 1016 1787 1146 1837; x_wconf 76' lang='lat' dir='ltr'><strong>Euboeam</strong></span> <span class='ocrx_word' id='word_1_94' title='bbox 1164 1794 1190 1837; x_wconf 90' lang='lat' dir='ltr'><strong>et</strong></span> 
     </span>
     <span class='ocr_line' id='line_1_15' title="bbox 258 1856 1189 1924; baseline -0.009 -11"><span class='ocrx_word' id='word_1_95' title='bbox 258 1863 409 1913; x_wconf 84' lang='lat' dir='ltr'><strong>maritimam</strong></span> <span class='ocrx_word' id='word_1_96' title='bbox 427 1875 497 1912; x_wconf 89' lang='lat' dir='ltr'><strong>oram</strong></span> <span class='ocrx_word' id='word_1_97' title='bbox 515 1859 590 1924; x_wconf 87' lang='lat' dir='ltr'><strong>cepit.</strong></span> <span class='ocrx_word' id='word_1_98' title='bbox 616 1856 712 1907; x_wconf 80' lang='lat' dir='ltr'><strong>Achaei</strong></span> <span class='ocrx_word' id='word_1_99' title='bbox 729 1858 756 1907; x_wconf 92' lang='lat' dir='ltr'><strong>in</strong></span> <span class='ocrx_word' id='word_1_100' title='bbox 774 1857 910 1906; x_wconf 72' lang='lat' dir='ltr'><strong>amicitiam</strong></span> <span class='ocrx_word' id='word_1_101' title='bbox 927 1856 1023 1921; x_wconf 77' lang='lat' dir='ltr'><strong>recepti</strong></span> <span class='ocrx_word' id='word_1_102' title='bbox 1040 1863 1109 1906; x_wconf 91' lang='lat' dir='ltr'><strong>sunt.</strong></span> <span class='ocrx_word' id='word_1_103' title='bbox 1128 1871 1189 1905; x_wconf 90' lang='lat' dir='ltr'><strong>con·</strong></span> 
     </span>
     <span class='ocr_line' id='line_1_16' title="bbox 258 1925 1189 1992; baseline -0.006 -11"><span class='ocrx_word' id='word_1_104' title='bbox 258 1933 349 1981; x_wconf 84' lang='lat' dir='ltr'><strong>iuratio</strong></span> <span class='ocrx_word' id='word_1_105' title='bbox 367 1944 507 1988; x_wconf 81' lang='lat' dir='ltr'><strong>servorum,</strong></span> <span class='ocrx_word' id='word_1_106' title='bbox 526 1927 593 1977; x_wconf 84' lang='lat' dir='ltr'><strong>iectu</strong></span> <span class='ocrx_word' id='word_1_107' title='bbox 612 1925 782 1977; x_wconf 85' lang='lat' dir='ltr'><strong>desolvendis</strong></span> <span class='ocrx_word' id='word_1_108' title='bbox 792 1925 1036 1991; x_wconf 76' lang='lat' dir='ltr'><strong>Carthaginiensium</strong></span> <span class='ocrx_word' id='word_1_109' title='bbox 1047 1925 1189 1992; x_wconf 86' lang='lat' dir='ltr'><strong>obsidibus,</strong></span> 
     </span>
     <span class='ocr_line' id='line_1_17' title="bbox 259 1996 1189 2066; baseline -0.005 -16"><span class='ocrx_word' id='word_1_110' title='bbox 259 2014 382 2066; x_wconf 81' lang='lat' dir='ltr'><strong>oppresse</strong></span> <span class='ocrx_word' id='word_1_111' title='bbox 402 2007 455 2058; x_wconf 90' lang='lat' dir='ltr'><strong>est;</strong></span> <span class='ocrx_word' id='word_1_112' title='bbox 481 1996 617 2049; x_wconf 74' lang='lat' dir='ltr'><strong>duomilia</strong></span> <span class='ocrx_word' id='word_1_113' title='bbox 635 1996 719 2046; x_wconf 83' lang='lat' dir='ltr'><strong>necati</strong></span> <span class='ocrx_word' id='word_1_114' title='bbox 735 2004 801 2047; x_wconf 91' lang='lat' dir='ltr'><strong>sunt.</strong></span> <span class='ocrx_word' id='word_1_115' title='bbox 837 2002 980 2061; x_wconf 84' lang='lat' dir='ltr'><strong>prcetomm</strong></span> <span class='ocrx_word' id='word_1_116' title='bbox 997 2009 1118 2045; x_wconf 88' lang='lat' dir='ltr'><strong>nnmems</strong></span> <span class='ocrx_word' id='word_1_117' title='bbox 1134 2010 1189 2045; x_wconf 82' lang='lat' dir='ltr'><strong>am·</strong></span> 
     </span>
     <span class='ocr_line' id='line_1_18' title="bbox 257 2063 1189 2135; baseline -0.005 -17"><span class='ocrx_word' id='word_1_118' title='bbox 257 2069 352 2135; x_wconf 85' lang='lat' dir='ltr'><strong>pliotus</strong></span> <span class='ocrx_word' id='word_1_119' title='bbox 369 2075 416 2130; x_wconf 86' lang='lat' dir='ltr'><strong>est,</strong></span> <span class='ocrx_word' id='word_1_120' title='bbox 432 2076 461 2119; x_wconf 91' lang='lat' dir='ltr'><strong>ut</strong></span> <span class='ocrx_word' id='word_1_121' title='bbox 477 2067 532 2119; x_wconf 87' lang='lat' dir='ltr'><strong>seni</strong></span> <span class='ocrx_word' id='word_1_122' title='bbox 550 2074 701 2118; x_wconf 87' lang='lat' dir='ltr'><strong>crearentur.</strong></span> <span class='ocrx_word' id='word_1_123' title='bbox 732 2064 861 2116; x_wconf 73' lang='lat' dir='ltr'><strong>Cornelius</strong></span> <span class='ocrx_word' id='word_1_124' title='bbox 880 2063 1006 2130; x_wconf 73' lang='lat' dir='ltr'><strong>Cethegus</strong></span> <span class='ocrx_word' id='word_1_125' title='bbox 1025 2063 1113 2114; x_wconf 87' lang='lat' dir='ltr'><strong>consul</strong></span> <span class='ocrx_word' id='word_1_126' title='bbox 1131 2063 1189 2114; x_wconf 80' lang='lat' dir='ltr'><strong>Gul-</strong></span> 
     </span>
     <span class='ocr_line' id='line_1_19' title="bbox 256 2134 1189 2204; baseline -0.008 -14"><span class='ocrx_word' id='word_1_127' title='bbox 256 2139 295 2190; x_wconf 90' lang='lat' dir='ltr'><strong>los</strong></span> <span class='ocrx_word' id='word_1_128' title='bbox 313 2139 430 2189; x_wconf 72' lang='lat' dir='ltr'><strong>Insubres</strong></span> <span class='ocrx_word' id='word_1_129' title='bbox 447 2136 544 2204; x_wconf 88' lang='lat' dir='ltr'><strong>proelio</strong></span> <span class='ocrx_word' id='word_1_130' title='bbox 564 2135 640 2187; x_wconf 81' lang='lat' dir='ltr'><strong>indit.</strong></span> <span class='ocrx_word' id='word_1_131' title='bbox 668 2134 942 2185; x_wconf 87' lang='lat' dir='ltr'><strong>cumLacedaemoniis</strong></span> <span class='ocrx_word' id='word_1_132' title='bbox 951 2140 976 2183; x_wconf 96' lang='lat' dir='ltr'><strong>et</strong></span> <span class='ocrx_word' id='word_1_133' title='bbox 983 2141 1089 2199; x_wconf 75' lang='lat' dir='ltr'><strong>tyranno</strong></span> <span class='ocrx_word' id='word_1_134' title='bbox 1102 2148 1189 2183; x_wconf 87' lang='lat' dir='ltr'><strong>eorum</strong></span> 
     </span>
     <span class='ocr_line' id='line_1_20' title="bbox 256 2203 1188 2270; baseline -0.005 -12"><span class='ocrx_word' id='word_1_135' title='bbox 256 2207 353 2259; x_wconf 83' lang='lat' dir='ltr'><strong>Nabide</strong></span> <span class='ocrx_word' id='word_1_136' title='bbox 371 2208 482 2258; x_wconf 83' lang='lat' dir='ltr'><strong>amicitie</strong></span> <span class='ocrx_word' id='word_1_137' title='bbox 499 2207 585 2256; x_wconf 85' lang='lat' dir='ltr'><strong>iuncte</strong></span> <span class='ocrx_word' id='word_1_138' title='bbox 602 2212 648 2255; x_wconf 88' lang='lat' dir='ltr'><strong>est.</strong></span> <span class='ocrx_word' id='word_1_139' title='bbox 676 2211 807 2270; x_wconf 78' lang='lat' dir='ltr'><strong>praeterea</strong></span> <span class='ocrx_word' id='word_1_140' title='bbox 823 2204 1024 2269; x_wconf 78' lang='lat' dir='ltr'><strong>expugnationes</strong></span> <span class='ocrx_word' id='word_1_141' title='bbox 1041 2203 1143 2252; x_wconf 89' lang='lat' dir='ltr'><strong>urbium</strong></span> <span class='ocrx_word' id='word_1_142' title='bbox 1160 2203 1188 2253; x_wconf 88' lang='lat' dir='ltr'><strong>in</strong></span> 
     </span>
     <span class='ocr_line' id='line_1_21' title="bbox 258 2276 578 2329; baseline -0.016 0"><span class='ocrx_word' id='word_1_143' title='bbox 258 2278 408 2329; x_wconf 82' lang='lat' dir='ltr'><strong>Macedonia</strong></span> <span class='ocrx_word' id='word_1_144' title='bbox 426 2276 578 2326; x_wconf 77' lang='lat' dir='ltr'><strong>referuntur.</strong></span> 
     </span>
    </p>
   </div>
   <div class='ocr_carea' id='block_1_8' title="bbox 204 2405 1190 3157">
    <p class='ocr_par' dir='ltr' id='par_1_8' title="bbox 204 2405 1190 3157">
     <span class='ocr_line' id='line_1_22' title="bbox 291 2405 1189 2483; baseline -0.004 -14"><span class='ocrx_word' id='word_1_145' title='bbox 291 2411 315 2469; x_wconf 81' lang='grc' dir='ltr'><strong>Ι.</strong></span> <span class='ocrx_word' id='word_1_146' title='bbox 344 2408 494 2469; x_wconf 81' lang='lat' dir='ltr'><strong>consules</strong></span> <span class='ocrx_word' id='word_1_147' title='bbox 515 2413 738 2483; x_wconf 88' lang='lat' dir='ltr'><strong>praetoresque</strong></span> <span class='ocrx_word' id='word_1_148' title='bbox 759 2423 829 2468; x_wconf 87' lang='lat' dir='ltr'><strong>cum</strong></span> <span class='ocrx_word' id='word_1_149' title='bbox 843 2406 946 2467; x_wconf 89' lang='lat' dir='ltr'><strong>idibus</strong></span> <span class='ocrx_word' id='word_1_150' title='bbox 960 2405 1077 2467; x_wconf 87' lang='lat' dir='ltr'><strong>Martiis</strong></span> <span class='ocrx_word' id='word_1_151' title='bbox 1092 2405 1189 2481; x_wconf 76' lang='lat' dir='ltr'><strong>magi·</strong></span> 
     </span>
     <span class='ocr_line' id='line_1_23' title="bbox 206 2489 1187 2569; baseline -0.004 -16"><span class='ocrx_word' id='word_1_152' title='bbox 206 2498 333 2553; x_wconf 90' lang='lat' dir='ltr'><strong>stratum</strong></span> <span class='ocrx_word' id='word_1_153' title='bbox 346 2491 484 2564; x_wconf 88' lang='lat' dir='ltr'><strong>inissent,</strong></span> <span class='ocrx_word' id='word_1_154' title='bbox 499 2489 675 2564; x_wconf 87' lang='lat' dir='ltr'><strong>provincias</strong></span> <span class='ocrx_word' id='word_1_155' title='bbox 691 2491 790 2552; x_wconf 85' lang='lat' dir='ltr'><strong>sortiti</strong></span> <span class='ocrx_word' id='word_1_156' title='bbox 804 2495 884 2552; x_wconf 89' lang='lat' dir='ltr'><strong>sunl.</strong></span> <span class='ocrx_word' id='word_1_157' title='bbox 907 2490 940 2550; x_wconf 89' lang='lat' dir='ltr'><strong>L.</strong></span> <span class='ocrx_word' id='word_1_158' title='bbox 952 2490 1081 2551; x_wconf 88' lang='lat' dir='ltr'><strong>Lentulo</strong></span> <span class='ocrx_word' id='word_1_159' title='bbox 1091 2490 1187 2569; x_wconf 82' lang='lat' dir='ltr'><strong>ltalia,</strong></span> 
     </span>
     <span class='ocr_line' id='line_1_24' title="bbox 204 2572 1189 2650; baseline -0.003 -15"><span class='ocrx_word' id='word_1_160' title='bbox 204 2575 237 2635; x_wconf 84' lang='lat' dir='ltr'><strong>P.</strong></span> <span class='ocrx_word' id='word_1_161' title='bbox 251 2574 344 2635; x_wconf 90' lang='lat' dir='ltr'><strong>Villio</strong></span> <span class='ocrx_word' id='word_1_162' title='bbox 359 2573 556 2641; x_wconf 78' lang='lat' dir='ltr'><strong>Macedonia3</strong></span> <span class='ocrx_word' id='word_1_163' title='bbox 579 2572 775 2648; x_wconf 87' lang='lat' dir='ltr'><strong>praetoribus</strong></span> <span class='ocrx_word' id='word_1_164' title='bbox 789 2575 823 2633; x_wconf 90' lang='lat' dir='ltr'><strong>L.</strong></span> <span class='ocrx_word' id='word_1_165' title='bbox 838 2572 977 2648; x_wconf 81' lang='lat' dir='ltr'><strong>Quinctio</strong></span> <span class='ocrx_word' id='word_1_166' title='bbox 991 2575 1117 2650; x_wconf 89' lang='lat' dir='ltr'><strong>urbana,</strong></span> <span class='ocrx_word' id='word_1_167' title='bbox 1134 2574 1189 2634; x_wconf 78' lang='lat' dir='ltr'><strong>cn.</strong></span> 
     </span>
     <span class='ocr_line' id='line_1_25' title="bbox 204 2656 1190 2732; baseline -0.002 -13"><span class='ocrx_word' id='word_1_168' title='bbox 204 2657 320 2719; x_wconf 89' lang='lat' dir='ltr'><strong>Baebio</strong></span> <span class='ocrx_word' id='word_1_169' title='bbox 341 2656 525 2730; x_wconf 81' lang='lat' dir='ltr'><strong>Ariminum,</strong></span> <span class='ocrx_word' id='word_1_170' title='bbox 549 2656 582 2715; x_wconf 90' lang='lat' dir='ltr'><strong>L.</strong></span> <span class='ocrx_word' id='word_1_171' title='bbox 597 2657 723 2720; x_wconf 91' lang='lat' dir='ltr'><strong>Valerio</strong></span> <span class='ocrx_word' id='word_1_172' title='bbox 745 2659 863 2732; x_wconf 83' lang='lat' dir='ltr'><strong>Sicilia,</strong></span> <span class='ocrx_word' id='word_1_173' title='bbox 885 2657 919 2717; x_wconf 92' lang='lat' dir='ltr'><strong>L.</strong></span> <span class='ocrx_word' id='word_1_174' title='bbox 934 2657 1027 2718; x_wconf 91' lang='lat' dir='ltr'><strong>Villio</strong></span> <span class='ocrx_word' id='word_1_175' title='bbox 1047 2657 1190 2719; x_wconf 85' lang='lat' dir='ltr'><strong>Sardinia</strong></span> 
     </span>
     <span class='ocr_line' id='line_1_26' title="bbox 205 2740 1189 2818; baseline -0.001 -15"><span class='ocrx_word' id='word_1_176' title='bbox 205 2741 316 2803; x_wconf 90' lang='lat' dir='ltr'><strong>evenit.</strong></span> <span class='ocrx_word' id='word_1_177' title='bbox 349 2740 495 2802; x_wconf 89' lang='lat' dir='ltr'><strong>Lentulus</strong></span> <span class='ocrx_word' id='word_1_178' title='bbox 518 2743 626 2803; x_wconf 89' lang='lat' dir='ltr'><strong>consul</strong></span> <span class='ocrx_word' id='word_1_179' title='bbox 645 2759 744 2804; x_wconf 88' lang='lat' dir='ltr'><strong>novas</strong></span> <span class='ocrx_word' id='word_1_180' title='bbox 766 2743 905 2818; x_wconf 77' lang='lat' dir='ltr'><strong>legiones</strong></span> <span class='ocrx_word' id='word_1_181' title='bbox 919 2741 1056 2802; x_wconf 88' lang='lat' dir='ltr'><strong>scribere</strong></span> <span class='ocrx_word' id='word_1_182' title='bbox 1071 2740 1189 2815; x_wconf 89' lang='lat' dir='ltr'><strong>iussus,</strong></span> 
     </span>
     <span class='ocr_line' id='line_1_27' title="bbox 205 2819 1189 2903; baseline 0 -18"><span class='ocrx_word' id='word_1_183' title='bbox 205 2825 315 2887; x_wconf 86' lang='lat' dir='ltr'><strong>Villius</strong></span> <span class='ocrx_word' id='word_1_184' title='bbox 330 2824 394 2886; x_wconf 89' lang='lat' dir='ltr'><strong>aP.</strong></span> <span class='ocrx_word' id='word_1_185' title='bbox 410 2825 547 2901; x_wconf 88' lang='lat' dir='ltr'><strong>Sulpicio</strong></span> <span class='ocrx_word' id='word_1_186' title='bbox 568 2828 737 2890; x_wconf 85' lang='lat' dir='ltr'><strong>exereitum</strong></span> <span class='ocrx_word' id='word_1_187' title='bbox 759 2828 917 2903; x_wconf 79' lang='lat' dir='ltr'><strong>accipere=</strong></span> <span class='ocrx_word' id='word_1_188' title='bbox 938 2825 969 2886; x_wconf 92' lang='lat' dir='ltr'><strong>in</strong></span> <span class='ocrx_word' id='word_1_189' title='bbox 988 2819 1189 2903; x_wconf 83' lang='lat' dir='ltr'><strong>&#39;supplemen-</strong></span> 
     </span>
     <span class='ocr_line' id='line_1_28' title="bbox 204 2908 1189 2986; baseline -0.002 -15"><span class='ocrx_word' id='word_1_190' title='bbox 204 2917 267 2971; x_wconf 86' lang='lat' dir='ltr'><strong>tum</strong></span> <span class='ocrx_word' id='word_1_191' title='bbox 287 2909 370 2982; x_wconf 90' lang='lat' dir='ltr'><strong>eius,</strong></span> <span class='ocrx_word' id='word_1_192' title='bbox 397 2916 544 2986; x_wconf 87' lang='lat' dir='ltr'><strong>quantum</strong></span> <span class='ocrx_word' id='word_1_193' title='bbox 562 2911 690 2973; x_wconf 89' lang='lat' dir='ltr'><strong>militum</strong></span> <span class='ocrx_word' id='word_1_194' title='bbox 709 2912 879 2985; x_wconf 87' lang='lat' dir='ltr'><strong>videretur,</strong></span> <span class='ocrx_word' id='word_1_195' title='bbox 904 2915 939 2972; x_wconf 89' lang='lat' dir='ltr'><strong>ut</strong></span> <span class='ocrx_word' id='word_1_196' title='bbox 958 2910 1107 2971; x_wconf 88' lang='lat' dir='ltr'><strong>scriberet</strong></span> <span class='ocrx_word' id='word_1_197' title='bbox 1127 2908 1189 2985; x_wconf 92' lang='lat' dir='ltr'><strong>ipsi</strong></span> 
     </span>
     <span class='ocr_line' id='line_1_29' title="bbox 206 2993 1189 3071; baseline 0 -18"><span class='ocrx_word' id='word_1_198' title='bbox 206 2993 398 3070; x_wconf 85' lang='lat' dir='ltr'><strong>pennissum.</strong></span> <span class='ocrx_word' id='word_1_199' title='bbox 431 2994 564 3071; x_wconf 87' lang='lat' dir='ltr'><strong>praetori</strong></span> <span class='ocrx_word' id='word_1_200' title='bbox 584 2995 701 3058; x_wconf 87' lang='lat' dir='ltr'><strong>Baebio</strong></span> <span class='ocrx_word' id='word_1_201' title='bbox 726 2996 864 3071; x_wconf 82' lang='lat' dir='ltr'><strong>legiones</strong></span> <span class='ocrx_word' id='word_1_202' title='bbox 886 3010 965 3070; x_wconf 86' lang='lat' dir='ltr'><strong>quas</strong></span> <span class='ocrx_word' id='word_1_203' title='bbox 989 2995 1020 3055; x_wconf 85' lang='lat' dir='ltr'><strong>c.</strong></span> <span class='ocrx_word' id='word_1_204' title='bbox 1041 2993 1189 3059; x_wconf 83' lang='lat' dir='ltr'><strong>Aurelius</strong></span> 
     </span>
     <span class='ocr_line' id='line_1_30' title="bbox 206 3078 1189 3157; baseline 0 -19"><span class='ocrx_word' id='word_1_205' title='bbox 206 3080 315 3139; x_wconf 91' lang='lat' dir='ltr'><strong>consul</strong></span> <span class='ocrx_word' id='word_1_206' title='bbox 328 3078 488 3141; x_wconf 77' lang='lat' dir='ltr'><strong>habuisset</strong></span> <span class='ocrx_word' id='word_1_207' title='bbox 499 3081 542 3140; x_wconf 89' lang='lat' dir='ltr'><strong>ita</strong></span> <span class='ocrx_word' id='word_1_208' title='bbox 556 3080 707 3157; x_wconf 89' lang='lat' dir='ltr'><strong>decretae,</strong></span> <span class='ocrx_word' id='word_1_209' title='bbox 722 3088 756 3141; x_wconf 92' lang='lat' dir='ltr'><strong>ut</strong></span> <span class='ocrx_word' id='word_1_210' title='bbox 765 3080 909 3141; x_wconf 88' lang='lat' dir='ltr'><strong>retineret</strong></span> <span class='ocrx_word' id='word_1_211' title='bbox 919 3094 983 3152; x_wconf 86' lang='lat' dir='ltr'><strong>eas,</strong></span> <span class='ocrx_word' id='word_1_212' title='bbox 999 3080 1101 3139; x_wconf 88' lang='lat' dir='ltr'><strong>donee</strong></span> <span class='ocrx_word' id='word_1_213' title='bbox 1113 3094 1189 3139; x_wconf 88' lang='lat' dir='ltr'><strong>con-</strong></span> 
     </span>
    </p>
   </div>
   <div class='ocr_carea' id='block_1_9' title="bbox 206 3162 1295 3235">
    <p class='ocr_par' dir='ltr' id='par_1_9' title="bbox 206 3162 1295 3235">
     <span class='ocr_line' id='line_1_31' title="bbox 206 3162 1295 3235; baseline -0.001 -12"><span class='ocrx_word' id='word_1_214' title='bbox 206 3164 254 3223; x_wconf 91' lang='lat' dir='ltr'><strong>sul</strong></span> <span class='ocrx_word' id='word_1_215' title='bbox 272 3179 354 3225; x_wconf 89' lang='lat' dir='ltr'><strong>novo</strong></span> <span class='ocrx_word' id='word_1_216' title='bbox 377 3180 446 3225; x_wconf 90' lang='lat' dir='ltr'><strong>cum</strong></span> <span class='ocrx_word' id='word_1_217' title='bbox 467 3166 603 3226; x_wconf 88' lang='lat' dir='ltr'><strong>exercitu</strong></span> <span class='ocrx_word' id='word_1_218' title='bbox 618 3166 814 3235; x_wconf 61' lang='lat' dir='ltr'><strong>succederem</strong></span> <span class='ocrx_word' id='word_1_219' title='bbox 837 3165 868 3225; x_wconf 89' lang='lat' dir='ltr'><strong>in</strong></span> <span class='ocrx_word' id='word_1_220' title='bbox 885 3164 1012 3224; x_wconf 86' lang='lat' dir='ltr'><strong>Galliam</strong></span> <span class='ocrx_word' id='word_1_221' title='bbox 1026 3162 1079 3225; x_wconf 90' lang='lat' dir='ltr'><strong>ubi</strong></span> <span class='ocrx_word' id='word_1_222' title='bbox 1093 3162 1120 3223; x_wconf 94' lang='lat' dir='ltr'><strong>is</strong></span> <span class='ocrx_word' id='word_1_223' title='bbox 1134 3178 1189 3222; x_wconf 90' lang='lat' dir='ltr'><strong>ve·</strong></span> <span class='ocrx_word' id='word_1_224' title='bbox 1294 3170 1295 3181; x_wconf 58' lang='lat'>³</span> 
     </span>
    </p>
   </div>
   <div class='ocr_carea' id='block_1_10' title="bbox 205 3247 1243 3578">
    <p class='ocr_par' dir='ltr' id='par_1_10' title="bbox 205 3247 1243 3578">
     <span class='ocr_line' id='line_1_32' title="bbox 205 3247 1190 3323; baseline 0 -18"><span class='ocrx_word' id='word_1_225' title='bbox 205 3247 317 3323; x_wconf 89' lang='lat' dir='ltr'><strong>nisset,</strong></span> <span class='ocrx_word' id='word_1_226' title='bbox 342 3263 450 3309; x_wconf 89' lang='lat' dir='ltr'><strong>omnes</strong></span> <span class='ocrx_word' id='word_1_227' title='bbox 474 3249 583 3309; x_wconf 92' lang='lat' dir='ltr'><strong>milites</strong></span> <span class='ocrx_word' id='word_1_228' title='bbox 608 3247 798 3311; x_wconf 86' lang='lat' dir='ltr'><strong>exauctorati</strong></span> <span class='ocrx_word' id='word_1_229' title='bbox 823 3250 946 3310; x_wconf 89' lang='lat' dir='ltr'><strong>domum</strong></span> <span class='ocrx_word' id='word_1_230' title='bbox 967 3248 1190 3308; x_wconf 84' lang='lat' dir='ltr'><strong>dimitterentur</strong></span> 
     </span>
     <span class='ocr_line' id='line_1_33' title="bbox 206 3330 1243 3409; baseline -0.001 -18"><span class='ocrx_word' id='word_1_231' title='bbox 206 3339 326 3403; x_wconf 83' lang='lat' dir='ltr'><strong>praeter</strong></span> <span class='ocrx_word' id='word_1_232' title='bbox 340 3333 476 3409; x_wconf 91' lang='lat' dir='ltr'><strong>quinque</strong></span> <span class='ocrx_word' id='word_1_233' title='bbox 490 3332 572 3392; x_wconf 91' lang='lat' dir='ltr'><strong>milia</strong></span> <span class='ocrx_word' id='word_1_234' title='bbox 583 3334 715 3394; x_wconf 77' lang='lat' dir='ltr'><strong>socium:</strong></span> <span class='ocrx_word' id='word_1_235' title='bbox 731 3334 768 3394; x_wconf 91' lang='lat' dir='ltr'><strong>iis</strong></span> <span class='ocrx_word' id='word_1_236' title='bbox 784 3332 912 3395; x_wconf 89' lang='lat' dir='ltr'><strong>obtineri</strong></span> <span class='ocrx_word' id='word_1_237' title='bbox 925 3332 1007 3392; x_wconf 88' lang='lat' dir='ltr'><strong>circa</strong></span> <span class='ocrx_word' id='word_1_238' title='bbox 1016 3330 1189 3391; x_wconf 81' lang='lat' dir='ltr'><strong>Ariminum</strong></span> <span class='ocrx_word' id='word_1_239' title='bbox 1240 3362 1243 3367; x_wconf 92' lang='lat'><strong>·</strong></span> 
     </span>
     <span class='ocr_line' id='line_1_34' title="bbox 207 3415 1188 3495; baseline -0.002 -19"><span class='ocrx_word' id='word_1_240' title='bbox 207 3416 397 3492; x_wconf 90' lang='lat' dir='ltr'><strong>provinciam</strong></span> <span class='ocrx_word' id='word_1_241' title='bbox 411 3416 487 3477; x_wconf 82' lang='lat' dir='ltr'><strong>satIs</strong></span> <span class='ocrx_word' id='word_1_242' title='bbox 502 3433 583 3477; x_wconf 88' lang='lat' dir='ltr'><strong>esse.</strong></span> <span class='ocrx_word' id='word_1_243' title='bbox 603 3425 801 3495; x_wconf 79' lang='lat' dir='ltr'><strong>prorogatum</strong></span> <span class='ocrx_word' id='word_1_244' title='bbox 816 3417 976 3493; x_wconf 90' lang='lat' dir='ltr'><strong>imperium</strong></span> <span class='ocrx_word' id='word_1_245' title='bbox 991 3415 1188 3491; x_wconf 88' lang='lat' dir='ltr'><strong>praetoribus</strong></span> 
     </span>
     <span class='ocr_line' id='line_1_35' title="bbox 207 3498 1189 3578; baseline -0.003 -17"><span class='ocrx_word' id='word_1_246' title='bbox 207 3500 316 3576; x_wconf 87' lang='lat' dir='ltr'><strong>prioris</strong></span> <span class='ocrx_word' id='word_1_247' title='bbox 332 3501 412 3576; x_wconf 85' lang='lat' dir='ltr'><strong>anni,</strong></span> <span class='ocrx_word' id='word_1_248' title='bbox 428 3501 460 3562; x_wconf 81' lang='lat'><strong>0.</strong></span> <span class='ocrx_word' id='word_1_249' title='bbox 473 3501 591 3578; x_wconf 81' lang='lat' dir='ltr'><strong>Sergio,</strong></span> <span class='ocrx_word' id='word_1_250' title='bbox 606 3510 640 3563; x_wconf 89' lang='lat' dir='ltr'><strong>ut</strong></span> <span class='ocrx_word' id='word_1_251' title='bbox 653 3498 806 3571; x_wconf 90' lang='lat' dir='ltr'><strong>militibus,</strong></span> <span class='ocrx_word' id='word_1_252' title='bbox 819 3501 870 3574; x_wconf 82' lang='lat' dir='ltr'><strong>qui</strong></span> <span class='ocrx_word' id='word_1_253' title='bbox 881 3499 913 3559; x_wconf 92' lang='lat' dir='ltr'><strong>in</strong></span> <span class='ocrx_word' id='word_1_254' title='bbox 923 3500 1073 3576; x_wconf 87' lang='lat' dir='ltr'><strong>Hispania</strong></span> <span class='ocrx_word' id='word_1_255' title='bbox 1084 3498 1189 3560; x_wconf 82' lang='lat' dir='ltr'><strong>Sinilia</strong></span> 
     </span>
    </p>
   </div>
   <div class='ocr_carea' id='block_1_11' title="bbox 0 0 1304 4000">
    <p class='ocr_par' dir='ltr' id='par_1_11' title="bbox 0 0 1304 4000">
     <span class='ocr_line' id='line_1_36' title="bbox 0 0 1304 4000; baseline 0 0"><span class='ocrx_word' id='word_1_256' title='bbox 0 0 1304 4000; x_wconf 95' lang='lat' dir='ltr'><strong> </strong></span> 
     </span>
    </p>
   </div>
  </div>
 </body>
</html>
