2600 4000
184 234 225 298 14
331 233 446 292 LIBER
460 231 564 290 XXXI.
588 229 670 290 CAP.
687 240 730 291 15.
747 238 791 292 16.
814 236 851 303 [a.
867 235 902 288 U.
918 251 942 287 c.
956 235 1021 301 552]

184 381 317 448 Attalida
335 382 540 458 appellarent,
570 380 611 439 ad
632 379 739 440 decern
759 388 881 441 veteres
897 378 993 440 tribus
1007 380 1161 441 addenda.

182 477 213 530 et
225 464 415 527 Rhodiorum
429 465 566 541 populus
581 479 697 523 corona
711 480 806 525 aurea
826 462 945 524 virtutis
970 479 1044 539 ergo
1071 464 1167 524 dona·

184 562 249 626 tus,
273 548 445 625 civitasque
469 546 599 609 Rhodiis
624 547 711 622 data,
733 564 826 623 quern
850 547 891 607 ad
910 548 1035 608 modtun
1053 546 1168 608 Rhodii

181 634 269 713 prius
288 631 530 695 Atheniensibus
552 631 709 692 dederant.
744 632 915 692 secundum
939 631 1017 691 haec
1036 647 1094 692 rex
1114 633 1162 692 At·

183 721 262 782 talus
275 716 427 794 Aeginam
442 716 483 776 ad
498 717 631 775 classem
646 730 681 775 se
695 713 815 791 recipit,
828 713 942 776 Rhodii
957 714 1040 774 Ciam
1053 717 1093 775 ab
1105 716 1168 775 Ae·

183 803 274 880 gina,
308 801 380 862 inde
407 816 465 875 per
492 798 610 859 insulas
637 798 782 859 Rhodum
814 797 997 874 navigarunt
1025 799 1166 859 omnibus

183 894 305 965 praeter
318 885 457 945 Andrum
470 883 642 958 Parumque
663 890 694 943 et
714 882 882 960 Cythnum,
908 899 988 958 quae
1002 881 1169 958 praesidiis

182 971 385 1034 Macedonum
400 967 590 1040 tenebantur,
611 965 642 1026 in
659 965 838 1028 societatem
852 965 998 1041 acceptis.
1032 968 1168 1028 Attalum

187 1053 321 1131 Aeginae
336 1050 423 1112 missi
437 1050 468 1110 in
482 1050 636 1111 Aetoliam
649 1049 762 1126 nuntii,
787 1049 1024 1126 exspectatique
1039 1050 1110 1111 inde
1124 1051 1167 1110 le

184 1137 261 1213 gati,
287 1133 476 1212 aliquamdiu
490 1132 565 1194 nihil
578 1143 720 1209 agentem
734 1144 871 1196 tenuere.
916 1144 947 1195 et
971 1151 1073 1210 neque
1096 1133 1168 1195 illos

184 1220 288 1283 excire
312 1222 352 1280 ad
369 1235 453 1279 arma
467 1217 580 1295 potuit,
609 1220 780 1292 gaudentes
804 1226 971 1293 utcumque
997 1217 1169 1295 composita

185 1321 254 1367 cum
266 1303 406 1380 Philippo
425 1318 518 1378 pace;
548 1300 662 1378 etipse
681 1302 866 1379 Rhodiique,
896 1320 973 1378 curn,
995 1302 1022 1363 si
1043 1300 1164 1364 institis·
1282 1348 1287 1355 .

185 1396 255 1451 sent
267 1387 417 1464 Philippo,
433 1385 591 1462 egregium
605 1385 751 1447 liberatae
765 1403 823 1463 per
838 1403 873 1448 se
887 1386 1035 1448 Graeciae
1049 1386 1168 1448 titulum

184 1473 299 1534 babere
311 1469 495 1548 potuissent,
517 1468 663 1546 pollendo
683 1486 792 1531 mrsus
807 1488 877 1532 curn
891 1471 921 1531 in
935 1472 1168 1547 Hellespontum

185 1555 315 1618 traicere
340 1562 605 1631 occupantemque
618 1552 767 1616 Thraciae
793 1563 968 1631 opportuna
990 1556 1060 1615 loca
1084 1554 1168 1615 vires

185 1639 341 1716 colligere,
366 1640 480 1701 bellum
504 1639 617 1711 aluere,
643 1636 835 1715 gloriamque
849 1638 917 1700 eius
932 1637 1012 1715 gesti
1025 1637 1167 1715 perlecti·

187 1741 248 1802 que
258 1722 406 1785 Romanis
422 1731 653 1785 concesserunt.

265 1809 346 1869 xvt.
367 1807 527 1883 Philippus
543 1805 640 1882 magis
654 1806 740 1882 regio
755 1805 856 1867 animo
868 1814 1018 1878 estusus;
1034 1804 1168 1881 quicum

187 1893 320 1955 Attalum
332 1891 535 1966 Rhodiosque
549 1888 648 1951 hostis
664 1907 726 1952 non
741 1889 954 1965 sustinuisset,
974 1907 1015 1951 ne
1027 1891 1167 1950 Romano

187 1974 310 2053 quidem
326 1976 411 2051 quod
425 1973 600 2036 imminebat
613 1974 695 2036 bello
711 1973 849 2051 territus,
877 1974 1012 2037 Philocle
1034 1976 1168 2051 quodam

185 2077 226 2121 ex
240 2058 405 2136 praelectis
421 2058 486 2119 suis
502 2075 571 2119 curn
586 2060 707 2121 duobus
719 2059 841 2121 milibus
852 2060 997 2137 peditum,
1013 2058 1168 2136 equitibus

186 2142 325 2205 ducentis
336 2144 377 2204 ad
388 2144 585 2220 populandos
596 2142 831 2206 Atheniensium
842 2160 935 2219 agros
946 2142 1053 2219 misso,
1067 2144 1168 2204 classe

187 2226 296 2292 tradita
306 2227 471 2304 Heraclidi,
485 2236 519 2289 ut
532 2227 708 2290 Maroneam
724 2236 852 2304 peteret,
877 2227 948 2305 ipse
962 2236 1043 2289 terra
1057 2227 1169 2288 eodem
1289 2317 1290 2326 ἵ

186 2329 257 2374 cum
270 2312 425 2387 expeditis
440 2313 563 2373 duobus
578 2312 701 2373 milibus
717 2312 863 2386 peditum,
885 2310 1039 2388 equitibus
1053 2312 1166 2373 ducen-

185 2396 224 2457 tis
239 2395 348 2473 pergit
388 2403 418 2456 et
431 2396 609 2456 Maroneam
625 2394 750 2470 quidem
763 2393 863 2470 primo
880 2396 997 2471 impetu
1011 2410 1168 2471 expugna·

188 2478 243 2551 vit;
258 2481 380 2538 Aenum
394 2478 467 2538 inde
482 2494 551 2538 cum
566 2493 677 2552 magno
691 2478 806 2551 labore,
821 2487 978 2553 postremo
993 2494 1050 2555 per
1065 2477 1167 2555 prodi-

185 2562 298 2624 tionem
324 2559 498 2622 Callimedis
512 2560 662 2637 praelecti
681 2560 862 2635 Ptolemaei,
884 2562 975 2640 cepit.
1019 2561 1168 2637 deinceps

185 2645 246 2706 alia
261 2645 402 2719 castella,
425 2644 561 2721 Cypsela
575 2653 605 2706 ct
618 2642 770 2705 Doriscon
786 2654 816 2707 et
830 2644 1009 2719 Serrheum‚
1025 2653 1168 2723 occupat.

183 2728 257 2789 inde
271 2744 458 2804 progressus
480 2730 520 2788 ad
541 2727 768 2789 Chersonesum
787 2729 936 2793 Elaeunta
949 2739 980 2793 et
992 2732 1167 2807 Alopecon-

185 2829 294 2874 nesum
317 2810 508 2874 tradentibus
534 2811 612 2888 ipsis
638 2811 757 2889 recipit.
807 2814 962 2891 Callipolis
989 2832 1114 2891 quoque
1138 2823 1168 2874 ct

183 2897 329 2975 Madytos
345 2896 458 2971 dedita,
472 2904 503 2958 et
518 2897 645 2957 castella
660 2898 812 2972 quaedam
826 2896 981 2973 ignobilia.
1022 2897 1168 2978 Abydeni

185 2997 223 3041 ne
238 2979 348 3056 legatis
363 2979 487 3055 quidem
501 2978 646 3041 admissis
660 2980 726 3058 regi
740 2990 845 3057 portas
858 2985 1041 3045 clauserunt
1063 2999 1102 3043 ca
1112 2999 1167 3058 op-

184 3063 331 3141 pugnatio
343 3064 398 3126 diu
411 3064 584 3141 Philippum
599 3064 710 3136 tenuit3
732 3065 873 3142 eripique
894 3085 933 3127 ex
949 3066 1121 3140 obsidione,
1136 3065 1168 3126 ni

186 3157 342 3210 cessatum
364 3150 403 3210 ab
416 3150 519 3211 Attalo
536 3158 566 3210 et
579 3147 709 3209 Rhodiis
726 3151 812 3222 iuret,
838 3159 1011 3225 potuerunt
1045 3152 1167 3212 Attalus

185 3242 339 3295 trecentos
364 3240 482 3295 tantum
503 3231 614 3294 milites
630 3231 662 3292 in
677 3232 882 3310 praesidium,
906 3235 1019 3297 Rhodii
1045 3233 1167 3314 quadri·

184 3333 300 3378 remem
313 3334 407 3378 unam
427 3335 467 3378 ex
488 3319 604 3391 classe,
630 3333 700 3377 curn
720 3319 761 3378 ad
774 3318 929 3379 Tenedum
944 3327 1053 3395 staret,
1076 3315 1167 3380 mise·

184 3409 264 3462 runt.
294 3403 405 3463 eodem
425 3409 544 3477 postea,
572 3417 641 3462 cum
665 3400 727 3461 iarn
750 3400 803 3463 vix
822 3402 1009 3466 sustinerent
1031 3402 1167 3465 obsidio-

185 3502 263 3561 nem,
279 3493 310 3547 ct
329 3484 398 3564 ipse
419 3487 539 3546 Attalus
560 3501 630 3545 curn
643 3483 830 3559 traiecisset,
847 3503 935 3563 spem
950 3496 1065 3549 tantum
1081 3484 1164 3547 auxi·
