2600 4000
200 253 242 314 92
341 250 456 311 LIBER
466 248 599 309 XXXIII.
622 248 760 311 GAP.11.
773 255 816 309 12.
840 253 876 320 [a.
888 252 924 305 U.
937 269 961 305 c.
973 254 1038 319 655]

197 418 290 479 quam
309 401 466 477 regionem
487 400 618 476 petisset
630 414 686 459 rex
702 399 815 475 quidve
829 407 960 474 pararet
993 400 1180 463 caduceator

196 503 235 549 eo
249 484 354 562 regius
368 485 467 557 venit,
483 483 589 559 specie
603 490 637 544 ut
649 482 785 543 indutiae
800 489 905 543 essent
920 483 1021 544 donec
1035 484 1179 544 tolleren-

195 578 245 632 tur
258 571 299 630 ad
313 570 503 645 sepulturam
519 568 573 642 qui
586 567 617 626 in
632 567 698 627 acie
713 566 913 640 cecidissent,
928 582 963 627 re
976 582 1052 628 vera
1066 568 1106 629 ad
1122 584 1179 644 pe-

195 654 318 715 tendam
336 653 459 713 veniam
480 651 589 727 ragaus
610 650 774 711 mittendis.
805 655 969 727 utrumque
983 651 1023 712 ab
1036 652 1179 713 Romano

109 754 113 762 ·
195 738 396 815 impetratum.
412 735 532 797 adiecta
541 734 630 795 etiam
640 733 693 794 illa
702 751 773 808 vox,
782 735 865 795 bono
877 735 978 795 animo
990 750 1062 796 esse
1072 750 1179 811 regem

194 830 229 884 ut
248 822 382 890 iuberet;
405 833 485 895 quae
506 816 639 879 maxime
651 818 781 881 Aetolos
797 817 940 892 offendit,
960 817 1022 878 iam
1035 819 1179 881 tumentis

196 905 416 983 querentisque
427 908 575 963 mutatum
583 901 712 963 victoria
722 902 947 978 imperatorem
960 908 1031 963 ante
1042 917 1180 978 pugnam

196 990 299 1052 omnia
312 1003 425 1063 magna
438 1001 597 1062 parvaque
611 985 836 1047 communicare
851 1001 921 1047 cum
932 985 1026 1048 sociis
1039 986 1178 1047 solitum:

196 1088 278 1135 nunc
300 1071 433 1132 omnium
454 1075 598 1146 expertes
616 1069 815 1131 consiliorum
828 1085 917 1139 ossea
940 1086 998 1132 suo
1013 1069 1116 1146 ipsum
1130 1086 1179 1129 ar-

195 1156 284 1216 bitrio
306 1160 417 1216 cuncta
435 1169 544 1230 agere;
575 1169 645 1216 cum
665 1152 806 1229 Philippo
826 1154 885 1213 iam
905 1154 1021 1229 gratiae
1040 1155 1180 1230 privatae

197 1242 299 1301 locum
315 1253 473 1315 quaerere,
487 1243 521 1298 ut
535 1237 612 1297 dura
626 1243 721 1313 atque
734 1253 847 1314 aspera
858 1236 931 1299 belli
945 1235 1047 1298 Aetoli
1061 1237 1175 1297 exhau·

197 1323 302 1397 serint,
320 1323 406 1398 pacis
420 1321 548 1398 gratiam
563 1327 593 1381 et
606 1323 738 1382 lructum
751 1323 910 1383 Romanus
924 1321 954 1380 in
970 1337 1004 1381 se
1019 1326 1125 1382 vertat
1146 1327 1176 1380 'e

196 1407 279 1467 haud
299 1404 393 1468 dubie
413 1405 593 1466 decesserat
610 1403 649 1465 iis
671 1405 860 1481 aliquantum
879 1405 1021 1467 honoris=
1044 1405 1101 1465 sed
1123 1418 1179 1464 cur

196 1493 430 1565 neglegerentur
440 1489 631 1566 ignorabant.
650 1487 740 1550 donis
751 1490 835 1565 regis
845 1490 1003 1550 imminere
1014 1486 1177 1550 credebant

196 1572 301 1635 invicti
321 1573 359 1633 ab
381 1589 420 1634 ea
435 1572 600 1649 cupiditate
615 1572 707 1633 animi
720 1574 835 1634 virum:
858 1574 915 1635 sed
930 1579 961 1634 et
974 1572 1177 1634 succenseba·

196 1673 258 1718 uon
278 1658 426 1719 immerito
440 1656 558 1719 Aetolis
580 1657 620 1717 ob
636 1654 839 1718 insatiabilem
854 1655 1029 1719 aviditatem
1043 1656 1178 1732 praedae

197 1751 228 1803 et
240 1743 445 1818 arrogantiam
459 1757 574 1816 eornm,
589 1740 736 1802 victoriae
750 1739 879 1817 gloriam
893 1741 924 1801 in
938 1756 974 1802 se
987 1741 1178 1816 rapientium,

197 1841 278 1902 quae
298 1826 431 1886 vanitate
446 1840 504 1886 sua
524 1824 658 1887 omnium
673 1840 765 1887 aures
781 1824 973 1894 offendebam
994 1830 1024 1885 et
1037 1824 1178 1899 Philippo

199 1909 328 1983 sublato,
340 1910 445 1969 tractis
458 1908 570 1984 opibus
578 1908 770 1970 Macedonici
781 1910 867 1985 regni
876 1911 1006 1970 Aetolos
1017 1908 1178 1969 habendos

200 1992 346 2053 Graeciae
359 1992 501 2054 dominos
517 1992 670 2053 cernebat.
699 1993 808 2055 abeas
824 2010 936 2054 causas
951 1994 1046 2055 multa
1059 1992 1178 2064 sedulo,

198 2083 232 2136 ut
251 2076 376 2137 viliores
395 2076 591 2152 levioresque
611 2077 695 2152 apud
716 2077 815 2138 omnis
830 2086 935 2159 essent
948 2084 980 2138 et
993 2077 1178 2150 viderentur,

199 2158 338 2222 iaciebat.

282 2245 346 2305 XII.
370 2245 508 2306 Indutiae
523 2244 698 2321 quindecim
712 2246 830 2306 dierum
845 2246 935 2306 datae
945 2245 1028 2306 hosti
1039 2250 1134 2320 erant,
1149 2251 1181 2304 et

199 2345 268 2389 cum
282 2329 351 2405 ipso
366 2345 440 2404 rege
455 2329 650 2391 constitutum
666 2329 869 2406 colloquiuma
897 2328 985 2395 cuius
1000 2327 1179 2404 priusquam

197 2418 319 2487 tempus
341 2413 474 2486 veniret,
499 2412 532 2471 in
554 2411 715 2474 consilium
735 2411 900 2474 advocavit
919 2413 1040 2474 sociosa
1065 2411 1180 2473 rettulit

199 2511 278 2571 quas
298 2498 383 2569 leges
404 2495 492 2569 pacis
507 2495 643 2568 placeret
657 2496 727 2556 dici.
761 2495 962 2574 Amynander
973 2494 1178 2556 Athamanum

197 2593 253 2638 rex
267 2576 376 2652 paucis
392 2578 572 2638 sententiam
586 2579 733 2647 absolvit=
755 2580 798 2640 ita
812 2578 1057 2655 componendam
1068 2592 1178 2652 pacem

197 2674 285 2733 esse,
306 2665 340 2720 ut
358 2661 486 2721 Graecia
505 2661 595 2723 etiam
616 2663 793 2724 absentibus
807 2662 954 2724 Romanis
976 2662 1050 2722 satis
1065 2666 1177 2737 potens

198 2743 332 2804 tuendae
346 2743 436 2804 simul
450 2744 537 2820 pacis
553 2746 761 2823 libertatisque
775 2755 868 2809 esset.
893 2746 1073 2809 Aetolorum
1087 2759 1178 2820 aspe-

197 2826 262 2887 rior
281 2827 377 2888 oratio
398 2828 469 2904 luit,
496 2829 548 2905 qui
570 2847 671 2907 pauca
690 2831 834 2907 praelati,
854 2835 939 2891 recte
959 2838 1053 2906 atque
1072 2829 1179 2891 ordine

198 2912 414 2986 imperatorem
434 2915 605 2975 Romanum
629 2916 748 2990 lacere,
774 2914 859 2990 quod
880 2929 961 2990 quos
981 2913 1053 2975 belli
1074 2909 1178 2975 socios

197 2995 366 3071 habuisset,
374 3011 443 3057 cum
454 2998 491 3057 iis
503 3000 741 3060 communicaret
750 2999 837 3074 pacis
849 2997 988 3059 consilia.
1004 2996 1065 3058 lalli
1077 3001 1180 3056 autem

199 3094 267 3139 eum
288 3084 420 3155 tota-re,
441 3082 469 3141 si
490 3088 542 3142 aut
558 3081 705 3143 Romanis
726 3097 836 3157 pacem
854 3087 909 3143 aut
923 3080 1069 3141 Graeciae
1089 3078 1179 3143 liber-

198 3168 293 3222 tatem
313 3164 390 3224 satis
404 3165 523 3226 firmam
538 3182 573 3226 sc
590 3167 695 3227 credat
707 3166 883 3227 relicturum
896 3165 956 3226 nisi
969 3163 1112 3238 Philippo
1126 3166 1181 3222 aut

199 3246 304 3308 occiso
327 3254 380 3309 aut
398 3263 494 3323 regno
510 3250 618 3324 pulso;
639 3265 720 3325 quae
733 3256 864 3326 utraque
878 3245 1029 3325 proclivia
1042 3260 1131 3320 esse,
1153 3244 1181 3306 si

158 3336 163 3345 '
199 3330 321 3392 romana
338 3330 382 3392 uti
402 3333 501 3393 vellet.
532 3333 573 3393 ad
591 3333 669 3394 haec
683 3333 840 3407 Quinctius
858 3348 972 3408 negare
985 3332 1114 3394 Aetolos
1129 3333 1182 3390 aut

198 3414 293 3474 moris
306 3416 515 3477 Romanorum
529 3432 696 3492 memores,
717 3424 769 3479 aut
781 3417 840 3477 sibi
854 3417 932 3493 ipsis
948 3414 1182 3479 convenientem

198 3500 380 3560 sententiam
401 3500 528 3561 dixisse.
563 3507 594 3561 et
612 3502 682 3562 illos
701 3499 856 3576 prioribus
878 3501 1021 3561 omnibus
1043 3496 1180 3561 conciliis
