<?xml version="1.0" encoding="UTF-8"?>
<!DOCTYPE html PUBLIC "-//W3C//DTD XHTML 1.0 Transitional//EN"
    "http://www.w3.org/TR/xhtml1/DTD/xhtml1-transitional.dtd">
<html xmlns="http://www.w3.org/1999/xhtml" xml:lang="en" lang="en">
 <head>
  <title>
</title>
<meta http-equiv="Content-Type" content="text/html;charset=utf-8" />
  <meta name='ocr-system' content='tesseract 3.04.00' />
  <meta name='ocr-capabilities' content='ocr_page ocr_carea ocr_par ocr_line ocrx_word'/>
</head>
<body>
  <div class='ocr_page' id='page_1' title='image "./aburbeconditali00mlgoog_0221.png"; bbox 0 0 2600 4000; ppageno 0'>
   <div class='ocr_carea' id='block_1_1' title="bbox 296 231 1104 312">
    <p class='ocr_par' dir='ltr' id='par_1_1' title="bbox 296 231 1104 312">
     <span class='ocr_line' id='line_1_1' title="bbox 296 231 1104 312; baseline 0.01 -21"><span class='ocrx_word' id='word_1_1' title='bbox 296 231 830 309; x_wconf 61' lang='lat' dir='ltr'><strong>assumamusque</strong></span> <span class='ocrx_word' id='word_1_2' title='bbox 855 235 917 312; x_wconf 79' lang='lat' dir='ltr'><strong>ree]</strong></span> <span class='ocrx_word' id='word_1_3' title='bbox 1041 232 1104 299; x_wconf 80' lang='lat'><strong>177</strong></span> 
     </span>
    </p>
   </div>
   <div class='ocr_carea' id='block_1_2' title="bbox 120 381 1103 1296">
    <p class='ocr_par' dir='ltr' id='par_1_2' title="bbox 120 381 1103 1296">
     <span class='ocr_line' id='line_1_2' title="bbox 122 381 1102 463; baseline 0.002 -18"><span class='ocrx_word' id='word_1_4' title='bbox 122 391 196 461; x_wconf 92' lang='lat' dir='ltr'><strong>post</strong></span> <span class='ocrx_word' id='word_1_5' title='bbox 219 382 441 458; x_wconf 83' lang='lat' dir='ltr'><strong>protectionem</strong></span> <span class='ocrx_word' id='word_1_6' title='bbox 465 381 506 441; x_wconf 90' lang='grc' dir='ltr'><strong>Μ.</strong></span> <span class='ocrx_word' id='word_1_7' title='bbox 528 382 651 443; x_wconf 83' lang='lat' dir='ltr'><strong>Catonis</strong></span> <span class='ocrx_word' id='word_1_8' title='bbox 676 383 845 457; x_wconf 83' lang='lat' dir='ltr'><strong>permultae</strong></span> <span class='ocrx_word' id='word_1_9' title='bbox 869 382 1102 463; x_wconf 89' lang='lat' dir='ltr'><strong>rebellaverunt,</strong></span> 
     </span>
     <span class='ocr_line' id='line_1_3' title="bbox 122 464 1101 543; baseline 0 -14"><span class='ocrx_word' id='word_1_10' title='bbox 122 467 232 529; x_wconf 90' lang='lat' dir='ltr'><strong>crebra</strong></span> <span class='ocrx_word' id='word_1_11' title='bbox 245 465 343 541; x_wconf 88' lang='lat' dir='ltr'><strong>magis</strong></span> <span class='ocrx_word' id='word_1_12' title='bbox 360 482 453 542; x_wconf 90' lang='lat' dir='ltr'><strong>quam</strong></span> <span class='ocrx_word' id='word_1_13' title='bbox 468 465 561 540; x_wconf 90' lang='lat' dir='ltr'><strong>digna</strong></span> <span class='ocrx_word' id='word_1_14' title='bbox 575 465 658 526; x_wconf 93' lang='lat' dir='ltr'><strong>dictu</strong></span> <span class='ocrx_word' id='word_1_15' title='bbox 671 466 790 541; x_wconf 84' lang='lat' dir='ltr'><strong>proelia</strong></span> <span class='ocrx_word' id='word_1_16' title='bbox 803 464 883 540; x_wconf 88' lang='lat' dir='ltr'><strong>iecit,</strong></span> <span class='ocrx_word' id='word_1_17' title='bbox 898 472 928 524; x_wconf 89' lang='lat' dir='ltr'><strong>et</strong></span> <span class='ocrx_word' id='word_1_18' title='bbox 942 466 1021 528; x_wconf 90' lang='lat' dir='ltr'><strong>adeo</strong></span> <span class='ocrx_word' id='word_1_19' title='bbox 1038 469 1101 543; x_wconf 90' lang='lat' dir='ltr'><strong>pte·</strong></span> 
     </span>
     <span class='ocr_line' id='line_1_4' title="bbox 121 548 1101 626; baseline 0.001 -15"><span class='ocrx_word' id='word_1_20' title='bbox 121 565 220 626; x_wconf 89' lang='lat' dir='ltr'><strong>raque</strong></span> <span class='ocrx_word' id='word_1_21' title='bbox 233 550 374 622; x_wconf 87' lang='lat' dir='ltr'><strong>adversa,</strong></span> <span class='ocrx_word' id='word_1_22' title='bbox 389 555 424 611; x_wconf 93' lang='lat' dir='ltr'><strong>ut</strong></span> <span class='ocrx_word' id='word_1_23' title='bbox 435 549 489 608; x_wconf 83' lang='lat' dir='ltr'><strong>vix</strong></span> <span class='ocrx_word' id='word_1_24' title='bbox 504 548 662 610; x_wconf 90' lang='lat' dir='ltr'><strong>dimidium</strong></span> <span class='ocrx_word' id='word_1_25' title='bbox 676 548 802 609; x_wconf 90' lang='lat' dir='ltr'><strong>militum</strong></span> <span class='ocrx_word' id='word_1_26' title='bbox 814 564 906 623; x_wconf 89' lang='lat' dir='ltr'><strong>quam</strong></span> <span class='ocrx_word' id='word_1_27' title='bbox 917 550 1002 624; x_wconf 92' lang='lat' dir='ltr'><strong>quod</strong></span> <span class='ocrx_word' id='word_1_28' title='bbox 1013 566 1101 612; x_wconf 90' lang='lat' dir='ltr'><strong>acce-</strong></span> 
     </span>
     <span class='ocr_line' id='line_1_5' title="bbox 122 630 1100 711; baseline 0.002 -17"><span class='ocrx_word' id='word_1_29' title='bbox 122 640 211 711; x_wconf 89' lang='lat' dir='ltr'><strong>perat</strong></span> <span class='ocrx_word' id='word_1_30' title='bbox 224 633 401 694; x_wconf 77' lang='lat' dir='ltr'><strong>successori</strong></span> <span class='ocrx_word' id='word_1_31' title='bbox 415 632 581 694; x_wconf 87' lang='lat' dir='ltr'><strong>tradiderit</strong></span> <span class='ocrx_word' id='word_1_32' title='bbox 614 648 673 693; x_wconf 87' lang='lat' dir='ltr'><strong>nec</strong></span> <span class='ocrx_word' id='word_1_33' title='bbox 687 630 889 704; x_wconf 70' lang='lat' dir='ltr'><strong>dubiumst,</strong></span> <span class='ocrx_word' id='word_1_34' title='bbox 913 632 987 708; x_wconf 91' lang='lat' dir='ltr'><strong>quin</strong></span> <span class='ocrx_word' id='word_1_35' title='bbox 1002 635 1100 696; x_wconf 89' lang='lat' dir='ltr'><strong>omnis</strong></span> 
     </span>
     <span class='ocr_line' id='line_1_6' title="bbox 121 715 1101 792; baseline 0.001 -14"><span class='ocrx_word' id='word_1_36' title='bbox 121 716 271 792; x_wconf 80' lang='lat' dir='ltr'>Hispania</span> <span class='ocrx_word' id='word_1_37' title='bbox 285 716 442 778; x_wconf 78' lang='lat' dir='ltr'>sublatura</span> <span class='ocrx_word' id='word_1_38' title='bbox 456 716 575 777; x_wconf 89' lang='lat' dir='ltr'><strong>animos</strong></span> <span class='ocrx_word' id='word_1_39' title='bbox 590 716 695 790; x_wconf 87' lang='lat' dir='ltr'><strong>inerit,</strong></span> <span class='ocrx_word' id='word_1_40' title='bbox 712 715 743 776; x_wconf 90' lang='lat' dir='ltr'><strong>ni</strong></span> <span class='ocrx_word' id='word_1_41' title='bbox 757 718 832 777; x_wconf 87' lang='lat' dir='ltr'><strong>atter</strong></span> <span class='ocrx_word' id='word_1_42' title='bbox 846 722 970 791; x_wconf 90' lang='lat' dir='ltr'><strong>praetor</strong></span> <span class='ocrx_word' id='word_1_43' title='bbox 983 716 1014 776; x_wconf 89' lang='lat' dir='ltr'><strong>P.</strong></span> <span class='ocrx_word' id='word_1_44' title='bbox 1029 717 1101 779; x_wconf 84' lang='lat' dir='ltr'><strong>cor-</strong></span> 
     </span>
     <span class='ocr_line' id='line_1_7' title="bbox 122 798 1103 877; baseline 0.002 -16"><span class='ocrx_word' id='word_1_45' title='bbox 122 801 221 862; x_wconf 84' lang='lat' dir='ltr'><strong>nelius</strong></span> <span class='ocrx_word' id='word_1_46' title='bbox 237 798 290 861; x_wconf 82' lang='lat' dir='ltr'><strong>cn.</strong></span> <span class='ocrx_word' id='word_1_47' title='bbox 303 800 337 861; x_wconf 85' lang='lat' dir='ltr'><strong>F.</strong></span> <span class='ocrx_word' id='word_1_48' title='bbox 352 798 457 877; x_wconf 82' lang='lat' dir='ltr'>Scipio</span> <span class='ocrx_word' id='word_1_49' title='bbox 477 807 562 861; x_wconf 80' lang='lat' dir='ltr'><strong>uans</strong></span> <span class='ocrx_word' id='word_1_50' title='bbox 576 799 698 861; x_wconf 88' lang='lat' dir='ltr'><strong>Iberum</strong></span> <span class='ocrx_word' id='word_1_51' title='bbox 718 801 813 861; x_wconf 90' lang='lat' dir='ltr'><strong>multa</strong></span> <span class='ocrx_word' id='word_1_52' title='bbox 833 800 972 861; x_wconf 90' lang='lat' dir='ltr'><strong>secunda</strong></span> <span class='ocrx_word' id='word_1_53' title='bbox 985 802 1103 877; x_wconf 88' lang='lat' dir='ltr'><strong>proelia</strong></span> 
     </span>
     <span class='ocr_line' id='line_1_8' title="bbox 121 884 1102 960; baseline -0.002 -14"><span class='ocrx_word' id='word_1_54' title='bbox 121 885 261 958; x_wconf 79' lang='lat' dir='ltr'><strong>fecisset,</strong></span> <span class='ocrx_word' id='word_1_55' title='bbox 284 901 346 959; x_wconf 92' lang='lat' dir='ltr'><strong>quo</strong></span> <span class='ocrx_word' id='word_1_56' title='bbox 364 889 480 944; x_wconf 89' lang='lat' dir='ltr'><strong>terrore</strong></span> <span class='ocrx_word' id='word_1_57' title='bbox 500 900 562 946; x_wconf 91' lang='lat' dir='ltr'><strong>non</strong></span> <span class='ocrx_word' id='word_1_58' title='bbox 581 884 682 945; x_wconf 91' lang='lat' dir='ltr'><strong>minus</strong></span> <span class='ocrx_word' id='word_1_59' title='bbox 698 884 919 960; x_wconf 74' lang='lat' dir='ltr'>quinquaginta</span> <span class='ocrx_word' id='word_1_60' title='bbox 932 885 1048 960; x_wconf 91' lang='lat' dir='ltr'><strong>oppida</strong></span> <span class='ocrx_word' id='word_1_61' title='bbox 1062 887 1102 945; x_wconf 89' lang='lat' dir='ltr'><strong>ad</strong></span> 
     </span>
     <span class='ocr_line' id='line_1_9' title="bbox 121 966 1101 1044; baseline -0.001 -13"><span class='ocrx_word' id='word_1_62' title='bbox 121 985 192 1031; x_wconf 91' lang='lat' dir='ltr'><strong>eum</strong></span> <span class='ocrx_word' id='word_1_63' title='bbox 204 968 391 1029; x_wconf 86' lang='lat' dir='ltr'><strong>deiecerunt</strong></span> <span class='ocrx_word' id='word_1_64' title='bbox 425 973 550 1044; x_wconf 89' lang='lat' dir='ltr'><strong>praetor</strong></span> <span class='ocrx_word' id='word_1_65' title='bbox 562 966 640 1028; x_wconf 89' lang='lat' dir='ltr'><strong>haec</strong></span> <span class='ocrx_word' id='word_1_66' title='bbox 654 975 795 1043; x_wconf 81' lang='lat' dir='ltr'><strong>gesserat</strong></span> <span class='ocrx_word' id='word_1_67' title='bbox 808 966 929 1043; x_wconf 83' lang='lat' dir='ltr'><strong>Scipio=</strong></span> <span class='ocrx_word' id='word_1_68' title='bbox 948 969 1029 1030; x_wconf 89' lang='lat' dir='ltr'><strong>idem</strong></span> <span class='ocrx_word' id='word_1_69' title='bbox 1043 986 1101 1044; x_wconf 89' lang='lat' dir='ltr'><strong>pro</strong></span> 
     </span>
     <span class='ocr_line' id='line_1_10' title="bbox 121 1051 1101 1130; baseline 0 -16"><span class='ocrx_word' id='word_1_70' title='bbox 121 1059 265 1130; x_wconf 87' lang='lat' dir='ltr'><strong>praetore</strong></span> <span class='ocrx_word' id='word_1_71' title='bbox 284 1051 465 1125; x_wconf 87' lang='lat' dir='ltr'><strong>Lusitanos,</strong></span> <span class='ocrx_word' id='word_1_72' title='bbox 491 1059 668 1127; x_wconf 89' lang='lat' dir='ltr'><strong>pervastata</strong></span> <span class='ocrx_word' id='word_1_73' title='bbox 687 1051 832 1113; x_wconf 83' lang='lat' dir='ltr'><strong>ulteriore</strong></span> <span class='ocrx_word' id='word_1_74' title='bbox 852 1051 1012 1127; x_wconf 89' lang='lat' dir='ltr'><strong>provincia</strong></span> <span class='ocrx_word' id='word_1_75' title='bbox 1032 1068 1101 1114; x_wconf 91' lang='lat' dir='ltr'><strong>cum</strong></span> 
     </span>
     <span class='ocr_line' id='line_1_11' title="bbox 120 1135 1101 1213; baseline 0 -15"><span class='ocrx_word' id='word_1_76' title='bbox 120 1136 234 1213; x_wconf 77' lang='lat' dir='ltr'><strong>ingenti</strong></span> <span class='ocrx_word' id='word_1_77' title='bbox 246 1135 363 1212; x_wconf 88' lang='lat' dir='ltr'><strong>praeda</strong></span> <span class='ocrx_word' id='word_1_78' title='bbox 374 1136 498 1197; x_wconf 90' lang='lat' dir='ltr'><strong>domum</strong></span> <span class='ocrx_word' id='word_1_79' title='bbox 508 1136 675 1209; x_wconf 90' lang='lat' dir='ltr'><strong>redeuntis,</strong></span> <span class='ocrx_word' id='word_1_80' title='bbox 691 1135 722 1196; x_wconf 89' lang='lat' dir='ltr'><strong>iu</strong></span> <span class='ocrx_word' id='word_1_81' title='bbox 732 1136 802 1212; x_wconf 94' lang='lat' dir='ltr'><strong>ipso</strong></span> <span class='ocrx_word' id='word_1_82' title='bbox 812 1135 920 1196; x_wconf 87' lang='lat' dir='ltr'><strong>itinere</strong></span> <span class='ocrx_word' id='word_1_83' title='bbox 931 1136 1101 1212; x_wconf 89' lang='lat' dir='ltr'><strong>adgressus</strong></span> 
     </span>
     <span class='ocr_line' id='line_1_12' title="bbox 121 1218 1098 1296; baseline 0 -15"><span class='ocrx_word' id='word_1_84' title='bbox 121 1221 160 1282; x_wconf 86' lang='lat' dir='ltr'><strong>ab</strong></span> <span class='ocrx_word' id='word_1_85' title='bbox 180 1219 259 1281; x_wconf 91' lang='lat' dir='ltr'><strong>hora</strong></span> <span class='ocrx_word' id='word_1_86' title='bbox 278 1219 367 1280; x_wconf 89' lang='lat' dir='ltr'><strong>tertia</strong></span> <span class='ocrx_word' id='word_1_87' title='bbox 389 1218 449 1279; x_wconf 91' lang='lat' dir='ltr'><strong>diei</strong></span> <span class='ocrx_word' id='word_1_88' title='bbox 470 1219 511 1279; x_wconf 91' lang='lat' dir='ltr'><strong>ad</strong></span> <span class='ocrx_word' id='word_1_89' title='bbox 532 1225 672 1281; x_wconf 86' lang='lat' dir='ltr'><strong>octavam</strong></span> <span class='ocrx_word' id='word_1_90' title='bbox 686 1219 801 1281; x_wconf 90' lang='lat' dir='ltr'><strong>incerto</strong></span> <span class='ocrx_word' id='word_1_91' title='bbox 817 1226 930 1282; x_wconf 90' lang='lat' dir='ltr'><strong>eventu</strong></span> <span class='ocrx_word' id='word_1_92' title='bbox 942 1220 1098 1296; x_wconf 88' lang='lat' dir='ltr'><strong>pugnavit,</strong></span> 
     </span>
    </p>
   </div>
   <div class='ocr_carea' id='block_1_3' title="bbox 121 1302 1220 1379">
    <p class='ocr_par' dir='ltr' id='par_1_3' title="bbox 121 1302 1220 1379">
     <span class='ocr_line' id='line_1_13' title="bbox 121 1302 1220 1379; baseline -0.001 -13"><span class='ocrx_word' id='word_1_93' title='bbox 121 1320 248 1366; x_wconf 90' lang='lat' dir='ltr'><strong>numero</strong></span> <span class='ocrx_word' id='word_1_94' title='bbox 269 1302 396 1366; x_wconf 90' lang='lat' dir='ltr'><strong>militum</strong></span> <span class='ocrx_word' id='word_1_95' title='bbox 416 1303 530 1379; x_wconf 87' lang='lat' dir='ltr'><strong>impar,</strong></span> <span class='ocrx_word' id='word_1_96' title='bbox 552 1303 695 1379; x_wconf 84' lang='lat' dir='ltr'><strong>superior</strong></span> <span class='ocrx_word' id='word_1_97' title='bbox 716 1303 800 1364; x_wconf 78' lang='lat' dir='ltr'><strong>oliis=</strong></span> <span class='ocrx_word' id='word_1_98' title='bbox 825 1319 895 1364; x_wconf 89' lang='lat' dir='ltr'><strong>nam</strong></span> <span class='ocrx_word' id='word_1_99' title='bbox 917 1312 947 1365; x_wconf 89' lang='lat' dir='ltr'><strong>et</strong></span> <span class='ocrx_word' id='word_1_100' title='bbox 960 1305 1027 1365; x_wconf 90' lang='lat' dir='ltr'><strong>acie</strong></span> <span class='ocrx_word' id='word_1_101' title='bbox 1041 1305 1100 1365; x_wconf 83' lang='lat' dir='ltr'><strong>ire-</strong></span> <span class='ocrx_word' id='word_1_102' title='bbox 1214 1320 1220 1329; x_wconf 88' lang='grc'><em>·</em></span> 
     </span>
    </p>
   </div>
   <div class='ocr_carea' id='block_1_4' title="bbox 119 1387 1101 2300">
    <p class='ocr_par' dir='ltr' id='par_1_4' title="bbox 119 1387 1101 2300">
     <span class='ocr_line' id='line_1_14' title="bbox 121 1387 1100 1466; baseline 0 -17"><span class='ocrx_word' id='word_1_103' title='bbox 121 1388 226 1466; x_wconf 91' lang='lat' dir='ltr'><strong>quenti</strong></span> <span class='ocrx_word' id='word_1_104' title='bbox 247 1387 371 1449; x_wconf 88' lang='lat' dir='ltr'><strong>armatis</strong></span> <span class='ocrx_word' id='word_1_105' title='bbox 392 1388 542 1449; x_wconf 87' lang='lat' dir='ltr'><strong>adversus</strong></span> <span class='ocrx_word' id='word_1_106' title='bbox 562 1389 687 1463; x_wconf 87' lang='lat' dir='ltr'><strong>longum</strong></span> <span class='ocrx_word' id='word_1_107' title='bbox 708 1394 740 1448; x_wconf 88' lang='lat' dir='ltr'><strong>et</strong></span> <span class='ocrx_word' id='word_1_108' title='bbox 751 1387 930 1463; x_wconf 89' lang='lat' dir='ltr'><strong>impeditum</strong></span> <span class='ocrx_word' id='word_1_109' title='bbox 944 1389 1033 1450; x_wconf 90' lang='lat' dir='ltr'><strong>turba</strong></span> <span class='ocrx_word' id='word_1_110' title='bbox 1047 1404 1100 1464; x_wconf 81' lang='lat' dir='ltr'><strong>pe</strong></span> 
     </span>
     <span class='ocr_line' id='line_1_15' title="bbox 120 1470 1098 1548; baseline -0.002 -14"><span class='ocrx_word' id='word_1_111' title='bbox 120 1488 227 1534; x_wconf 91' lang='lat' dir='ltr'><strong>corum</strong></span> <span class='ocrx_word' id='word_1_112' title='bbox 250 1486 374 1548; x_wconf 84' lang='lat' dir='ltr'><strong>agmen,</strong></span> <span class='ocrx_word' id='word_1_113' title='bbox 401 1479 431 1532; x_wconf 91' lang='lat' dir='ltr'><strong>et</strong></span> <span class='ocrx_word' id='word_1_114' title='bbox 454 1470 569 1533; x_wconf 87' lang='lat' dir='ltr'><strong>receuti</strong></span> <span class='ocrx_word' id='word_1_115' title='bbox 593 1472 688 1533; x_wconf 88' lang='lat' dir='ltr'><strong>milite</strong></span> <span class='ocrx_word' id='word_1_116' title='bbox 711 1471 863 1533; x_wconf 88' lang='lat' dir='ltr'><strong>adversus</strong></span> <span class='ocrx_word' id='word_1_117' title='bbox 884 1473 987 1533; x_wconf 80' lang='lat' dir='ltr'><strong>sessos</strong></span> <span class='ocrx_word' id='word_1_118' title='bbox 1005 1473 1098 1547; x_wconf 88' lang='lat' dir='ltr'><strong>longo</strong></span> 
     </span>
     <span class='ocr_line' id='line_1_16' title="bbox 120 1555 1099 1632; baseline -0.002 -14"><span class='ocrx_word' id='word_1_119' title='bbox 120 1558 227 1620; x_wconf 89' lang='lat' dir='ltr'><strong>itinere</strong></span> <span class='ocrx_word' id='word_1_120' title='bbox 241 1562 447 1618; x_wconf 86' lang='lat' dir='ltr'><strong>concurrerat.</strong></span> <span class='ocrx_word' id='word_1_121' title='bbox 468 1555 558 1618; x_wconf 87' lang='lat' dir='ltr'><strong>tertia</strong></span> <span class='ocrx_word' id='word_1_122' title='bbox 571 1571 704 1632; x_wconf 89' lang='lat' dir='ltr'><strong>namque</strong></span> <span class='ocrx_word' id='word_1_123' title='bbox 716 1555 817 1632; x_wconf 89' lang='lat' dir='ltr'><strong>vigilia</strong></span> <span class='ocrx_word' id='word_1_124' title='bbox 827 1556 967 1617; x_wconf 85' lang='lat' dir='ltr'><strong>exierant</strong></span> <span class='ocrx_word' id='word_1_125' title='bbox 975 1555 1099 1627; x_wconf 76' lang='lat' dir='ltr'><strong>bostes3</strong></span> 
     </span>
     <span class='ocr_line' id='line_1_17' title="bbox 120 1639 1100 1713; baseline -0.002 -12"><span class='ocrx_word' id='word_1_126' title='bbox 120 1641 192 1702; x_wconf 87' lang='lat' dir='ltr'><strong>huic</strong></span> <span class='ocrx_word' id='word_1_127' title='bbox 206 1646 354 1702; x_wconf 89' lang='lat' dir='ltr'><strong>nocturno</strong></span> <span class='ocrx_word' id='word_1_128' title='bbox 369 1640 468 1701; x_wconf 89' lang='lat' dir='ltr'><strong>itineri</strong></span> <span class='ocrx_word' id='word_1_129' title='bbox 482 1647 545 1703; x_wconf 90' lang='lat' dir='ltr'><strong>tres</strong></span> <span class='ocrx_word' id='word_1_130' title='bbox 561 1640 689 1702; x_wconf 89' lang='lat' dir='ltr'><strong>diurnae</strong></span> <span class='ocrx_word' id='word_1_131' title='bbox 702 1639 797 1701; x_wconf 89' lang='lat' dir='ltr'><strong>horae</strong></span> <span class='ocrx_word' id='word_1_132' title='bbox 812 1645 1022 1713; x_wconf 88' lang='lat' dir='ltr'><strong>accesserant,</strong></span> <span class='ocrx_word' id='word_1_133' title='bbox 1042 1653 1100 1699; x_wconf 91' lang='lat' dir='ltr'><strong>nec</strong></span> 
     </span>
     <span class='ocr_line' id='line_1_18' title="bbox 121 1720 1101 1800; baseline -0.005 -13"><span class='ocrx_word' id='word_1_134' title='bbox 121 1726 183 1787; x_wconf 84' lang='lat' dir='ltr'><strong>utta</strong></span> <span class='ocrx_word' id='word_1_135' title='bbox 198 1724 299 1800; x_wconf 90' lang='lat' dir='ltr'><strong>quiete</strong></span> <span class='ocrx_word' id='word_1_136' title='bbox 317 1725 388 1786; x_wconf 83' lang='lat' dir='ltr'><strong>data</strong></span> <span class='ocrx_word' id='word_1_137' title='bbox 401 1724 537 1787; x_wconf 89' lang='lat' dir='ltr'><strong>laborem</strong></span> <span class='ocrx_word' id='word_1_138' title='bbox 552 1725 622 1785; x_wconf 89' lang='lat' dir='ltr'><strong>viae</strong></span> <span class='ocrx_word' id='word_1_139' title='bbox 636 1722 789 1800; x_wconf 83' lang='lat' dir='ltr'><strong>proelium</strong></span> <span class='ocrx_word' id='word_1_140' title='bbox 802 1729 975 1797; x_wconf 81' lang='lat' dir='ltr'><strong>exceperat.</strong></span> <span class='ocrx_word' id='word_1_141' title='bbox 998 1720 1101 1798; x_wconf 87' lang='lat' dir='ltr'><strong>itaque</strong></span> 
     </span>
     <span class='ocr_line' id='line_1_19' title="bbox 120 1804 1100 1885; baseline -0.003 -16"><span class='ocrx_word' id='word_1_142' title='bbox 120 1807 271 1884; x_wconf 87' lang='lat' dir='ltr'><strong>principio</strong></span> <span class='ocrx_word' id='word_1_143' title='bbox 292 1824 413 1885; x_wconf 87' lang='lat' dir='ltr'><strong>pugnae</strong></span> <span class='ocrx_word' id='word_1_144' title='bbox 427 1809 542 1885; x_wconf 90' lang='lat' dir='ltr'><strong>vigoris</strong></span> <span class='ocrx_word' id='word_1_145' title='bbox 557 1807 673 1884; x_wconf 90' lang='lat' dir='ltr'><strong>aliquid</strong></span> <span class='ocrx_word' id='word_1_146' title='bbox 687 1807 718 1866; x_wconf 94' lang='lat' dir='ltr'><strong>in</strong></span> <span class='ocrx_word' id='word_1_147' title='bbox 732 1805 915 1880; x_wconf 87' lang='lat' dir='ltr'><strong>corporibus</strong></span> <span class='ocrx_word' id='word_1_148' title='bbox 930 1804 1100 1881; x_wconf 80' lang='lat' dir='ltr'><strong>animisque</strong></span> 
     </span>
     <span class='ocr_line' id='line_1_20' title="bbox 120 1889 1099 1969; baseline -0.005 -15"><span class='ocrx_word' id='word_1_149' title='bbox 120 1893 183 1968; x_wconf 79' lang='lat' dir='ltr'><strong>tuit,</strong></span> <span class='ocrx_word' id='word_1_150' title='bbox 198 1901 228 1954; x_wconf 91' lang='lat' dir='ltr'><strong>et</strong></span> <span class='ocrx_word' id='word_1_151' title='bbox 242 1893 439 1954; x_wconf 89' lang='lat' dir='ltr'><strong>turbaverant</strong></span> <span class='ocrx_word' id='word_1_152' title='bbox 450 1893 548 1969; x_wconf 93' lang='lat' dir='ltr'><strong>primo</strong></span> <span class='ocrx_word' id='word_1_153' title='bbox 560 1891 733 1952; x_wconf 76' lang='lat' dir='ltr'><strong>Romanos:</strong></span> <span class='ocrx_word' id='word_1_154' title='bbox 756 1889 868 1950; x_wconf 91' lang='lat' dir='ltr'><strong>deinde</strong></span> <span class='ocrx_word' id='word_1_155' title='bbox 882 1898 1014 1965; x_wconf 87' lang='lat' dir='ltr'><strong>aequata</strong></span> <span class='ocrx_word' id='word_1_156' title='bbox 1024 1905 1099 1966; x_wconf 90' lang='lat' dir='ltr'><strong>pau·</strong></span> 
     </span>
     <span class='ocr_line' id='line_1_21' title="bbox 119 1973 1100 2054; baseline -0.005 -15"><span class='ocrx_word' id='word_1_157' title='bbox 119 1978 215 2054; x_wconf 89' lang='lat' dir='ltr'><strong>iisper</strong></span> <span class='ocrx_word' id='word_1_158' title='bbox 229 1991 334 2054; x_wconf 86' lang='lat' dir='ltr'><strong>pugna</strong></span> <span class='ocrx_word' id='word_1_159' title='bbox 348 1983 404 2037; x_wconf 91' lang='lat' dir='ltr'><strong>est.</strong></span> <span class='ocrx_word' id='word_1_160' title='bbox 426 1975 458 2035; x_wconf 89' lang='lat' dir='ltr'><strong>in</strong></span> <span class='ocrx_word' id='word_1_161' title='bbox 471 1974 532 2036; x_wconf 92' lang='lat' dir='ltr'><strong>hoc</strong></span> <span class='ocrx_word' id='word_1_162' title='bbox 547 1973 722 2036; x_wconf 86' lang='lat' dir='ltr'><strong>discrimine</strong></span> <span class='ocrx_word' id='word_1_163' title='bbox 735 1973 828 2036; x_wconf 90' lang='lat' dir='ltr'><strong>ludos</strong></span> <span class='ocrx_word' id='word_1_164' title='bbox 840 1973 915 2049; x_wconf 88' lang='lat' dir='ltr'><strong>Iovi,</strong></span> <span class='ocrx_word' id='word_1_165' title='bbox 931 1973 958 2035; x_wconf 90' lang='lat' dir='ltr'><strong>si</strong></span> <span class='ocrx_word' id='word_1_166' title='bbox 970 1974 1100 2036; x_wconf 77' lang='lat' dir='ltr'><strong>fudisset</strong></span> 
     </span>
     <span class='ocr_line' id='line_1_22' title="bbox 119 2057 1097 2133; baseline -0.003 -11"><span class='ocrx_word' id='word_1_167' title='bbox 119 2061 346 2133; x_wconf 85' lang='lat' dir='ltr'><strong>cecidissetque</strong></span> <span class='ocrx_word' id='word_1_168' title='bbox 365 2057 479 2131; x_wconf 91' lang='lat' dir='ltr'><strong>hostis,</strong></span> <span class='ocrx_word' id='word_1_169' title='bbox 502 2066 684 2132; x_wconf 85' lang='lat' dir='ltr'><strong>propraetor</strong></span> <span class='ocrx_word' id='word_1_170' title='bbox 702 2058 796 2119; x_wconf 88' lang='lat' dir='ltr'><strong>vovit.</strong></span> <span class='ocrx_word' id='word_1_171' title='bbox 832 2058 954 2118; x_wconf 88' lang='lat' dir='ltr'><strong>tandem</strong></span> <span class='ocrx_word' id='word_1_172' title='bbox 969 2058 1097 2132; x_wconf 90' lang='lat' dir='ltr'><strong>gradum</strong></span> 
     </span>
     <span class='ocr_line' id='line_1_23' title="bbox 120 2139 1098 2216; baseline -0.006 -11"><span class='ocrx_word' id='word_1_173' title='bbox 120 2144 222 2205; x_wconf 93' lang='lat' dir='ltr'><strong>acrius</strong></span> <span class='ocrx_word' id='word_1_174' title='bbox 236 2143 365 2201; x_wconf 89' lang='lat' dir='ltr'><strong>intulere</strong></span> <span class='ocrx_word' id='word_1_175' title='bbox 379 2140 511 2202; x_wconf 90' lang='lat' dir='ltr'><strong>Romani</strong></span> <span class='ocrx_word' id='word_1_176' title='bbox 526 2140 683 2215; x_wconf 85' lang='lat' dir='ltr'><strong>cessitque</strong></span> <span class='ocrx_word' id='word_1_177' title='bbox 696 2139 871 2211; x_wconf 87' lang='lat' dir='ltr'><strong>Lusitanus,</strong></span> <span class='ocrx_word' id='word_1_178' title='bbox 887 2139 999 2200; x_wconf 89' lang='lat' dir='ltr'><strong>deinde</strong></span> <span class='ocrx_word' id='word_1_179' title='bbox 1013 2156 1098 2216; x_wconf 89' lang='lat' dir='ltr'><strong>pror-</strong></span> 
     </span>
     <span class='ocr_line' id='line_1_24' title="bbox 120 2221 1098 2300; baseline -0.007 -11"><span class='ocrx_word' id='word_1_180' title='bbox 120 2242 175 2290; x_wconf 90' lang='lat' dir='ltr'><strong>sus</strong></span> <span class='ocrx_word' id='word_1_181' title='bbox 195 2231 283 2300; x_wconf 89' lang='lat' dir='ltr'><strong>terga</strong></span> <span class='ocrx_word' id='word_1_182' title='bbox 303 2224 395 2285; x_wconf 91' lang='lat' dir='ltr'><strong>dedit.</strong></span> <span class='ocrx_word' id='word_1_183' title='bbox 430 2229 460 2284; x_wconf 90' lang='lat' dir='ltr'><strong>et</strong></span> <span class='ocrx_word' id='word_1_184' title='bbox 475 2239 544 2284; x_wconf 92' lang='lat' dir='ltr'><strong>cum</strong></span> <span class='ocrx_word' id='word_1_185' title='bbox 559 2222 741 2285; x_wconf 89' lang='lat' dir='ltr'><strong>institissent</strong></span> <span class='ocrx_word' id='word_1_186' title='bbox 755 2221 940 2298; x_wconf 78' lang='lat' dir='ltr'><strong>fugientibus</strong></span> <span class='ocrx_word' id='word_1_187' title='bbox 956 2223 1098 2298; x_wconf 91' lang='lat' dir='ltr'><strong>victores,</strong></span> 
     </span>
    </p>
   </div>
   <div class='ocr_carea' id='block_1_5' title="bbox 1 2304 1100 2473">
    <p class='ocr_par' dir='ltr' id='par_1_5' title="bbox 1 2304 1100 2473">
     <span class='ocr_line' id='line_1_25' title="bbox 1 2304 1099 2382; baseline -0.006 -8"><span class='ocrx_word' id='word_1_188' title='bbox 1 2337 2 2340; x_wconf 40' lang='lat'>¹</span> <span class='ocrx_word' id='word_1_189' title='bbox 119 2313 158 2373; x_wconf 89' lang='lat' dir='ltr'><strong>od</strong></span> <span class='ocrx_word' id='word_1_190' title='bbox 181 2308 345 2371; x_wconf 90' lang='lat' dir='ltr'><strong>duodecim</strong></span> <span class='ocrx_word' id='word_1_191' title='bbox 364 2308 447 2369; x_wconf 89' lang='lat' dir='ltr'><strong>mitia</strong></span> <span class='ocrx_word' id='word_1_192' title='bbox 466 2306 600 2369; x_wconf 87' lang='lat' dir='ltr'><strong>hostium</strong></span> <span class='ocrx_word' id='word_1_193' title='bbox 621 2313 694 2368; x_wconf 91' lang='lat' dir='ltr'><strong>sunt</strong></span> <span class='ocrx_word' id='word_1_194' title='bbox 713 2322 820 2382; x_wconf 89' lang='lat' dir='ltr'><strong>caesa,</strong></span> <span class='ocrx_word' id='word_1_195' title='bbox 844 2306 925 2382; x_wconf 89' lang='lat' dir='ltr'><strong>capti</strong></span> <span class='ocrx_word' id='word_1_196' title='bbox 945 2304 1099 2382; x_wconf 85' lang='lat' dir='ltr'><strong>quingenti</strong></span> 
     </span>
     <span class='ocr_line' id='line_1_26' title="bbox 1 2389 1100 2473; baseline -0.005 -15"><span class='ocrx_word' id='word_1_197' title='bbox 1 2427 2 2430; x_wconf 34' lang='lat'>¹</span> <span class='ocrx_word' id='word_1_198' title='bbox 120 2393 336 2473; x_wconf 88' lang='lat' dir='ltr'><strong>quadraginta,</strong></span> <span class='ocrx_word' id='word_1_199' title='bbox 352 2407 459 2453; x_wconf 89' lang='lat' dir='ltr'><strong>omnes</strong></span> <span class='ocrx_word' id='word_1_200' title='bbox 474 2393 539 2452; x_wconf 82' lang='lat' dir='ltr'><strong>rere</strong></span> <span class='ocrx_word' id='word_1_201' title='bbox 554 2391 689 2468; x_wconf 78' lang='lat' dir='ltr'><strong>equites3</strong></span> <span class='ocrx_word' id='word_1_202' title='bbox 711 2399 742 2453; x_wconf 90' lang='lat' dir='ltr'><strong>et</strong></span> <span class='ocrx_word' id='word_1_203' title='bbox 755 2391 845 2466; x_wconf 92' lang='lat' dir='ltr'><strong>signa</strong></span> <span class='ocrx_word' id='word_1_204' title='bbox 857 2389 997 2452; x_wconf 88' lang='lat' dir='ltr'><strong>militaria</strong></span> <span class='ocrx_word' id='word_1_205' title='bbox 1011 2397 1100 2466; x_wconf 86' lang='lat' dir='ltr'><strong>capu</strong></span> 
     </span>
    </p>
   </div>
   <div class='ocr_carea' id='block_1_6' title="bbox 118 2475 1100 3474">
    <p class='ocr_par' dir='ltr' id='par_1_6' title="bbox 118 2475 1100 3474">
     <span class='ocr_line' id='line_1_27' title="bbox 120 2475 1100 2553; baseline -0.005 -12"><span class='ocrx_word' id='word_1_206' title='bbox 120 2485 239 2541; x_wconf 88' lang='lat' dir='ltr'><strong>centum</strong></span> <span class='ocrx_word' id='word_1_207' title='bbox 249 2475 372 2553; x_wconf 90' lang='lat' dir='ltr'><strong>triginta</strong></span> <span class='ocrx_word' id='word_1_208' title='bbox 384 2484 535 2553; x_wconf 89' lang='lat' dir='ltr'><strong>quattuor.</strong></span> <span class='ocrx_word' id='word_1_209' title='bbox 557 2476 596 2537; x_wconf 89' lang='lat' dir='ltr'><strong>de</strong></span> <span class='ocrx_word' id='word_1_210' title='bbox 607 2475 743 2537; x_wconf 84' lang='lat' dir='ltr'><strong>exercitu</strong></span> <span class='ocrx_word' id='word_1_211' title='bbox 754 2477 894 2538; x_wconf 85' lang='lat' dir='ltr'><strong>Romano</strong></span> <span class='ocrx_word' id='word_1_212' title='bbox 906 2475 1100 2551; x_wconf 76' lang='lat' dir='ltr'><strong>septuaginta</strong></span> 
     </span>
     <span class='ocr_line' id='line_1_28' title="bbox 119 2558 1099 2637; baseline -0.005 -12"><span class='ocrx_word' id='word_1_213' title='bbox 119 2570 150 2625; x_wconf 91' lang='lat' dir='ltr'><strong>et</strong></span> <span class='ocrx_word' id='word_1_214' title='bbox 162 2570 225 2625; x_wconf 90' lang='lat' dir='ltr'><strong>tres</strong></span> <span class='ocrx_word' id='word_1_215' title='bbox 246 2562 360 2623; x_wconf 91' lang='lat' dir='ltr'><strong>amissi.</strong></span> <span class='ocrx_word' id='word_1_216' title='bbox 390 2567 558 2636; x_wconf 89' lang='lat' dir='ltr'><strong>pugnatum</strong></span> <span class='ocrx_word' id='word_1_217' title='bbox 578 2560 663 2621; x_wconf 91' lang='lat' dir='ltr'><strong>haud</strong></span> <span class='ocrx_word' id='word_1_218' title='bbox 677 2561 786 2637; x_wconf 91' lang='lat' dir='ltr'><strong>procul</strong></span> <span class='ocrx_word' id='word_1_219' title='bbox 799 2558 877 2636; x_wconf 89' lang='lat' dir='ltr'><strong>Ilipa</strong></span> <span class='ocrx_word' id='word_1_220' title='bbox 890 2558 968 2621; x_wconf 88' lang='lat' dir='ltr'><strong>urbe</strong></span> <span class='ocrx_word' id='word_1_221' title='bbox 982 2565 1038 2621; x_wconf 89' lang='lat' dir='ltr'><strong>est.</strong></span> <span class='ocrx_word' id='word_1_222' title='bbox 1061 2574 1099 2620; x_wconf 92' lang='lat' dir='ltr'><strong>eo</strong></span> 
     </span>
     <span class='ocr_line' id='line_1_29' title="bbox 118 2642 1098 2725; baseline -0.004 -18"><span class='ocrx_word' id='word_1_223' title='bbox 118 2647 266 2709; x_wconf 90' lang='lat' dir='ltr'><strong>victorem</strong></span> <span class='ocrx_word' id='word_1_224' title='bbox 292 2646 470 2720; x_wconf 89' lang='lat' dir='ltr'><strong>opulentum</strong></span> <span class='ocrx_word' id='word_1_225' title='bbox 491 2643 608 2719; x_wconf 87' lang='lat' dir='ltr'><strong>praeda</strong></span> <span class='ocrx_word' id='word_1_226' title='bbox 627 2644 795 2704; x_wconf 85' lang='lat' dir='ltr'><strong>exercitum</strong></span> <span class='ocrx_word' id='word_1_227' title='bbox 816 2642 849 2703; x_wconf 89' lang='lat' dir='ltr'><strong>P.</strong></span> <span class='ocrx_word' id='word_1_228' title='bbox 872 2642 1032 2725; x_wconf 79' lang='lat' dir='ltr'><strong>cornelius</strong></span> <span class='ocrx_word' id='word_1_229' title='bbox 1051 2658 1098 2703; x_wconf 82' lang='lat' dir='ltr'><strong>re</strong></span> 
     </span>
     <span class='ocr_line' id='line_1_30' title="bbox 119 2727 1099 2803; baseline -0.005 -11"><span class='ocrx_word' id='word_1_230' title='bbox 119 2730 214 2792; x_wconf 84' lang='lat' dir='ltr'><strong>duxit.</strong></span> <span class='ocrx_word' id='word_1_231' title='bbox 236 2741 274 2788; x_wconf 87' lang='lat' dir='ltr'><strong>ea</strong></span> <span class='ocrx_word' id='word_1_232' title='bbox 288 2727 388 2789; x_wconf 91' lang='lat' dir='ltr'><strong>omnis</strong></span> <span class='ocrx_word' id='word_1_233' title='bbox 403 2732 473 2787; x_wconf 93' lang='lat' dir='ltr'><strong>ante</strong></span> <span class='ocrx_word' id='word_1_234' title='bbox 486 2727 593 2788; x_wconf 89' lang='lat' dir='ltr'><strong>urbem</strong></span> <span class='ocrx_word' id='word_1_235' title='bbox 603 2728 747 2803; x_wconf 89' lang='lat' dir='ltr'><strong>exposita</strong></span> <span class='ocrx_word' id='word_1_236' title='bbox 757 2732 814 2803; x_wconf 84' lang='lat' dir='ltr'><strong>est,</strong></span> <span class='ocrx_word' id='word_1_237' title='bbox 828 2733 1030 2803; x_wconf 87' lang='lat' dir='ltr'><strong>potestasque</strong></span> <span class='ocrx_word' id='word_1_238' title='bbox 1044 2727 1099 2787; x_wconf 94' lang='lat' dir='ltr'><strong>do-</strong></span> 
     </span>
     <span class='ocr_line' id='line_1_31' title="bbox 119 2810 1098 2885; baseline -0.003 -12"><span class='ocrx_word' id='word_1_239' title='bbox 119 2814 210 2874; x_wconf 90' lang='lat' dir='ltr'><strong>minis</strong></span> <span class='ocrx_word' id='word_1_240' title='bbox 232 2826 306 2871; x_wconf 89' lang='lat' dir='ltr'><strong>suas</strong></span> <span class='ocrx_word' id='word_1_241' title='bbox 327 2825 378 2870; x_wconf 92' lang='lat' dir='ltr'><strong>res</strong></span> <span class='ocrx_word' id='word_1_242' title='bbox 399 2810 607 2885; x_wconf 90' lang='lat' dir='ltr'><strong>cognoscendi</strong></span> <span class='ocrx_word' id='word_1_243' title='bbox 629 2811 710 2870; x_wconf 88' lang='lat' dir='ltr'><strong>iacta</strong></span> <span class='ocrx_word' id='word_1_244' title='bbox 729 2816 786 2872; x_wconf 90' lang='lat' dir='ltr'><strong>est.</strong></span> <span class='ocrx_word' id='word_1_245' title='bbox 819 2817 920 2872; x_wconf 90' lang='lat' dir='ltr'><strong>cetera</strong></span> <span class='ocrx_word' id='word_1_246' title='bbox 936 2810 1098 2870; x_wconf 89' lang='lat' dir='ltr'><strong>vendenda</strong></span> 
     </span>
     <span class='ocr_line' id='line_1_32' title="bbox 118 2893 1048 2974; baseline -0.006 -16"><span class='ocrx_word' id='word_1_247' title='bbox 118 2894 276 2974; x_wconf 88' lang='lat' dir='ltr'><strong>quaestori</strong></span> <span class='ocrx_word' id='word_1_248' title='bbox 291 2893 377 2962; x_wconf 76' lang='lat' dir='ltr'><strong>datm</strong></span> <span class='ocrx_word' id='word_1_249' title='bbox 400 2894 484 2969; x_wconf 91' lang='lat' dir='ltr'><strong>quod</strong></span> <span class='ocrx_word' id='word_1_250' title='bbox 500 2893 571 2954; x_wconf 89' lang='lat' dir='ltr'><strong>inde</strong></span> <span class='ocrx_word' id='word_1_251' title='bbox 584 2893 732 2955; x_wconf 84' lang='lat' dir='ltr'><strong>reiectum</strong></span> <span class='ocrx_word' id='word_1_252' title='bbox 747 2898 795 2954; x_wconf 89' lang='lat' dir='ltr'><strong>cst</strong></span> <span class='ocrx_word' id='word_1_253' title='bbox 807 2893 892 2953; x_wconf 87' lang='lat' dir='ltr'><strong>militi</strong></span> <span class='ocrx_word' id='word_1_254' title='bbox 907 2893 1048 2956; x_wconf 90' lang='lat' dir='ltr'><strong>divisum.</strong></span> 
     </span>
     <span class='ocr_line' id='line_1_33' title="bbox 201 2976 1097 3052; baseline -0.003 -12"><span class='ocrx_word' id='word_1_255' title='bbox 201 2978 239 3040; x_wconf 86' lang='grc' dir='ltr'><strong>ΙΙ.</strong></span> <span class='ocrx_word' id='word_1_256' title='bbox 266 2977 407 3038; x_wconf 86' lang='lat' dir='ltr'><strong>Nondum</strong></span> <span class='ocrx_word' id='word_1_257' title='bbox 431 2977 470 3038; x_wconf 90' lang='lat' dir='ltr'><strong>ab</strong></span> <span class='ocrx_word' id='word_1_258' title='bbox 489 2979 589 3039; x_wconf 88' lang='lat' dir='ltr'><strong>Roma</strong></span> <span class='ocrx_word' id='word_1_259' title='bbox 611 2977 769 3052; x_wconf 84' lang='lat' dir='ltr'><strong>proiectus</strong></span> <span class='ocrx_word' id='word_1_260' title='bbox 796 2982 861 3037; x_wconf 88' lang='lat' dir='ltr'><strong>erat</strong></span> <span class='ocrx_word' id='word_1_261' title='bbox 882 2977 912 3039; x_wconf 84' lang='lat' dir='ltr'><strong>c.</strong></span> <span class='ocrx_word' id='word_1_262' title='bbox 932 2976 1097 3038; x_wconf 82' lang='lat' dir='ltr'><strong>Flaminius</strong></span> 
     </span>
     <span class='ocr_line' id='line_1_34' title="bbox 119 3060 1096 3141; baseline -0.005 -15"><span class='ocrx_word' id='word_1_263' title='bbox 119 3071 252 3141; x_wconf 91' lang='lat' dir='ltr'><strong>praetor,</strong></span> <span class='ocrx_word' id='word_1_264' title='bbox 267 3076 337 3123; x_wconf 90' lang='lat' dir='ltr'><strong>cum</strong></span> <span class='ocrx_word' id='word_1_265' title='bbox 350 3060 427 3122; x_wconf 90' lang='lat' dir='ltr'><strong>hacc</strong></span> <span class='ocrx_word' id='word_1_266' title='bbox 441 3060 473 3121; x_wconf 89' lang='lat' dir='ltr'><strong>in</strong></span> <span class='ocrx_word' id='word_1_267' title='bbox 486 3060 635 3136; x_wconf 87' lang='lat' dir='ltr'><strong>Hispania</strong></span> <span class='ocrx_word' id='word_1_268' title='bbox 647 3061 840 3136; x_wconf 82' lang='lat' dir='ltr'><strong>gerebantur.</strong></span> <span class='ocrx_word' id='word_1_269' title='bbox 872 3060 976 3137; x_wconf 88' lang='lat' dir='ltr'><strong>itaque</strong></span> <span class='ocrx_word' id='word_1_270' title='bbox 990 3062 1096 3123; x_wconf 91' lang='lat' dir='ltr'><strong>adver-</strong></span> 
     </span>
     <span class='ocr_line' id='line_1_35' title="bbox 120 3145 1097 3223; baseline -0.005 -14"><span class='ocrx_word' id='word_1_271' title='bbox 120 3164 174 3210; x_wconf 87' lang='lat' dir='ltr'><strong>sae</strong></span> <span class='ocrx_word' id='word_1_272' title='bbox 190 3161 282 3223; x_wconf 92' lang='lat' dir='ltr'><strong>quam</strong></span> <span class='ocrx_word' id='word_1_273' title='bbox 302 3145 459 3206; x_wconf 86' lang='lat' dir='ltr'><strong>secundae</strong></span> <span class='ocrx_word' id='word_1_274' title='bbox 474 3161 526 3206; x_wconf 87' lang='lat' dir='ltr'><strong>res</strong></span> <span class='ocrx_word' id='word_1_275' title='bbox 542 3146 713 3221; x_wconf 90' lang='lat' dir='ltr'><strong>peripsum</strong></span> <span class='ocrx_word' id='word_1_276' title='bbox 727 3146 906 3221; x_wconf 88' lang='lat' dir='ltr'><strong>amicosque</strong></span> <span class='ocrx_word' id='word_1_277' title='bbox 921 3145 987 3206; x_wconf 91' lang='lat' dir='ltr'><strong>eius</strong></span> <span class='ocrx_word' id='word_1_278' title='bbox 1002 3146 1097 3221; x_wconf 74' lang='lat' dir='ltr'><strong>magis</strong></span> 
     </span>
     <span class='ocr_line' id='line_1_36' title="bbox 120 3228 1084 3306; baseline -0.005 -13"><span class='ocrx_word' id='word_1_279' title='bbox 120 3230 312 3293; x_wconf 88' lang='lat' dir='ltr'><strong>sermonibus</strong></span> <span class='ocrx_word' id='word_1_280' title='bbox 333 3228 578 3300; x_wconf 88' lang='lat' dir='ltr'><strong>celebrabantur;</strong></span> <span class='ocrx_word' id='word_1_281' title='bbox 601 3237 632 3291; x_wconf 89' lang='lat' dir='ltr'><strong>et</strong></span> <span class='ocrx_word' id='word_1_282' title='bbox 644 3235 858 3306; x_wconf 87' lang='lat' dir='ltr'><strong>temptaverat,</strong></span> <span class='ocrx_word' id='word_1_283' title='bbox 876 3228 1019 3306; x_wconf 90' lang='lat' dir='ltr'><strong>quoniam</strong></span> <span class='ocrx_word' id='word_1_284' title='bbox 1034 3230 1084 3291; x_wconf 90' lang='lat' dir='ltr'><strong>bet</strong></span> 
     </span>
     <span class='ocr_line' id='line_1_37' title="bbox 119 3311 1097 3391; baseline -0.006 -13"><span class='ocrx_word' id='word_1_285' title='bbox 119 3320 182 3379; x_wconf 90' lang='lat' dir='ltr'><strong>lum</strong></span> <span class='ocrx_word' id='word_1_286' title='bbox 201 3315 309 3391; x_wconf 88' lang='lat' dir='ltr'><strong>ingens</strong></span> <span class='ocrx_word' id='word_1_287' title='bbox 329 3313 360 3373; x_wconf 92' lang='lat' dir='ltr'><strong>in</strong></span> <span class='ocrx_word' id='word_1_288' title='bbox 374 3314 533 3390; x_wconf 87' lang='lat' dir='ltr'><strong>provincia</strong></span> <span class='ocrx_word' id='word_1_289' title='bbox 554 3314 737 3387; x_wconf 88' lang='lat' dir='ltr'><strong>exarsisset,</strong></span> <span class='ocrx_word' id='word_1_290' title='bbox 759 3321 790 3374; x_wconf 90' lang='lat' dir='ltr'><strong>et</strong></span> <span class='ocrx_word' id='word_1_291' title='bbox 809 3313 937 3390; x_wconf 84' lang='lat' dir='ltr'><strong>exiguas</strong></span> <span class='ocrx_word' id='word_1_292' title='bbox 952 3311 1097 3389; x_wconf 82' lang='lat' dir='ltr'><strong>reliquias</strong></span> 
     </span>
     <span class='ocr_line' id='line_1_38' title="bbox 119 3393 1098 3474; baseline -0.008 -11"><span class='ocrx_word' id='word_1_293' title='bbox 119 3401 271 3463; x_wconf 83' lang='lat' dir='ltr'><strong>exercitus</strong></span> <span class='ocrx_word' id='word_1_294' title='bbox 287 3399 325 3460; x_wconf 91' lang='lat' dir='ltr'><strong>ab</strong></span> <span class='ocrx_word' id='word_1_295' title='bbox 340 3396 412 3458; x_wconf 82' lang='lat' dir='ltr'><strong>Sex.</strong></span> <span class='ocrx_word' id='word_1_296' title='bbox 427 3398 537 3474; x_wconf 86' lang='lat' dir='ltr'><strong>Digitio</strong></span> <span class='ocrx_word' id='word_1_297' title='bbox 559 3404 651 3473; x_wconf 90' lang='lat' dir='ltr'><strong>atque</strong></span> <span class='ocrx_word' id='word_1_298' title='bbox 672 3412 726 3457; x_wconf 90' lang='lat' dir='ltr'><strong>eas</strong></span> <span class='ocrx_word' id='word_1_299' title='bbox 747 3398 833 3473; x_wconf 88' lang='lat' dir='ltr'><strong>ipsas</strong></span> <span class='ocrx_word' id='word_1_300' title='bbox 848 3400 957 3472; x_wconf 88' lang='lat' dir='ltr'><strong>plenas</strong></span> <span class='ocrx_word' id='word_1_301' title='bbox 972 3393 1098 3471; x_wconf 88' lang='lat' dir='ltr'><strong>pavoris</strong></span> 
     </span>
    </p>
   </div>
   <div class='ocr_carea' id='block_1_7' title="bbox 4 3477 1099 3627">
    <p class='ocr_par' dir='ltr' id='par_1_7' title="bbox 4 3477 1099 3627">
     <span class='ocr_line' id='line_1_39' title="bbox 4 3477 1099 3558; baseline -0.01 -10"><span class='ocrx_word' id='word_1_302' title='bbox 4 3514 5 3522; x_wconf 51' lang='lat'><strong>,</strong></span> <span class='ocrx_word' id='word_1_303' title='bbox 119 3500 156 3547; x_wconf 92' lang='lat' dir='ltr'><strong>ac</strong></span> <span class='ocrx_word' id='word_1_304' title='bbox 171 3484 262 3558; x_wconf 88' lang='lat' dir='ltr'><strong>tugae</strong></span> <span class='ocrx_word' id='word_1_305' title='bbox 277 3488 459 3556; x_wconf 88' lang='lat' dir='ltr'><strong>acceptums</strong></span> <span class='ocrx_word' id='word_1_306' title='bbox 475 3487 566 3556; x_wconf 84' lang='lat' dir='ltr'><strong>esset,</strong></span> <span class='ocrx_word' id='word_1_307' title='bbox 583 3489 617 3543; x_wconf 92' lang='lat' dir='ltr'><strong>ut</strong></span> <span class='ocrx_word' id='word_1_308' title='bbox 631 3479 690 3541; x_wconf 88' lang='lat' dir='ltr'><strong>sibi</strong></span> <span class='ocrx_word' id='word_1_309' title='bbox 705 3498 798 3542; x_wconf 91' lang='lat' dir='ltr'><strong>unam</strong></span> <span class='ocrx_word' id='word_1_310' title='bbox 813 3497 852 3541; x_wconf 81' lang='lat' dir='ltr'><strong>cx</strong></span> <span class='ocrx_word' id='word_1_311' title='bbox 866 3479 992 3540; x_wconf 90' lang='lat' dir='ltr'><strong>urbanis</strong></span> <span class='ocrx_word' id='word_1_312' title='bbox 1003 3477 1099 3552; x_wconf 87' lang='lat' dir='ltr'><strong>legio-</strong></span> 
     </span>
     <span class='ocr_line' id='line_1_40' title="bbox 162 3567 893 3627; baseline -0.004 -2"><span class='ocrx_word' id='word_1_313' title='bbox 162 3584 188 3627; x_wconf 87' lang='lat' dir='ltr'><strong>r.</strong></span> <span class='ocrx_word' id='word_1_314' title='bbox 201 3581 263 3624; x_wconf 84' lang='lat' dir='ltr'><strong>mvi</strong></span> <span class='ocrx_word' id='word_1_315' title='bbox 279 3580 354 3623; x_wconf 77' lang='lat' dir='ltr'><strong>raas</strong></span> <span class='ocrx_word' id='word_1_316' title='bbox 369 3567 420 3623; x_wconf 77' lang='lat' dir='ltr'><strong>IV·</strong></span> <span class='ocrx_word' id='word_1_317' title='bbox 859 3571 893 3622; x_wconf 80' lang='lat' dir='ltr'><strong>ta</strong></span> 
     </span>
    </p>
   </div>
   <div class='ocr_carea' id='block_1_8' title="bbox 0 0 1304 4000">
    <p class='ocr_par' dir='ltr' id='par_1_8' title="bbox 0 0 1304 4000">
     <span class='ocr_line' id='line_1_41' title="bbox 0 0 1304 4000; baseline 0 0"><span class='ocrx_word' id='word_1_318' title='bbox 0 0 1304 4000; x_wconf 95' lang='lat' dir='ltr'><strong> </strong></span> 
     </span>
    </p>
   </div>
  </div>
 </body>
</html>
