2600 4000
286 262 402 323 LIBER
414 261 548 321 XXXIII.
570 260 653 322 cAP.
668 269 711 323 18„
727 268 769 322 19.
791 268 829 336 [a.
844 268 877 322 0.
894 270 955 336 tet]
1066 264 1109 327 99

125 427 187 480 tum
202 413 288 476 ecies
300 420 431 488 noeque
445 427 540 487 super
553 409 661 486 ripam,
678 408 732 486 qui
745 410 830 471 terreri
845 421 908 472 tum
918 428 1000 489 aquo
1014 415 1105 477 inter-

5 497 6 500 '
125 494 420 573 fluebattorrentim
447 492 619 570 paucisque
633 492 703 555 tetis
718 492 843 555 emissis
858 493 888 554 io
904 502 1006 556 castre
1018 514 1104 562 recc-

123 590 239 662 perunt
249 595 337 642 sese.
379 585 507 655 postero
523 576 579 638 die
598 577 710 638 eodem
730 575 838 637 ordine
852 578 991 640 instructi
1005 579 1104 644 meins

124 668 280 743 eliquanto
300 660 456 739 proelium
477 677 572 736 ouem
585 676 643 737 pro
669 676 797 721 numero
820 658 945 723 edidere
966 678 1105 739 pugnen-

125 756 214 815 tium=
230 743 427 823 nequeenim
443 745 513 821 plus
527 751 614 806 terno
627 743 711 805 milio
730 743 867 820 peditum
889 747 975 807 tuere
990 756 1021 809 et
1034 762 1104 808 een-

125 831 187 896 teni
201 833 296 892 ferme
308 828 441 905 equites.
481 833 619 890 ceterum
633 843 696 888 non
710 844 837 890 numero
853 836 970 891 tontum
984 847 1042 892 nec
1057 848 1105 891 ar·

125 932 243 979 monum
254 929 385 990 genere,
407 909 588 972 sed-animis
604 927 730 987 quoque
745 911 871 987 peribus
884 921 916 974 et
930 930 1032 989 aeque
1046 932 1105 991 spe

124 1004 308 1077 pugnarunt
350 992 468 1056 Achaei
482 992 577 1070 primi
597 1002 731 1057 torrente
740 1005 890 1071 superato
905 995 937 1056 iu
950 996 1103 1073 Agrianas
1225 1069 1228 1074 p

124 1083 270 1160 impetum
284 1082 438 1150 iecerunt,
457 1076 572 1140 deinde
591 1086 657 1140 tota
676 1095 775 1155 prope
796 1096 890 1141 cursu
907 1088 1103 1157 transgresso

121 1182 244 1228 omnem
257 1162 340 1224 acics
353 1170 413 1223 est.
429 1160 611 1239 diu-oneeps
624 1178 731 1238 pugne
743 1162 835 1224 stetit.
850 1179 977 1226 numero
984 1164 1102 1227 Achaei

123 1253 168 1294 **
182 1246 287 1325 etipsi
303 1244 626 1323 quadringentesimo
643 1248 799 1322 expulere.
829 1246 1101 1328 inclinetodeinde

123 1335 214 1397 laeuo
223 1347 325 1394 cornu
338 1329 368 1389 in
377 1329 524 1392 -dcxtmm
538 1346 646 1391 omnes
656 1328 767 1391 conisi.
785 1330 983 1404 Macedones,
999 1349 1101 1409 usque

9 1483 13 1491 ,
125 1417 199 1477 dum
214 1411 338 1475 ordines
351 1421 381 1474 et
396 1412 489 1476 veluti
503 1411 615 1489 stipato
625 1414 765 1491 ‚phetonx
786 1415 962 1490 constabat,
983 1414 1100 1478 moveri

127 1495 343 1573 nemtiueruntz
364 1505 527 1574 postquem
539 1500 629 1560 ,tacvo
645 1498 740 1559 lutere
759 1500 874 1562 nudato
892 1497 1099 1575 circumagere

125 1582 231 1643 hastos
249 1578 465 1643 invenientem
491 1598 531 1642 ex
552 1590 728 1644 transverso
753 1582 875 1645 hostem
894 1582 998 1644 conati
1018 1590 1099 1656 sunt,

126 1662 236 1726 turbati
248 1666 401 1742 extempio
415 1667 574 1727 tumtdtum
589 1665 689 1742 primo
707 1664 786 1725 inter
800 1682 836 1726 se
850 1667 996 1737 iecerunt,
1012 1672 1099 1740 terge

124 1746 237 1809 deindo
256 1756 394 1821 vertunt,
420 1757 576 1824 postremo
595 1746 725 1809 obtectis
744 1747 838 1809 ermis
853 1748 884 1807 in
899 1746 1098 1824 praecipitem

124 1833 226 1908 fugam
239 1831 445 1895 effunduntur.
469 1831 638 1911 Bargylias
654 1839 795 1908 petentes
810 1833 966 1908 tugerunu
987 1832 1097 1892 eodem

121 1922 153 1978 ot
165 1916 344 1978 Dinocrates
365 1914 508 1991 perfugit.
547 1914 674 1989 Rhodii,
696 1924 843 1990 quantum
862 1912 925 1975 diei
945 1914 1098 1992 superfuit

122 1998 234 2074 seond,
252 2005 439 2074 receperunt
457 2014 529 2059 sese
543 1997 574 2058 in
589 2007 699 2060 eostre.
741 1999 816 2062 sutis
830 2007 966 2074 constet,
981 1998 1009 2060 si
1023 2017 1096 2060 con-

121 2083 223 2157 festim
236 2081 372 2143 victores
385 2079 608 2141 StratonIceem
622 2079 781 2154 petissent,
796 2081 894 2156 recipi
908 2098 977 2141 eam
989 2083 1096 2142 urbem

119 2164 189 2226 sine
209 2162 374 2224 certamine
392 2159 544 2236 potuisse.
584 2160 801 2236 preetenmssa
821 2162 888 2222 eius
908 2162 954 2221 rei
973 2162 1097 2223 occasio

120 2253 179 2319 est,
195 2244 268 2304 dum
281 2242 313 2303 in
327 2242 462 2305 remitis
475 2242 617 2320 vicisque
625 2241 816 2319 recipiendis
829 2245 964 2305 Peraeae
977 2252 1098 2319 tempus

28 2352 35 2361 ·
118 2326 236 2392 teritur.
278 2324 399 2388 interim
412 2325 504 2392 enimi
518 2344 624 2390 corum
639 2326 692 2404 qui
707 2326 928 2390 Stratoniceum
941 2325 1097 2403 pracsidio

120 2409 299 2474 obtiuebont
319 2409 489 2472 confirmati
509 2420 589 2474 sunt.
630 2426 704 2473 mox
724 2418 756 2473 et
767 2410 948 2473 Dinocrates
970 2426 1039 2472 cum
1059 2408 1097 2472 iis

5 2548 7 2551 ,
121 2511 201 2572 quae
216 2492 333 2571 proelio
346 2495 563 2572 superfuerant
574 2494 677 2573 copiis
691 2491 813 2557 intravit
832 2511 946 2557 muros.
989 2492 1097 2569 nequi·

122 2593 213 2654 quam
232 2577 305 2640 inde
326 2579 459 2641 obsessa
479 2588 720 2657 oppugnataque
740 2579 815 2641 urbs
836 2587 899 2653 est,
921 2594 980 2641 nec
1001 2576 1096 2654 recipi

120 2659 181 2723 nisi
195 2659 351 2739 aliquanto
364 2669 439 2739 post
453 2678 509 2739 per
518 2662 707 2726 Antiochum
722 2662 828 2740 potuit.
868 2663 948 2724 haec
961 2661 991 2723 in
1002 2662 1095 2723 Thes-

121 2743 207 2818 sulIe,
217 2745 297 2807 haec
307 2744 339 2807 in
352 2744 479 2821 Achaia,
492 2747 569 2808 haec
583 2746 614 2808 in
628 2746 706 2807 Asia
715 2745 990 2823 per'eosdem-dies
1002 2746 1096 2807 terme

120 2836 219 2904 gesto.

199 2911 275 2973 XIX.
297 2908 539 2989 Philiptpuscum
550 2913 690 2975 audisset
698 2913 869 2988 Dardanos,
883 2920 1095 2988 transgressos

119 2991 191 3056 finis
204 2995 244 3056 cb
259 3000 436 3072 contemptu
449 2995 597 3058 concussi
617 3004 680 3058 tum
695 2995 798 3072 regni,
819 2994 980 3071 superiore
993 2996 1095 3057 Mace

119 3076 231 3140 deniae
252 3086 407 3153 erasure,
433 3095 618 3156 quemquem
637 3088 702 3142 toto
724 3096 822 3156 prope
843 3080 918 3140 orbe
937 3088 1093 3151 tetrorum,

5 3174 9 3201 t
119 3159 256 3238 undique
268 3178 305 3224 se
320 3178 458 3239 suosque
471 3161 613 3239 exigente
634 3163 770 3239 fortune,
796 3164 975 3238 urgebatur,
995 3172 1094 3225 tomen

119 3251 217 3308 morte
237 3243 353 3307 tristius
372 3255 457 3309 retus
470 3245 672 3308 Macedoniae
692 3244 998 3322 etiompossessione
1012 3245 1094 3322 peili,

118 3326 233 3391 dilectu
246 3328 358 3405 ruptim
369 3347 427 3407 pcr
439 3331 533 3392 urbes
547 3331 751 3393 Macedonum
765 3328 869 3392 habito
884 3346 953 3392 cum
968 3346 1025 3392 sex
1040 3327 1094 3390 mi·

117 3408 199 3473 libus
213 3410 349 3489 peditum
361 3422 394 3477 et
407 3413 582 3491 quingentis
598 3412 754 3490 equitibus
775 3412 857 3475 circe
871 3413 985 3475 Stobos
999 3413 1093 3472 Peco-

118 3493 188 3556 niec
202 3493 371 3573 improviso
386 3497 493 3559 hostes
509 3496 674 3572 oppressit.
699 3513 810 3572 magna
823 3495 983 3614 muttitudo
997 3490 1092 3554 homi·
