2600 4000
190 216 255 282 206
338 216 452 276 LIBER
465 216 584 276 XXXV.
608 215 691 275 chr.
702 223 746 276 34.
758 223 802 276 35.
826 221 863 289 [ι.
876 221 913 274 U.
922 237 948 275 n.
959 219 1023 286 560]

192 372 334 433 sinerent.
357 377 388 430 et
402 368 558 444 simplices
578 367 719 429 homines
738 367 951 428 misericordia
964 373 996 428 et
1008 367 1170 443 improbos

191 452 421 529 seditiososque
438 452 626 512 immiscendi
640 467 691 512 res
706 452 835 512 tumultu
848 450 987 512 Aetolico
1008 467 1083 527 spes
1104 469 1171 513 mo-

191 539 250 600 niti
278 553 334 614 pro
355 552 390 597 se
412 537 544 611 quisque
563 534 703 596 revocari
725 533 877 595 iubebant.
908 534 956 594 his
978 537 1172 611 praeparatis

193 622 313 684 Diocles
329 636 398 682 cum
413 621 493 681 omni
508 619 643 694 equitatu
653 652 696 662 —
707 626 737 678 et
747 626 812 678 erat
824 624 885 679 tum
897 619 1071 693 praefectus
1083 621 1170 695 equi·
1253 628 1258 635 '

193 704 423 781 tum-specie
434 704 607 764 reducentis
619 705 758 763 exsulem
768 702 922 777 hospitem
936 704 1102 778 protectus,
1119 704 1171 763 die

192 806 230 852 ac
243 796 334 851 nocte
348 788 456 863 ingens
470 788 527 848 iter
540 802 700 858 emensus,
717 801 786 846 cum
800 786 882 846 milia
898 800 956 846 sex
970 786 1010 846 ab
1024 787 1101 847 urbe
1115 788 1170 846 ab·

192 880 290 947 esset,
305 874 373 932 luce
388 872 485 946 prima
498 870 594 931 tribus
608 870 714 931 electis
729 867 848 944 turmis,
864 876 967 931 cetera
979 869 1171 931 multitudine

192 955 328 1032 equitum
354 953 503 1030 subsequi
528 955 630 1030 iussa,
656 952 834 1029 praecessit.
871 960 1036 1029 postquam
1061 961 1170 1029 porme

192 1038 473 1116 appropinquabat,
496 1038 619 1099 desilire
641 1053 748 1099 omnes
769 1053 809 1097 ex
829 1038 919 1112 equis
939 1037 1030 1098 iussit
1044 1044 1074 1098 et
1093 1037 1167 1099 loris

192 1124 305 1183 ducere
319 1137 434 1198 equos,
449 1121 565 1183 itineris
580 1123 711 1183 maxime
725 1121 816 1182 modo
833 1120 940 1182 solutis
952 1121 1121 1195 ordinibus,
1135 1128 1169 1182 'ul

193 1206 352 1268 comitatus
367 1206 464 1281 magis
480 1206 626 1282 praelecti
640 1206 795 1265 videretur
806 1221 897 1280 quam
911 1205 1106 1279 praesidium.
1125 1205 1167 1268 ibi

192 1306 252 1350 una
266 1305 306 1350 ex
321 1290 427 1350 turmis
442 1291 482 1349 ad
498 1296 616 1365 portam
631 1288 751 1363 relicta,
774 1304 813 1348 ne
833 1288 955 1348 excludi
970 1289 1166 1364 subsequens

192 1372 344 1448 equitatus
361 1380 482 1448 posset,
501 1374 602 1433 media
616 1374 692 1434 urbe
707 1389 743 1433 ac
758 1388 813 1448 per
831 1373 943 1446 ionum,
963 1387 1055 1434 mauu
1067 1372 1166 1448 ilary-

192 1456 314 1517 loohum
326 1463 433 1517 lenens
448 1457 549 1526 multis
566 1456 795 1523 occurrentibus
815 1456 1097 1532 gratulantibusque
1112 1456 1165 1516 do·

193 1556 273 1602 mum
289 1540 423 1602 deduxit.
448 1557 521 1601 mox
540 1541 676 1615 equitum
691 1542 782 1614 plena
795 1540 870 1601 urbs
884 1545 963 1614 erat,
985 1547 1015 1601 et
1028 1542 1098 1601 loca
1112 1555 1161 1614 op

193 1633 324 1701 portuna
339 1626 577 1700 occupabantur.
599 1629 662 1684 tum
676 1623 706 1682 in
722 1624 831 1684 domos
846 1623 932 1684 missi
948 1623 999 1699 qui
1012 1622 1166 1700 principes

193 1710 343 1770 adversae
358 1709 497 1770 factionis
515 1708 728 1768 interficerent.
751 1707 791 1767 ita
805 1707 974 1769 Demetrias
989 1709 1168 1769 Aetolorum

193 1794 273 1854 lacta
288 1800 344 1853 est.

275 1876 396 1936 XXXV.
429 1876 660 1936 Lacedaemone
679 1890 740 1934 non
761 1873 829 1934 urbi
850 1875 898 1935 vis
919 1875 1088 1935 adferenda
1111 1875 1168 1935 sed

194 1965 341 2037 tyrannus
356 1959 428 2020 dolo
444 1959 612 2035 capiendus
628 1966 708 2034 erat,
725 1974 816 2036 quem
830 1955 993 2034 spoliatum
1011 1958 1167 2021 maritimis

194 2042 317 2117 oppidis
338 2043 376 2102 ab
397 2043 558 2117 Romanis,
584 2050 655 2103 tunc
675 2044 753 2104 intra
773 2042 894 2103 moenia
909 2043 998 2103 etiam
1013 2043 1167 2104 Lacedae·

193 2126 293 2187 monis
315 2127 353 2187 ab
368 2127 501 2188 Achaeis
523 2129 716 2203 compulsum
732 2127 790 2202 qui
811 2133 998 2201 occupasset
1015 2127 1166 2198 occidere,

193 2225 263 2271 eum
274 2211 365 2272 totius
377 2213 504 2287 gratiam
515 2212 559 2271 rei
571 2212 653 2287 apud
664 2210 924 2271 Lacedaemonios
936 2212 1075 2274 laturum.
1097 2225 1168 2270 cau·

193 2311 259 2355 sam
274 2296 409 2357 mittendi
423 2296 462 2355 ad
477 2311 547 2355 eum
560 2295 745 2367 habuerunt,
763 2295 847 2370 quod
859 2293 1003 2369 inligabat
1014 2295 1168 2370 precibus,

192 2386 226 2439 ut
240 2380 353 2439 auxilia
367 2380 439 2450 sibi,
456 2393 524 2437 oum
540 2378 598 2437 illis
614 2378 790 2439 arrctoribus
804 2378 998 2450 rebellasset,
1014 2378 1167 2439 mitterem·

194 2468 249 2522 tur.
273 2463 353 2521 mille
368 2461 486 2537 pedites
501 2462 690 2520 Alexameno
706 2460 768 2520 dati
782 2468 869 2533 sunt,
886 2468 916 2521 el
925 2462 1047 2537 triginta
1058 2461 1167 2522 delecti

194 2560 233 2605 ex
247 2544 401 2604 iuventute
415 2542 544 2617 equites.
566 2541 604 2602 iis
619 2559 638 2601 a
653 2550 793 2618 praetore
804 2545 978 2607 Damocrito
993 2545 1023 2605 in
1039 2543 1168 2606 consilio

194 2640 305 2687 arcano
321 2626 434 2701 gentis,
456 2626 496 2685 de
518 2641 579 2701 quo
600 2626 799 2689 antedictum
814 2636 876 2701 est,
901 2628 1108 2703 denuntiatur,
1130 2644 1169 2688 ne

193 2725 228 2770 se
243 2710 283 2769 ad
297 2710 408 2770 bellum
422 2708 590 2770 Achaicum
605 2718 657 2770 aut
665 2725 729 2771 rem
740 2713 847 2787 ullam,
863 2729 954 2789 quam
966 2729 1024 2774 sua
1036 2712 1170 2788 quisque

193 2792 337 2868 opinione
351 2792 529 2868 praecipere
544 2801 665 2868 posset,
682 2796 842 2856 crederent
853 2796 966 2857 missos
977 2811 1058 2856 essa.
1081 2796 1168 2871 quid·

193 2877 267 2953 quid
280 2878 501 2938 Alexamenum
514 2894 565 2938 ras
581 2878 729 2940 movisset
744 2879 835 2940 subiti
850 2878 970 2941 consilii
987 2895 1113 2956 capere,
1128 2880 1168 2939 ad

192 2960 239 3034 id,
269 2961 407 3035 quamvis
429 2961 616 3038 inopinatum
636 2963 827 3024 temerarium
847 2964 964 3038 audax,
987 2963 1169 3024 obedienter

192 3046 423 3119 exsequendum
435 3045 530 3121 parali
540 3052 653 3119 essent,
665 3062 701 3107 ac
714 3062 768 3122 pro
779 3063 816 3108 eo
828 3048 1004 3122 acciperent
1014 3054 1168 3122 tamquam

192 3128 232 3187 ad
252 3126 283 3186 id
302 3145 394 3189 unum
415 3129 566 3204 agendum
587 3129 700 3191 missos
721 3132 760 3191 ab
780 3131 870 3192 domo
892 3148 927 3192 se
948 3133 1070 3192 scirent.
1099 3146 1169 3191 cum

193 3209 240 3270 his
255 3211 296 3271 ita
311 3213 498 3287 praeparatis
509 3214 718 3275 Alexamenus
732 3216 772 3275 ad
788 3222 948 3293 tyrannum
961 3214 1059 3288 venit,
1077 3229 1168 3289 quem

192 3294 359 3355 adveniens
373 3296 526 3371 extemplo
542 3297 609 3372 spei
629 3294 780 3373 implevit=
802 3298 987 3360 Antiochum
998 3300 1058 3359 iam
1067 3305 1168 3357 trans-

146 3448 149 3453 ,
192 3378 255 3438 isse
272 3378 483 3453 inhmopam,
500 3396 572 3439 mox
583 3380 614 3439 in
627 3381 755 3441 Graecia
767 3382 846 3456 lore,
860 3389 956 3443 terras
968 3383 1063 3444 maria
1070 3380 1169 3442 armis

194 3461 265 3522 viris
278 3462 508 3538 completurum.
531 3480 592 3524 non
605 3479 674 3523 cum
685 3463 825 3541 Philippo
835 3480 899 3525 rem
911 3482 983 3526 essa
996 3465 1168 3527 credituros
