2600 4000
192 232 232 297 te
331 231 446 292 traua
459 229 577 291 xxxu.
597 229 680 288 cnr.
695 236 738 291 aa
752 236 797 291 aa.
819 235 855 303 [a.
871 233 906 287 o.
920 251 945 286 ε.
960 236 1024 301 scs]

190 384 278 448 sione
293 382 453 443 dimicetur
466 380 621 442 tollentem
636 378 709 439 nihil
724 377 781 440 sibi
801 386 924 454 praeter
942 379 1057 442 bellum
1076 383 1167 443 relin-

191 484 294 545 quere,
311 466 396 542 quod
411 462 572 526 consilium
586 471 680 524 esset
692 462 790 538 pluris
803 461 907 539 priore
919 480 1001 525 anno
1012 464 1168 527 sociorum

190 552 283 614 urbes
299 549 330 610 in
343 546 502 610 Thessalia
516 554 677 609 evastasse
689 545 861 622 Philippum
884 564 976 623 quam
991 565 1099 610 omnes
1116 549 1168 625 qui

190 650 334 711 umquam
348 632 455 693 hostes
470 628 646 692 Thessaliae
662 629 781 692 luerint.
812 629 891 708 ipsis
908 648 1033 707 quoque
1047 633 1167 695 Aetolis

190 736 261 781 eum
275 719 364 794 plura
376 714 495 777 socium
509 731 601 790 quarn
615 714 736 775 hostem
749 712 914 776 ademisse.
942 712 1167 792 Lysimachiam

189 805 281 879 pulso
303 807 444 878 praetore
465 807 495 860 et
516 797 671 873 praesidio
692 800 871 860 Aetolorum
892 814 1066 875 occupasse
1086 816 1166 861 eum.

190 886 275 948 Cium
288 884 361 948 item
376 898 451 944 suae
472 881 603 943 dicionis
623 882 731 944 urbem
745 882 881 946 lunditus
897 880 1048 944 evertisse
1062 899 1099 944 ac
1114 885 1167 945 de·

190 973 283 1033 lesse.
325 968 434 1029 eadem
449 966 555 1027 lraude
569 966 685 1027 habere
698 982 769 1027 cum
783 966 904 1027 Thebas
917 964 1057 1043 Phthias,
1078 966 1166 1028 Echi·

189 1072 271 1128 num,
285 1051 431 1122 Larisam,
447 1049 634 1111 Pharsalum.

269 1135 402 1197 XXXIV.
425 1134 527 1196 Motus
544 1134 681 1195 oratione
694 1133 862 1195 Alexandri
872 1131 1032 1210 Philippus
1047 1150 1167 1209 navem,

190 1229 223 1282 ut
237 1219 443 1293 exaudiretur,
458 1216 586 1295 propius
601 1226 712 1280 terram
726 1217 882 1294 applicuit
918 1233 1022 1278 orsum
1037 1233 1106 1277 eum
1121 1216 1166 1278 di-

190 1321 276 1376 cere,
302 1303 334 1363 in
353 1304 482 1364 Aetolos
503 1301 648 1376 maxime,
674 1299 823 1363 violenter
835 1301 993 1363 Phaeneas
1007 1300 1166 1362 interfatus

190 1405 251 1450 non
265 1386 297 1446 in
312 1386 415 1448 verbis
430 1402 494 1447 rem
505 1385 583 1446 verti
598 1385 654 1447 ait:
676 1392 728 1445 aut
742 1386 823 1446 bello
837 1384 1023 1447 vincendum
1038 1392 1089 1446 aut
1104 1402 1167 1447 me·

190 1469 317 1532 lioribus
332 1469 501 1547 parendum
518 1485 599 1530 esse.
622 1476 771 1545 „apparet
783 1467 816 1529 id
830 1467 972 1545 quidem“
989 1467 1087 1546 inquit
1098 1468 1167 1529 Phi·

188 1554 293 1630 lippus
314 1553 426 1628 „etiam
447 1558 571 1624 caeco,“
591 1552 711 1615 iocatus
731 1551 763 1612 in
783 1552 988 1614 valetudinem
1009 1553 1167 1615 oculorrun

188 1639 357 1704 Phaeneae.
393 1645 424 1698 ct
437 1644 502 1698 erat
515 1635 651 1699 dicacior
666 1643 773 1697 natura
787 1653 879 1712 quarn
893 1653 997 1712 regern
1012 1637 1116 1706 dccet,
1137 1644 1168 1697 et

189 1739 229 1784 ne
242 1707 321 1784 i'nter
332 1720 414 1783 seria
426 1719 551 1797 quidam
561 1719 627 1781 risu
638 1719 713 1782 satis
726 1727 910 1797 temperans.
932 1717 1084 1795 indignari
1094 1718 1164 1780 indo

189 1805 292 1881 coepit
305 1806 435 1867 Aetolos
449 1812 603 1879 tamquam
612 1804 770 1867 Romanos
782 1805 891 1865 decedi
903 1803 1030 1865 Graecia
1044 1802 1165 1875 iubere;

191 1888 244 1965 qui
259 1888 370 1964 quibus
384 1887 498 1949 finibus
513 1886 641 1949 Graecia
655 1887 704 1961 sit,
718 1886 821 1949 dicere
835 1905 897 1950 non
911 1886 1042 1963 possint
1067 1886 1166 1965 ipsius

189 1971 270 2034 enim
293 1971 434 2034 Aetoliae
456 1972 596 2049 Agraeos
626 1971 853 2048 Apodotosque
878 1978 908 2034 et
931 1970 1164 2048 Amphilochos,

191 2073 270 2133 quae
284 2071 452 2132 permagna
466 2071 572 2118 eorum
587 2074 660 2132 pars
675 2056 722 2131 sit,
739 2055 897 2118 Graeciam
910 2072 973 2117 non
988 2073 1070 2119 esse.
1106 2072 1165 2131 „an

190 2141 274 2217 quod
288 2157 307 2200 a
322 2138 417 2201 sociis
432 2155 539 2202 eorum
554 2157 616 2202 non
631 2140 843 2214 abstinuerim,
863 2139 975 2201 iustam
997 2139 1163 2216 querellam

108 2236 111 2241 ’
189 2225 309 2300 habent,
325 2240 395 2285 cum
408 2222 470 2300 ipsi
484 2241 541 2299 pro
555 2224 624 2300 lege
634 2226 715 2285 hunc
727 2222 893 2300 antiquitus
903 2240 1020 2285 morem
1031 2231 1165 2297 servent,

188 2317 222 2369 ut
235 2310 386 2371 adversus
402 2307 506 2369 socios
520 2306 582 2384 ipsi
595 2324 686 2381 suos,
708 2306 831 2383 publica
851 2314 966 2369 tantum
986 2305 1165 2369 auctoritate

188 2392 326 2468 dempta,
351 2392 539 2452 iuventutern
559 2406 646 2451 suam
671 2389 800 2450 militare
822 2389 923 2453 sinant
942 2399 973 2454 et
994 2389 1164 2453 contrariae

188 2490 339 2552 persaepe
354 2473 438 2533 acies
452 2472 483 2533 in
497 2480 627 2548 uuaque
642 2481 729 2548 parte
736 2471 876 2534 Aetolica
889 2474 1003 2536 auxilia
1011 2475 1165 2537 habenam

187 2574 289 2631 neque
303 2573 362 2631 ego
375 2555 459 2616 Cium
474 2555 666 2631 expugnavi,
687 2555 743 2616 sed
756 2554 894 2619 Prusiam
915 2558 1033 2620 socium
1047 2566 1077 2618 ot
1090 2556 1163 2617 arni-

188 2657 256 2702 cum
271 2645 499 2716 oppugnantem
515 2637 635 2700 adiuvi:
658 2647 689 2701 et
704 2638 929 2717 Lysimachiam
943 2643 982 2704 ab
996 2639 1163 2703 Thracibus

186 2722 355 2796 vindicavi3
371 2729 402 2784 et
416 2721 489 2798 quia
502 2738 550 2784 me
564 2722 736 2785 necessitas
751 2725 790 2785 ad
800 2724 860 2787 hoc
870 2726 983 2787 bellum
994 2743 1014 2787 a
1024 2723 1165 2788 custodia

186 2807 253 2868 eius
268 2806 385 2881 avertit,
401 2806 536 2867 Thraces
550 2806 672 2869 habent.
695 2815 726 2870 et
738 2808 857 2870 Aetolis
871 2809 958 2870 haec.
992 2809 1095 2871 Attalo
1109 2825 1164 2868 au-

186 2900 246 2952 tem
259 2889 452 2967 Rhodiisque
466 2890 540 2951 nihil
560 2890 626 2953 iure
647 2892 764 2954 debeo:
786 2909 847 2954 non
862 2892 943 2954 enim
955 2909 975 2953 a
988 2910 1038 2953 me
1053 2891 1111 2953 sed
1124 2889 1163 2952 ab

185 2973 244 3034 illis
259 2972 443 3051 principium
458 2974 529 3036 belli
544 2984 643 3037 ortum
658 2984 714 3038 est.
735 2977 942 3039 Romanorum
952 2985 1054 3040 autem
1065 2974 1163 3036 hono-

185 3057 228 3117 ris
244 3073 339 3119 causa
351 3058 486 3120 Peraean
501 3058 632 3120 Rhodiis
647 3066 678 3120 et
691 3076 787 3120 naves
806 3061 909 3122 Attalo
931 3076 1000 3120 cum
1022 3056 1162 3136 captivis,

184 3139 238 3216 qui
252 3143 481 3219 comparebunt,
496 3142 665 3205 restituam.
705 3160 776 3203 nam
792 3144 877 3220 quod
890 3145 929 3204 ad
943 3140 1163 3219 Nicephorium

185 3223 378 3301 Venerisque
393 3225 497 3303 templi
510 3225 733 3289 restitutionem
753 3225 874 3299 attinet,
897 3227 972 3302 quid
991 3223 1110 3286 restitui
1125 3240 1163 3284 ea

184 3310 407 3382 postulantibus
418 3311 634 3386 respondeam,
651 3312 784 3387 nisique
799 3327 860 3371 uno
871 3311 964 3372 modo
977 3308 1074 3371 silvae
1087 3306 1161 3368 luci-

184 3408 244 3466 que
258 3392 343 3454 caesi
356 3392 474 3457 restitui
487 3403 634 3470 possunt,
655 3412 759 3457 curam
779 3393 1015 3470 impensamque
1030 3389 1160 3453 sationis

183 3491 230 3537 me
244 3485 483 3554 praestaturum,
504 3478 647 3555 quoniam
661 3479 738 3540 haec
751 3477 831 3540 inter
845 3494 881 3539 se
894 3493 985 3554 reges
999 3476 1159 3553 postulare
