2600 4000
231 220 345 283 ιιιιιιιι
355 220 502 308 nxxvn.
526 197 953 302 dissuescamus]
1015 222 1078 286 ιιι

99 373 255 450 homines,
275 371 308 434 id
327 389 427 450 aeque
447 389 547 436 novus
568 372 749 450 competitor
765 372 928 435 intestabili
943 375 1078 450 periurio

99 457 403 520 mcesseret.·LVlll.
425 463 545 518 centum
559 455 674 519 milium
686 457 778 518 multa
790 456 925 533 irrogata
934 465 1007 520 erat.
1028 460 1078 522 bis

100 543 140 604 de
154 557 192 602 ea
206 546 351 603 certatum
365 546 421 602 est.
451 540 555 617 tertio,
580 557 649 601 cum
674 541 714 600 de
739 540 886 617 petitione
910 541 1079 606 destitisset

99 641 181 699 reus,
195 639 253 685 nec
265 626 400 702 populus
415 624 455 684 de
468 626 561 686 multa
575 622 755 700 suffragium
770 625 850 685 lerre
863 626 967 697 voluit,
984 634 1014 686 et
1028 627 1078 687 tri·

101 709 173 771 ounl
187 724 225 771 eo
239 709 362 784 negabo
377 706 564 770 destitemnt.
587 722 735 769 censores
748 709 781 769 T.
797 708 954 783 Quinctius
968 710 1076 771 Flami·

100 793 189 854 ninus
203 791 244 853 hl.
260 792 405 854 claudius
417 791 581 853 Marcellus
596 792 699 853 creati.

181 876 241 936 Per
252 892 307 939 eos
319 876 427 937 diesL.
435 873 563 938 Aemilio
570 876 699 952 Regillo,
712 875 764 951 qui
778 876 879 938 classe
890 878 1078 953 praelectum

97 959 241 1022 Antiochi
254 959 338 1036 regis
353 957 521 1035 devicerat,
546 966 633 1020 extra
651 959 760 1020 urbem
780 958 810 1019 ιιι
832 960 910 1021 aede
926 961 1078 1037 Apollinis

98 1060 167 1106 cum
182 1050 307 1106 senatus
323 1043 413 1104 datus
428 1050 526 1117 esset,
541 1042 653 1104 auditis
666 1042 761 1103 rebus
775 1044 870 1119 gestis
882 1044 965 1122 eius,
981 1061 1077 1122 quan·

97 1128 136 1190 tis
159 1143 227 1190 cum
249 1127 401 1189 classibus
421 1127 555 1189 hostium
575 1127 766 1202 dimicasset,
794 1134 870 1203 quot
888 1129 961 1189 inde
981 1144 1077 1190 naves

97 1212 297 1273 demersisset
309 1216 362 1272 aut
375 1212 524 1286 cepisset,
544 1225 655 1287 magno
671 1226 827 1273 consensu
841 1219 961 1288 patrum
975 1212 1077 1274 trium·

97 1295 179 1371 phus
199 1294 318 1357 navalis
339 1300 387 1356 est
411 1295 562 1356 decretus.
597 1293 793 1370 triumphavit
810 1294 878 1356 Kal.
893 1296 1076 1359 Februariis.

97 1379 129 1440 in
144 1394 182 1441 eo
197 1378 351 1457 triumpho
370 1378 672 1455 undequinquaginta
692 1393 826 1441 coronae
846 1395 958 1443 aureae
978 1389 1076 1443 nans-

72 1465 178 1531 ¹latete
192 1470 278 1537 sunt,
302 1461 645 1540 pecunianequaquam
664 1467 763 1540 tanta,
788 1480 845 1539 pro
871 1466 977 1541 specie
1001 1463 1075 1540 regii

97 1545 250 1624 triumphi,
263 1546 430 1609 tetrachma
444 1547 544 1609 Attica
555 1548 677 1624 triginta
689 1554 831 1624 quattuor
842 1548 925 1608 milia
936 1549 1076 1622 ducenta,

98 1631 268 1708 cistophori
282 1638 402 1695 centurn
418 1631 538 1708 triginta
551 1632 613 1694 duo
628 1631 711 1692 milia
721 1631 857 1693 trecenti.
879 1630 1076 1706 supplicatio·
1116 1657 1118 1660 ·
1191 1629 1194 1635 ‘

97 1730 154 1775 nes
169 1716 280 1777 deinde
295 1717 417 1778 morunt
427 1731 467 1776 ex
478 1721 605 1778 senatus
617 1716 768 1788 consulto,
784 1713 867 1788 quod
879 1715 913 1773 L.
925 1713 1072 1777 Aemilius
1174 1763 1177 1770 .

96 1796 126 1858 in
141 1798 290 1876 Hispania
302 1815 453 1877 prospere
466 1815 531 1860 rem
544 1800 699 1874 publicam
712 1796 873 1871 gessisset

179 1884 270 1945 Haud
290 1883 332 1945 ita
351 1885 446 1944 multo
467 1882 586 1957 postL.
602 1880 706 1955 Scipio
722 1879 761 1939 ad
775 1880 882 1940 urbem
895 1880 995 1951 venit;
1025 1882 1075 1956 qui

99 1982 134 2029 ne
141 1962 345 2065 cognomlnn
342 1964 433 2027 ratris
444 1965 576 2037 caderet,
584 1962 753 2025 Asratrcum
765 1978 800 2026 se
811 1964 959 2041 appellari
969 1965 1075 2028 voluit

96 2058 126 2111 et
139 2066 171 2111 tn
185 2056 295 2111 senatu
309 2048 361 2109 et
352 2065 383 2108 rn
398 2047 541 2110 contione
555 2047 701 2107 derebus
716 2046 754 2108 ab
766 2064 802 2110 se
812 2049 907 2125 gestis
919 2048 1066 2110 disseruit

95 2139 183 2193 erant
196 2149 249 2208 qur
240 2132 340 2193 lama
353 2131 385 2193 id
395 2132 495 2192 maium
505 2131 617 2192 bellum
630 2147 721 2208 quam
733 2130 911 2194 difficultate
922 2132 966 2191 rei
979 2133 1075 2193 luisse

94 2217 380 2292 interpretarentur;
395 2230 458 2277 uno
473 2215 661 2276 memorabili
676 2217 793 2291 proelio
805 2213 998 2292 debellatum,
1010 2217 1074 2291 glo·

94 2298 233 2377 riamque
244 2299 312 2363 eius
322 2299 469 2362 victoriae
480 2298 696 2377 praefloratam
708 2299 749 2360 ad
758 2298 980 2376 Thermopylas
992 2315 1073 2361 esse.

95 2391 229 2446 cetemm
240 2399 313 2447 vere
327 2384 498 2446 aestimanti
508 2382 681 2446 Aetolicum
692 2384 789 2461 magis
801 2383 840 2445 ad
851 2384 1075 2462 Thermopylas

93 2466 206 2530 bellum
218 2484 308 2545 quam
319 2469 437 2545 regium
449 2468 513 2530 luit.
536 2468 721 2543 quomenim
733 2475 819 2544 parte
830 2465 938 2528 virium
949 2482 1074 2528 suarum

93 2551 135 2614 ibi
155 2551 309 2615 dimicavit
329 2552 521 2614 Antiochus?
540 2552 572 2613 in
593 2552 670 2613 Asia
693 2553 785 2615 totius
805 2550 901 2612 Asiae
928 2558 1075 2613 steterunt

92 2636 186 2710 vires,
199 2637 239 2697 ab
252 2635 365 2699 ultimis
378 2636 509 2697 Orientis
522 2634 656 2696 omnium
666 2636 801 2712 gentium
812 2635 978 2698 contractis
988 2634 1074 2697 auxi·

92 2713 152 2780 iiis.
173 2719 248 2780 Llll.
270 2720 377 2781 merito
391 2734 465 2796 ergo
481 2726 511 2779 et
522 2716 581 2779 diis
592 2719 821 2796 immortalibus,
834 2725 967 2796 quantus
978 2718 1073 2780 maxi·

92 2817 161 2863 mus
175 2810 310 2878 poterat,
325 2802 447 2864 habitus
463 2809 510 2863 est
522 2802 638 2876 honos,
655 2803 739 2877 quod
752 2802 906 2878 ingentem
918 2803 1074 2864 victoriam

92 2885 214 2947 facilem
233 2886 324 2948 etiarn
345 2886 506 2960 iecissent,
527 2892 558 2947 et
577 2885 752 2961 imperatori
772 2885 943 2962 triumphus
957 2893 1007 2948 ast
1021 2887 1071 2947 de·

92 2976 205 3031 cretus.
220 2969 417 3046 triumphavit
427 2984 534 3031 mense
545 2969 737 3031 intercalario
750 2968 849 3046 pridie
858 2968 925 3030 Kal.
936 2969 1072 3033 Martias.

91 3053 144 3130 qui
158 3054 331 3132 triumphus
352 3056 530 3130 spectaculo
545 3054 704 3115 oculorum
718 3053 816 3115 maior
831 3070 923 3131 quam
936 3053 1071 3116 Africani

90 3137 193 3200 hahis
208 3139 276 3201 eius
291 3137 361 3212 nut,
377 3138 591 3201 recordatione
605 3153 708 3200 rerum
722 3145 754 3199 et
767 3137 979 3200 aestimatione
993 3139 1071 3215 peri·

91 3218 152 3282 culi
173 3221 410 3299 certaminisque
429 3238 493 3285 nou
509 3220 607 3299 magis
622 3222 853 3300 comparandus
867 3239 959 3300 quam
973 3222 1001 3283 si
1018 3221 1072 3283 int-

90 3310 263 3380 peratorem
288 3306 464 3383 imperatori
488 3313 541 3382 aut
564 3306 751 3368 Antiochum
777 3307 887 3368 ducem
911 3305 1072 3367 Hannibali

89 3387 257 3450 coaiemes.
292 3387 408 3452 tulitin
431 3390 584 3467 triumpho
605 3390 696 3466 signa
714 3390 856 3452 militaria
875 3391 1008 3451 ducenta
1020 3387 1068 3450 tri

7 3522 8 3533 ,
88 3470 172 3547 ginta
183 3478 336 3549 quattuor,
347 3471 531 3550 oppldomm
544 3471 707 3534 simulacra
717 3479 838 3534 centum
852 3472 973 3548 triginta
986 3478 1072 3547 quat·
