2600 4000
307 231 422 292 traua
436 231 554 290 xxxa.
576 232 768 294 cruram.
791 240 828 309 n.
841 241 946 309 eree]
1076 240 1118 302 oe

139 391 221 446 mear
242 398 364 459 poenae
378 400 396 443 a
409 383 556 445 ltmnams
571 383 744 460 Philippum
759 393 881 460 secuta,
902 404 976 462 pars
991 393 1117 452 nauales

15 469 17 524 l
137 468 216 529 socii
227 467 343 527 reim
352 482 453 541 nuper
464 467 617 528 elassibus
629 469 670 528 ad
681 484 769 544 spem
779 468 985 532 honoratioris
995 473 1118 535 militiae

15 563 16 570 ¹
136 551 333 627 umgreasi.
360 550 418 611 hos
434 552 599 626 desperata
613 552 707 627 salus,
723 552 750 612 si
764 553 894 613 Romani
907 554 1063 631 vicissent,
1079 560 1117 618 ad

135 636 252 697 reblam
264 634 364 709 magia
378 650 471 710 quam
486 634 645 698 audaeiam
657 637 853 698 accendebat
874 641 1118 713 promuntorium

137 726 186 782 est
206 719 356 779 aduersus
370 717 553 796 Sicyonem,
575 720 704 781 lunonis
725 736 818 795 quam
830 727 945 781 vocant
957 723 1117 799 Acraeam,

134 804 166 864 in
186 805 282 864 amn
308 814 493 873 exeumens3
526 803 673 865 ueieetus
701 804 773 864 inde
797 805 971 867 conatuum
999 813 1117 883 septem

135 888 232 949 laune
242 887 360 950 mltum
374 902 534 962 passuum.
556 902 594 948 ea
608 886 769 963 Philesius,
783 890 887 965 regius
902 895 933 949 et
946 890 1015 965 ipse
1028 907 1117 966 prae·
1136 903 1138 906 ’

134 972 250 1045 lautas,
276 971 357 1032 mdle
374 978 408 1032 et
422 972 610 1047 quingentos
638 973 747 1033 milites
766 989 823 1048 per
841 974 1000 1035 Boeotiam
1020 976 1116 1036 duxit.

134 1061 259 1131 praesto
280 1056 367 1115 iurare
386 1056 426 1116 ab
441 1055 586 1117 Corintho
606 1055 712 1130 lembi,
734 1056 787 1131 qui
806 1058 994 1133 praesidium
1013 1059 1046 1118 id
1066 1075 1113 1118 ae

134 1146 258 1215 euplum
270 1138 443 1200 Lechaeum
456 1140 627 1202 ¹traicerent.
649 1147 757 1202 auctor
769 1150 836 1203 erat
846 1143 966 1202 Attalus
981 1142 1115 1204 incensis

133 1223 283 1299 operibus
293 1223 480 1284 omittendae
491 1226 645 1299 externplo
658 1226 910 1301 oppugnationis
930 1227 1114 1301 perdnaeiuu

132 1306 316 1387 [damalius]
329 1307 487 1370 Romanus
506 1308 539 1366 in
559 1309 684 1385 incepto
706 1309 872 1385 perstabat.
900 1310 927 1370 is
943 1326 1069 1388 quoque
1082 1318 1115 1371 at

134 1408 191 1467 pro
213 1392 355 1453 omnibus
375 1393 472 1468 portis
494 1392 644 1469 disposita
666 1395 750 1454 ridet
768 1391 924 1468 praesidia
937 1396 1036 1471 regia,
1057 1411 1115 1455 nee

131 1475 224 1539 facile
237 1477 460 1551 erumpentium
474 1477 607 1553 impetus
620 1476 768 1539 snsttneri
779 1494 884 1554 posse,
899 1479 930 1537 ln
941 1479 1033 1541 Attali
1044 1494 1113 1539 sen-

130 1561 258 1622 tentiam
280 1560 446 1623 eoneessit.
478 1561 521 1622 ita
539 1562 623 1624 irrito
648 1563 787 1638 indepto,
814 1563 950 1622 dimissis
970 1563 1115 1637 Achaeis,

132 1644 263 1705 reditum
276 1645 318 1705 ad
337 1660 435 1706 nares
449 1654 505 1708 est.
540 1647 661 1708 numus
675 1647 842 1721 Piraeeum,
856 1646 986 1705 Romani
1001 1645 1114 1723 Corey·

133 1744 198 1788 ram
213 1728 372 1803 petierunt

216 1813 324 1876 xlllv.
346 1815 513 1875 Damhaea
524 1814 563 1873 ab
574 1814 676 1875 narmi
687 1813 825 1874 exercitu
835 1818 989 1888 gmunbrn
1007 1819 1114 1875 consul

132 1895 163 1956 in
184 1896 319 1960 Phocide
344 1899 383 1957 ed
401 1898 539 1959 Elateam
561 1898 673 1959 eastris
697 1898 808 1975 positis
832 1898 930 1973 primo
952 1898 1113 1974 colloquiis

131 1995 197 2041 rem
218 1996 275 2058 per
296 1981 452 2056 prinsipes
466 1982 655 2044 Elatensium
669 1982 840 2057 temptavit:
862 1990 1027 2059 postqum]
1041 1983 1114 2044 nihil

131 2081 206 2126 esse
224 2065 255 2124 in
279 2079 373 2125 manu
394 2080 466 2138 sua,
492 2072 522 2123 et
541 2065 645 2137 plures
666 2066 897 2140 validioresque
916 2082 989 2126 esse
1010 2069 1113 2141 regios

132 2164 226 2225 quam
236 2144 424 2221 oppidanos
439 2146 694 2220 respondebatur,
706 2155 771 2207 tum
781 2145 872 2207 sunnl
883 2150 922 2208 ab
933 2149 1016 2208 omni
1028 2156 1115 2223 parte

130 2229 283 2307 operibus
303 2229 460 2305 mariaque
479 2229 587 2289 urbem
606 2235 657 2290 est
670 2230 848 2305 adgressus.
881 2229 977 2291 ariete
991 2232 1114 2292 admoto

129 2330 217 2388 eum,
241 2319 388 2390 qaenam
407 2314 486 2375 inter
505 2320 606 2374 mnes
620 2311 698 2374 muri
713 2320 792 2387 erat,
813 2322 971 2389 prorutum
986 2329 1056 2375 eum
1070 2315 1113 2374 in-

130 2398 215 2477 genti
229 2399 353 2473 fragore
367 2413 403 2459 ae
418 2397 548 2474 strepitu
560 2400 712 2460 ¹nudasset
721 2399 838 2472 urbere,
854 2399 943 2459 simul
957 2405 988 2459 et
1001 2399 1113 2459 eohors

130 2484 270 2545 mane
289 2497 347 2558 per
367 2491 507 2559 apertum
526 2484 643 2544 recenti
663 2490 765 2558 strage
784 2482 842 2542 iter
863 2483 991 2553 invasit
1024 2490 1054 2544 at
1075 2499 1113 2544 ex

131 2567 273 2629 omnibus
294 2567 401 2643 oppidi
416 2567 554 2643 partibus
569 2566 683 2628 relietis
697 2568 766 2628 suis
783 2567 916 2642 quisque
930 2568 1112 2629 stationibus
1148 2600 1151 2604 ι

130 2652 160 2713 in
174 2668 246 2712 aum
266 2651 320 2726 qui
340 2652 534 2726 premebatur
552 2652 668 2727 impetu
687 2650 821 2712 hostiam
834 2654 936 2713 losum
951 2668 1112 2714 concurre

130 2743 210 2797 runt·
243 2736 353 2796 eodem
368 2741 506 2811 tempore
520 2736 650 2795 Romani
667 2742 699 2796 et
711 2736 817 2796 ruinas
830 2735 911 2797 muri
924 2738 1112 2813 supervade-

131 2819 203 2880 bant
219 2827 253 2881 et
271 2821 374 2880 seems
395 2820 565 2880 adstantia
584 2819 707 2880 maenia
723 2820 903 2880 inserebant.
940 2828 971 2881 et
991 2821 1062 2880 dum
1082 2819 1113 2878 in

130 2920 222 2964 unam
243 2910 361 2978 partem
381 2905 492 2964 oeulos
510 2904 694 2978 animosque
707 2902 840 2964 hostium
855 2910 1010 2964 certamen
1025 2919 1111 2964 aver-

129 2995 221 3059 terat,
244 2987 384 3062 pluribus
405 2987 483 3049 laets
504 2988 597 3048 saulis
620 2987 739 3063 eapitur
752 3004 874 3060 murus,
898 2987 1067 3064 amotique
1081 2987 1112 3046 in

129 3071 237 3132 urbem
256 3071 520 3133 transeenderunt.
553 3088 617 3147 quo
635 3075 765 3133 tumultu
779 3071 883 3132 audite
898 3072 993 3132 territi
1006 3071 1112 3133 hostes

128 3156 251 3230 relieto,
278 3171 370 3231 quem
395 3156 524 3216 conlati
541 3155 714 3229 urebantur,
739 3158 810 3217 loco
829 3156 860 3214 in
882 3171 984 3216 arcem
1005 3170 1111 3216 omnes

128 3240 236 3300 inermi
258 3256 385 3316 quoque
401 3246 550 3316 sequente
564 3240 654 3301 turba
668 3242 879 3315 conlegerunt.
910 3241 953 3301 ita
965 3240 1042 3299 mite
1055 3254 1111 3312 po·

127 3324 200 3385 titur
215 3327 333 3386 consul.
354 3341 416 3399 qua
426 3325 555 3400 direpta,
566 3324 672 3386 missis
683 3325 714 3383 iu
726 3340 829 3384 arcem
840 3324 892 3399 qui
904 3325 996 3384 vitam
1008 3320 1111 3395 regiis,

128 3408 155 3468 si
169 3408 302 3468 inermes
315 3408 400 3468 abire
410 3410 531 3482 vellent,
545 3407 712 3468 libertatem
725 3408 920 3467 Elatensibus
932 3405 1111 3481 polliceren-

127 3502 185 3561 tur.
200 3491 326 3569 fideque
340 3492 371 3552 in
385 3491 463 3553 haee
478 3493 558 3566 data,
573 3497 645 3567 post
660 3491 727 3552 dies
742 3506 861 3567 paucos
876 3504 979 3548 arcem
992 3483 1111 3556 recipit.
