2600 4000
226 279 289 341 anu
332 273 602 334 umaaxxxvu.
625 272 873 335 cananaea.
897 274 933 351 [a.
947 277 1090 352 unsar]

227 426 370 508 praesidii
385 427 570 499 rettulerant,
584 429 646 485 turn
661 429 767 499 portas
778 429 962 499 apemeruut
972 425 1062 499 pacti,
1077 439 1118 484 ne
1130 425 1206 501 quiri

227 511 337 574 hostile
351 515 535 586 paterentur.
559 522 627 568 cum
638 506 727 582 signa
741 506 771 567 in
783 506 889 568 urbem
899 507 1081 570 inferrentur
1090 514 1123 568 et
1134 525 1204 583 pru·

228 596 397 659 nuubasset
410 601 534 669 praetor
548 590 634 668 parci
646 605 683 652 se
697 589 808 652 aedibs
822 592 916 665 velle,
937 591 1054 654 clamor
1069 593 1206 668 undique
1295 611 1296 646 i

226 686 276 742 ost
295 678 450 750 sublatus,
472 675 629 750 indignum
649 673 769 735 lacinus
789 689 862 735 esse
875 671 1095 746 Phocaeeneis,
1119 692 1204 737 num
1295 699 1296 756 3

228 778 319 839 quam
339 760 421 822 lidos
440 759 561 831 socios,
581 773 706 834 semper
725 757 853 819 iniestos
868 757 982 831 hosbs,
1002 758 1129 833 impune
1143 761 1205 822 eiu·
1295 761 1296 824 Ῑ

227 848 310 909 dere.
333 844 372 905 ab
385 843 444 904 hae
458 858 536 905 voce
549 845 632 904 velut
643 842 732 918 signo
743 857 763 902 a
773 849 914 917 praetore
926 842 997 904 dato
1009 841 1049 902 od
1061 842 1118 902 diri
1121 843 1205 918 plen

227 933 298 993 dam
318 927 425 990 urbem
442 926 559 1004 possim
575 926 757 988 discurrunt.
783 924 932 986 Aemilius
947 925 1045 1001 primo
1060 927 1207 987 resistcre

228 1022 259 1076 et
270 1026 418 1075 revocare
437 1010 570 1072 dicendo
588 1017 710 1085 captas,
732 1024 792 1072 nnn
807 1009 927 1072 deditas
942 1009 1032 1084 diripi
1046 1009 1156 1083 urbes,
1177 1018 1207 1071 el
1295 1069 1296 1072 ,

228 1098 258 1156 in
279 1096 327 1156 his
352 1102 452 1155 tamen
476 1092 685 1170 imperatoris,
709 1109 771 1155 non
795 1093 919 1154 militurn
943 1093 1099 1154 arbitrium
1125 1109 1206 1156 essa.
1295 1145 1296 1178 3

229 1176 1063 1256 postquamhaetavaritiaimperinpnteutioraeranl,
1078 1193 1200 1252 praeco
1295 1251 1296 1260 ἵ

229 1262 319 1323 nibus
343 1276 399 1337 per
423 1261 529 1322 urbem
550 1260 655 1323 missis
675 1261 789 1322 liberos
810 1275 917 1322 omnes
937 1260 968 1320 in
988 1260 1088 1321 iorum
1110 1262 1151 1321 ad
1173 1276 1208 1322 se
1295 1271 1296 1320 s

229 1346 393 1408 convenire
403 1344 494 1416 iubet,
510 1360 549 1404 ne
559 1345 754 1417 violarentur,
768 1350 800 1405 et
809 1344 839 1403 in
851 1344 1002 1418 omnibus,
1015 1359 1096 1420 quae
1106 1344 1207 1420 ipsius

230 1428 391 1507 potestatis
406 1430 535 1501 luerunt,
551 1428 630 1490 fides
645 1428 781 1490 constitit
793 1428 953 1502 praetoris.
977 1428 1085 1489 urbem
1099 1444 1206 1504 agros-

229 1530 290 1591 que
311 1519 342 1574 et
355 1528 429 1573 suas
450 1513 535 1587 leges
557 1511 595 1572 iis
608 1512 756 1581 restituitr
778 1517 808 1572 et
828 1511 900 1586 quia
919 1510 980 1574 iam
996 1511 1095 1572 hiems
1111 1528 1205 1590 appe

230 1599 320 1673 tebat,
334 1595 493 1658 Phocaeae
506 1601 613 1671 portus
628 1594 670 1655 ad
681 1594 905 1660 hibernandum
919 1596 1013 1658 classi
1027 1595 1150 1670 delegit.

313 1681 445 1743 XXXIII.
467 1677 625 1739 Periclem
644 1678 709 1739 iere
722 1685 842 1753 tempus
858 1680 991 1752 consuli,
1010 1685 1208 1755 transgresso

230 1768 397 1828 Aeniorum
409 1762 689 1837 Maronitarumque
703 1761 783 1836 linis,
800 1763 953 1824 nunbatur
966 1763 1078 1823 victam
1092 1765 1208 1839 regiam
1295 1775 1296 1796 ¹

232 1854 363 1912 classem
384 1849 425 1910 ad
436 1847 641 1927 Myonnesum
654 1846 852 1921 relictamque
866 1861 885 1904 a
899 1847 1054 1922 praesidio
1068 1846 1208 1925 Lysima-

230 1933 328 1994 chiam
343 1947 424 1992 esse.
449 1931 481 1991 id
494 1933 587 1992 multo
604 1946 696 2008 quam
709 1930 749 1990 de
762 1929 865 1989 nauali
877 1930 1006 1992 victoria
1018 1930 1129 1994 laelius
1145 1932 1209 2006 luit,

231 2018 336 2091 utique
357 2020 522 2091 postquam
542 2031 579 2076 eo
599 2021 761 2089 venerunt,
783 2014 957 2088 refertaque
976 2014 1051 2075 urbs
1073 2015 1210 2078 omnium

230 2115 333 2160 rerum
356 2099 574 2161 commeatibus
589 2100 715 2161 velutin
731 2099 893 2159 adventum
908 2097 1060 2163 exercitus
1075 2115 1209 2175 praepa·
1295 2150 1296 2153 ,

231 2183 304 2245 ralis
318 2199 374 2247 eos
389 2183 520 2259 excepit,
534 2181 587 2244 ubi
601 2181 735 2259 inopiam
749 2181 883 2244 munnam
897 2181 1096 2258 laboremque
1110 2183 1142 2245 in
1154 2184 1206 2245 ob

233 2267 363 2330 sidentia
381 2268 457 2329 urbe
477 2272 703 2343 proposuerant
720 2265 838 2325 animis.
872 2266 915 2326 ibi
930 2281 1048 2340 paucos
1063 2267 1132 2328 dies
1147 2275 1209 2329 sta-
1295 2284 1296 2287 ¹

231 2353 293 2413 tiva
311 2352 461 2425 habuere,
482 2351 697 2426 impedimenta
716 2349 862 2425 aegrique
881 2356 914 2410 ut
934 2357 1210 2427 consequerentur,
1295 2400 1296 2413 ,

233 2437 285 2513 qui
304 2436 423 2512 passirn
443 2450 499 2509 per
512 2434 615 2494 omnia
627 2432 774 2493 Thraciae
788 2434 928 2508 castella,
950 2434 1025 2495 lessi
1040 2435 1157 2496 morbis
1172 2451 1211 2497 ac

230 2517 419 2592 longitudine
432 2516 516 2588 viae,
532 2515 628 2576 relicti
642 2521 736 2576 erant
771 2515 904 2592 receptis
919 2518 1059 2579 omnibus
1074 2519 1211 2593 ingressi

230 2616 338 2662 rursus
363 2599 420 2658 iter
438 2613 496 2673 per
516 2597 740 2659 Chersonesum
760 2598 990 2675 Hellespontum
1016 2603 1210 2676 perveniunt.
1295 2642 1296 2663 i

231 2682 282 2744 ubi
300 2679 443 2742 omnibus
464 2695 537 2742 cura
554 2679 637 2756 regis
651 2681 796 2745 Eumenis
809 2685 849 2743 ad
863 2685 1062 2749 traiciendum
1075 2702 1211 2763 praepa-

230 2765 304 2828 ratis
324 2766 409 2828 velut
430 2765 589 2839 inparata
608 2764 723 2841 littora,
742 2768 826 2827 nullo
847 2767 1043 2843 prohibente,
1063 2771 1132 2831 aliis
1148 2769 1210 2832 alio

231 2849 339 2911 delatis
360 2848 490 2910 navibus
512 2849 578 2909 sine
599 2851 727 2913 tumultu
747 2849 902 2911 traiecere.
935 2867 973 2911 ea
991 2868 1065 2913 vero
1080 2869 1132 2913 res
1147 2856 1210 2915 Ro·
1295 2886 1296 2923 3

230 2933 328 2994 manis
343 2933 427 2994 auxit
440 2933 574 3006 animm,
597 2949 780 2996 concessum
795 2932 854 2994 sibi
869 2936 997 2995 transire
1013 2938 1211 2999 cernentibus
1295 2956 1296 2973 ¹

230 3025 294 3079 tum
314 3015 345 3076 in
359 3016 481 3090 Asiam,
504 3034 595 3093 quarn
614 3034 680 3078 rem
695 3017 796 3093 magni
810 3017 982 3080 certaminis
997 3020 1128 3081 suturam
1143 3037 1211 3082 cre·

232 3100 381 3161 diderant.
405 3101 516 3161 stativa
531 3100 641 3161 deinde
656 3101 695 3161 ad
709 3101 940 3176 Hellespontum
954 3103 1142 3178 aliquamdiu
1156 3105 1211 3165 ha-

232 3184 370 3257 buerunt,
387 3184 459 3259 quia
472 3182 540 3243 dies
555 3186 633 3245 torte
648 3184 760 3259 quibus
775 3184 885 3245 ancilia
898 3194 1060 3249 moventur
1071 3188 1213 3264 religiosi

231 3266 272 3328 ad
285 3266 342 3327 iter
355 3266 533 3329 inciderant.
554 3266 635 3327 idem
650 3268 718 3329 dies
727 3268 759 3329 P.
772 3267 945 3344 Scipionem
960 3270 1107 3346 propiore
1118 3271 1213 3333 etlam

230 3349 386 3424 religione,
402 3349 475 3424 quia
488 3349 583 3412 salius
598 3357 671 3426 erat,
686 3352 897 3414 disiunxeraot
910 3353 949 3412 ab
963 3352 1113 3424 exercitur
1136 3371 1211 3416 cau-

232 3448 329 3508 saque
343 3439 374 3494 et
386 3430 413 3493 is
429 3431 498 3507 ipse
511 3449 616 3495 morae
630 3442 703 3511 erat,
717 3435 791 3495 dum
806 3446 1054 3512 consequeretur.

314 3515 447 3577 XXXlV.
475 3516 532 3577 Per
552 3533 608 3577 cos
629 3519 705 3579 sorte
726 3518 791 3577 dies
813 3518 930 3590 legatus
949 3521 988 3581 ab
1003 3518 1158 3581 Anfioeho
1180 3524 1212 3584 in
