2600 4000
204 235 267 300 286
342 235 459 298 LIBER
468 235 616 296 xxxvll.
638 235 721 296 cAP.
734 243 778 299 28.
789 242 834 299 29.
855 241 892 310 [a.
904 241 940 297 U.
951 260 975 295 c.
985 246 1048 312 662]

204 403 309 463 agrum
323 384 522 462 depopulari,
543 400 641 446 naves
655 386 686 446 in
701 387 878 449 Geraestico
892 394 985 465 portu
998 396 1098 467 stare,
1118 389 1197 469 lpse

204 471 354 532 adversus
369 470 574 547 Myonnesum
594 469 625 529 in
644 468 921 533 insula—Macrin
942 472 1055 534 nautici
1074 485 1218 539 vocant.

202 587 245 599 -
256 570 386 615 ancoras
402 559 493 630 portu
508 554 628 615 occulto
642 552 722 613 iecit.
745 554 818 614 inde
833 569 872 615 ex
889 555 1065 633 propinquo
1077 561 1192 635 explo-

201 656 283 714 rans,
300 638 376 715 quid
388 638 496 699 hostes
512 644 647 713 agerem,
661 636 759 711 primo
774 637 804 696 in
819 653 931 714 magna
941 655 1000 715 spe
1011 640 1076 716 urit,
1093 659 1193 718 quem

201 723 243 784 ad
261 724 386 785 modum
400 721 550 784 Rhodiam
571 720 703 782 classem
721 721 762 781 ad
777 719 901 784 Samum
914 723 1132 787 circumsessis
1147 729 1191 788 ad

202 807 316 868 exitum
330 805 470 867 lancibus
486 811 592 881 portus
607 810 828 880 expugnasset,
842 806 888 865 sic
902 815 934 869 et
946 808 1118 869 Romanam
1132 826 1190 871 ex·

202 898 415 967 pugnaturum.
438 904 496 950 nec
510 895 559 950 est
572 886 730 949 dissimilis
744 894 852 949 natura
865 890 941 950 loeiz
964 894 1188 966 promunturiis

202 974 382 1036 coeuntibus
397 977 475 1034 inter
489 988 525 1033 se
539 974 581 1033 ita
596 972 747 1033 clauditur
761 980 877 1048 portus,
893 975 990 1034 utvix
1001 973 1081 1035 duae
1092 978 1188 1040 simul

200 1058 271 1118 inde
286 1072 382 1118 naves
398 1057 519 1133 possint
533 1057 627 1116 exire.
655 1063 747 1118 nocte
761 1071 915 1133 occupare
930 1058 1037 1119 lauces
1050 1057 1187 1139 Polyxe

200 1140 288 1201 nidas
303 1142 333 1201 in
349 1141 449 1201 animo
465 1141 605 1212 habebat,
624 1149 655 1202 et
669 1139 757 1201 denis
772 1141 902 1203 navibus
917 1143 958 1203 ad
970 1146 1187 1218 promunturia

200 1226 364 1299 stantibus,
380 1242 460 1300 quae
475 1225 514 1286 ab
527 1232 660 1299 utroque
675 1224 816 1285 cornuin
830 1226 926 1286 latera
940 1227 1116 1288 exeuntium
1129 1246 1186 1290 na-

200 1309 281 1371 vium
302 1317 487 1385 pugnarant,
508 1324 548 1369 ex
569 1314 672 1370 cetera
693 1310 809 1383 classe,
828 1308 909 1371 sieut
922 1310 963 1371 ad
976 1310 1186 1374 Panhormum

199 1395 327 1469 lecerat,
349 1392 472 1453 armatis
493 1393 524 1452 in
541 1393 642 1453 littora
659 1393 809 1468 expositis
829 1399 911 1455 terra
930 1393 1069 1471 marique
1089 1395 1183 1458 simut
1254 1430 1259 1436 ·

198 1477 297 1539 bostis
319 1478 503 1553 opprimere.
538 1477 623 1551 quod
639 1492 701 1537 non
715 1493 829 1538 vanum
842 1477 870 1537 ei
886 1477 1048 1541 consilium
1061 1479 1183 1556 luisset,

199 1561 230 1621 ni
246 1578 315 1624 eum
328 1561 392 1623 Teii
414 1561 549 1622 tacturos
568 1574 605 1621 se
625 1560 773 1635 imperata
791 1561 1022 1637 promisissent,
1043 1562 1085 1623 ad
1100 1564 1181 1624 acol-

199 1646 329 1723 piandos
350 1651 537 1708 commeatus
557 1642 659 1720 aptius
679 1645 781 1705 visum
801 1652 886 1708 esset
898 1646 1044 1708 Romanis
1064 1646 1095 1706 in
1111 1663 1182 1708 eum

198 1739 319 1807 portum
340 1732 392 1807 qui
412 1736 482 1791 ante
503 1728 606 1789 urbem
627 1734 677 1789 est
697 1730 829 1790 classem
850 1730 989 1791 bansire.
1023 1730 1133 1793 dicitur
1151 1740 1182 1790 et
1286 1785 1287 1788 ,

197 1815 353 1877 Eudamus
366 1815 507 1877 Rhodius
523 1812 626 1874 vitium
640 1811 764 1874 alterius
780 1820 888 1888 portus
903 1814 1093 1886 ostendisse,
1110 1830 1181 1875 eum
1286 1853 1287 1892 4

197 1899 275 1960 torte
289 1900 369 1960 duae
384 1913 480 1959 naves
494 1899 523 1957 in
540 1904 605 1958 arto
622 1899 703 1960 ostio
714 1896 877 1973 implicitos
888 1913 991 1959 remos
1004 1897 1180 1974 fregissent
1286 1971 1287 1978 ἵ

196 1988 227 2043 ot
246 1981 325 2043 inter
346 1982 405 2043 alia
424 1982 456 2043 id
483 1997 607 2059 quoque
626 1982 722 2044 movit
741 1987 927 2058 praetorem,
953 1989 986 2044 ut
1005 1982 1182 2046 traduceret

198 2067 344 2142 classem,
361 2068 446 2144 quod
460 2067 499 2127 ab
512 2073 594 2128 terra
607 2068 776 2143 periculum
790 2073 869 2140 erat,
886 2066 968 2128 haud
982 2068 1090 2143 procul
1105 2066 1180 2128 inde

196 2148 347 2215 Antiocho
369 2152 478 2213 stativa
498 2151 638 2212 habente.
671 2151 775 2213 XXIX.
797 2151 936 2211 traducta
955 2153 1058 2211 classe
1072 2150 1113 2210 ad
1127 2167 1179 2211 ur-

197 2236 280 2311 bem,
303 2236 418 2314 ignens
440 2236 582 2298 omnibus
603 2233 723 2311 egressi
740 2234 850 2296 milites
864 2242 1038 2310 nautaeque
1052 2241 1126 2296 sunt
1138 2233 1180 2296 ad

198 2328 385 2385 commeatus
400 2327 432 2382 ct
444 2321 548 2381 vinum
564 2317 697 2381 maxime
712 2319 910 2380 dividendum
925 2320 956 2380 in
972 2334 1084 2392 navas,
1108 2335 1179 2379 eunt

196 2404 297 2466 madio
319 2404 396 2466 iorte
416 2404 476 2465 diei
496 2404 626 2478 agrestis
643 2402 768 2479 quidam
783 2404 824 2463 ad
838 2408 1010 2479 praetorem
1024 2403 1179 2464 adductus
1286 2454 1287 2461 ,

196 2488 312 2549 nuntiat
332 2489 460 2547 alterum
479 2487 539 2547 iam
559 2487 638 2546 diem
659 2487 791 2547 classem
810 2493 892 2548 stare
913 2489 954 2548 ad
966 2486 1098 2548 insulam
1112 2486 1178 2546 Ma·

196 2569 274 2645 crin,
294 2576 326 2631 et
345 2572 437 2645 paulo
458 2577 529 2631 ante
548 2569 633 2629 visas
656 2569 805 2644 quasdam
824 2572 941 2632 moveri
960 2578 1117 2647 tamquam
1137 2572 1179 2630 ad

194 2654 415 2731 protectionem
429 2667 535 2714 naves.
556 2667 591 2712 re
604 2652 705 2715 subita
716 2656 879 2729 perculsus
890 2662 1015 2732 praetor
1024 2654 1179 2716 tubicines
1286 2664 1287 2673 ¹

196 2751 307 2798 canore
325 2737 422 2814 iubet,
443 2744 479 2799 ut
492 2738 519 2798 si
541 2736 593 2815 qni
614 2753 671 2813 per
691 2754 782 2814 agros
798 2740 890 2815 palati
905 2746 1011 2801 esseut
1023 2737 1178 2808 redirent,
1286 2744 1287 2759 ³

194 2820 332 2884 tribunos
352 2821 383 2883 in
402 2822 510 2884 urbem
528 2821 615 2885 mittit
636 2823 677 2883 ad
698 2824 856 2898 cogendos
878 2824 987 2884 milites
1002 2829 1178 2897 nautasque

194 2905 224 2967 in
246 2922 351 2968 naves.
384 2905 467 2969 haud
491 2922 583 2969 secus
605 2923 697 2984 quam
723 2907 753 2967 in
772 2907 932 2984 repentino
957 2906 1101 2969 incendio
1124 2912 1180 2967 aut
1286 2976 1287 2981 ἵ

195 2996 285 3066 capta
297 2990 375 3052 urbe
389 2991 565 3068 trepidatur,
581 2991 649 3052 aliis
664 2990 696 3051 in
709 2992 816 3052 urbem
832 2991 1025 3054 currentibus
1040 2989 1081 3050 ad
1099 3006 1178 3051 suos

193 3075 404 3149 revocandos,
425 3075 493 3136 aliis
515 3092 555 3135 ex
569 3075 646 3136 urbe
661 3091 758 3137 naves
773 3091 867 3138 cursu
881 3075 1110 3152 repetentibus,
1131 3074 1179 3134 in-

194 3158 348 3234 certisque
374 3159 573 3230 clamoribus,
599 3158 711 3235 quibus
737 3160 815 3235 ipsis
836 3161 928 3222 tubae
949 3160 1178 3233 obstreperent,

195 3240 319 3305 turbatis
345 3240 480 3318 imperiis
504 3243 626 3303 tandem
652 3259 836 3305 concursum
857 3245 898 3305 ad
919 3258 1016 3304 naves
1038 3249 1095 3303 est
1122 3243 1179 3302 vix

194 3343 282 3388 suam
307 3326 441 3403 quisque
465 3342 596 3388 noscere
615 3334 668 3389 aut
688 3328 773 3388 adire
795 3344 870 3403 prae
888 3328 1017 3389 tumultu
1038 3332 1178 3402 poterats

194 3412 438 3489 trepidatumque
459 3427 526 3472 cum
548 3412 684 3487 periculo
705 3418 736 3472 et
755 3412 786 3472 in
805 3412 881 3473 mari
901 3418 931 3472 et
944 3412 975 3471 in
989 3418 1072 3472 terra
1085 3410 1179 3482 lorea,

193 3494 225 3557 ni
239 3496 377 3574 partibus
393 3493 500 3557 divisis
515 3495 662 3556 Acnrillus
679 3510 747 3558 cum
761 3495 915 3571 praetoria
928 3511 1007 3556 nave
1021 3494 1142 3571 primus
1159 3508 1179 3552 e
