2600 4000
207 275 271 341 sat
355 270 644 335 umnaxxxvnt
668 223 1033 344 cannara-nessa]

206 438 268 504 set,
289 433 320 489 el
334 427 464 488 terream
486 424 617 486 fistulam
637 420 880 499 operculumque
900 412 974 479 dolii
987 418 1135 514 terreum
1160 426 1189 478 et

203 510 307 589 ipsum
321 510 460 586 pluribus
475 508 552 569 locis
567 507 762 584 perforatum,
777 504 932 570 lecerunt
948 501 1008 561 hoc
1020 507 1105 561 tenui
1120 502 1188 576 plu-

206 614 255 657 ma
269 595 453 669 completum
468 591 582 652 dolium
598 605 652 651 ore
667 589 697 648 in
713 584 886 648 cuniculum
901 601 992 656 verso
1004 591 1188 660 posuerunt

185 671 262 757 [per
287 676 424 755 operculi
445 672 801 750 toraminepraelongae
822 668 945 744 hastae,
970 684 1047 745 quas
1069 668 1189 729 sarisas

206 768 333 835 vocant,
358 760 399 819 ad
419 758 661 820 summovendos
683 754 790 834 hostes
810 752 991 813 eminebant
1024 751 1190 813 scintillam

205 850 303 908 levem
323 843 404 919 ignis
423 842 547 903 inditam
568 842 691 917 plumae
705 840 777 899 iolle
792 834 891 896 luhrili
905 836 945 896 ed
960 841 1052 912 caput
1065 835 1189 922 fistulae

206 929 350 1007 imposito
365 926 470 988 flando
485 924 702 986 accenderunt.
734 922 806 983 inde
820 936 882 982 non
897 920 997 981 solum
1011 936 1125 995 magna
1139 917 1192 981 vis·

206 1014 295 1085 lumi,
318 1011 374 1071 sed
397 1010 602 1070 acrior'etiam
623 1007 716 1070 loedo
739 1005 873 1082 quodam
893 1002 1002 1066 nidore
1022 1019 1062 1063 ex
1075 1003 1189 1066 adusta
1213 1036 1216 1042 ·

206 1100 317 1175 pluma,
334 1109 403 1154 cum
415 1099 510 1155 totum
521 1094 693 1166 cuniculum
705 1091 900 1166 complesset
915 1088 967 1148 vix
978 1089 1090 1149 durare
1101 1089 1188 1163 quis·

206 1195 297 1255 quam
311 1180 394 1238 intus
410 1183 537 1251 poterat
737 1189 740 1194 ·

288 1261 368 1320 Vlll.
393 1260 465 1327 Cum
486 1261 517 1319 in
534 1260 595 1320 hoc
608 1263 691 1321 statu
704 1260 744 1319 ad
757 1255 950 1318 Ambraciam
964 1271 1016 1342 res
1030 1265 1124 1332 esset,
1143 1261 1186 1320 le

124 1400 127 1407 .
205 1346 266 1422 gali
286 1341 325 1405 ah
339 1345 457 1404 Aetolis
470 1343 630 1403 Phaeneas
645 1350 676 1404 et
691 1341 866 1404 Damoteles
887 1351 957 1400 curn
976 1340 1080 1403 liberis
1102 1357 1186 1402 man·

205 1429 284 1490 dalis
299 1428 423 1488 decreto
443 1426 543 1501 gentis
558 1427 599 1486 ad
614 1428 772 1488 consulem
784 1431 943 1486 venerunt.
978 1441 1049 1485 nam
1063 1434 1188 1502 praetor

85 1573 89 1581 ,
205 1507 311 1574 eorum
328 1527 396 1572 cum
407 1510 466 1570 alia
478 1517 564 1585 parte
574 1510 768 1571 Ambraciam
780 1508 951 1585 oppugnari
963 1517 1111 1583 cerneret
1127 1511 1189 1572 elia

206 1598 347 1659 intestam
369 1611 453 1657 oram
474 1594 605 1654 nauibus
620 1592 753 1654 hostium
768 1608 857 1667 esse,
878 1593 938 1653 alia
952 1593 1187 1671 Amphilochos

204 1682 367 1758 Dolopiam
379 1677 401 1740 ¹a
415 1671 636 1758 Macedonibus
652 1677 780 1749 vastari,
802 1691 859 1737 nec
874 1677 1004 1738 Aetolos
1019 1679 1059 1738 ad
1072 1678 1131 1738 tria
1145 1680 1187 1740 si-

206 1767 267 1826 mul
289 1764 413 1826 diversa
431 1764 512 1825 bella
533 1763 724 1824 occursantis
745 1760 905 1833 sullicere,
926 1768 1098 1823 convocato
1113 1778 1185 1823 corr

208 1844 287 1911 cilio.
302 1849 431 1929 Aetolos
456 1844 612 1922 principes
638 1846 711 1923 quid
734 1843 887 1920 agendum
913 1852 998 1906 esset
1022 1847 1185 1907 consuluit

207 1933 340 1994 narnium
355 1945 393 1992 eo
409 1932 577 1992 sententiae
591 1930 854 1996 decurrerunt‚·ut
867 1944 944 2004 pax,
955 1927 986 1988 si
1001 1937 1119 2004 posset
1135 1946 1188 1991 ae·

207 2015 339 2092 qnis,'si
360 2014 475 2087 minus,
498 2013 665 2075 tolerandis
681 2012 916 2082 condicionibus
931 2020 1094 2087 peteretur.
1123 2017 1184 2075 An·

206 2099 297 2162 tinchi
312 2097 427 2160 fiducia
440 2097 551 2158 bellum
568 2107 761 2175 susceptum:
784 2095 936 2157 Antiocho
951 2104 1032 2158 terra
1047 2099 1188 2174 marique
1209 2150 1213 2157 .

108 2172 118 2188 ⁹
206 2190 350 2259 snperato
376 2189 407 2243 et
427 2197 525 2258 prope
551 2188 638 2242 extra
661 2181 767 2243 orbem
785 2187 886 2241 terrae
905 2174 985 2243 ultra
1004 2181 1076 2259 iuga
1094 2182 1187 2244 Tauri

205 2275 313 2330 exacto
331 2282 421 2343 quam
435 2281 523 2342 spem
535 2281 606 2327 esse
617 2264 788 2328 sustinendi
799 2265 892 2326 belli?
912 2264 1070 2328 Phaeneas
1084 2274 1117 2327 et
1126 2269 1187 2328 Da·

205 2353 332 2414 moteles
351 2350 435 2427 quod
449 2364 468 2410 e
481 2365 515 2410 re
525 2351 713 2424 Aetolorum,
728 2357 762 2412 ut
774 2349 804 2409 in
819 2346 871 2409 tali
886 2364 971 2421 casu
987 2350 1113 2426 fideque
1128 2368 1188 2414 sua

205 2450 278 2496 esse
298 2441 473 2507 censerent,
494 2441 634 2510 agerentr
664 2433 749 2510 quod
769 2431 850 2494 enim
870 2432 930 2493 sihi
950 2434 1114 2496 consilium
1135 2443 1190 2498 aut

165 2537 167 2541 ¹
205 2519 292 2578 cuius
307 2518 352 2577 rei
363 2516 873 2578 electionemalortunarelictemt
893 2532 962 2578 cum
972 2516 1021 2579 his
1032 2518 1189 2580 mandatis

206 2600 294 2675 legati
308 2597 395 2659 missi
407 2615 499 2659 orare
514 2600 681 2674 consulem,
696 2607 730 2661 ut
744 2606 885 2675 parceret
895 2600 972 2675 urbi,
988 2601 1188 2664 misereretur

204 2683 303 2758 gentis
316 2682 473 2758 quondam
484 2681 598 2758 sociae,
611 2683 695 2745 nolle
705 2683 809 2744 dicere
820 2682 945 2757 iniuriis,
957 2684 1090 2746 miseriis
1102 2695 1189 2748 certe

204 2773 331 2830 coactae
344 2764 488 2827 insanire.
510 2783 573 2828 non
588 2769 659 2843 plus
673 2767 743 2828 mali
758 2768 883 2831 meritos
897 2771 1026 2830 Aetolos
1040 2770 1189 2832 Antiochi

203 2852 283 2912 bello
300 2866 391 2925 quam
406 2851 578 2935 boniante,
601 2868 670 2913 cum
685 2850 836 2914 adversus
850 2851 1023 2930 Philippum
1039 2854 1188 2917 bellatum

204 2934 251 3009 sil,
267 2936 389 2996 iecisse.
419 2951 476 2996 nec
490 2942 552 2996 tum
566 2939 650 3012 large
664 2935 793 3011 gratiam
806 2937 932 2998 relatam
947 2936 1014 3011 sibi,
1030 2953 1088 2997 nec
1103 2955 1188 3001 nunc

203 3017 365 3080 immodice
381 3034 514 3094 poenam
527 3018 643 3096 iniungi
658 3020 782 3100 dehere.
804 3020 844 3082 ad
856 3036 894 3080 ea
905 3023 1013 3083 consul
1024 3023 1187 3097 respondit

203 3102 300 3177 magis
321 3117 418 3177 saepe
439 3119 530 3178 quam
549 3110 622 3164 vere
640 3119 787 3181 umquam
800 3105 928 3166 Aetolos
944 3100 1054 3180 pacem'
1067 3114 1186 3182 petere.

202 3184 391 3247 imitarentur
403 3185 588 3248 Antiochum
607 3188 637 3248 in
651 3188 788 3263 petenda
802 3202 895 3263 pace,
918 3205 1009 3263 quem
1023 3190 1055 3250 in
1070 3190 1186 3253 bellum

201 3267 376 3349 traxissent.
409 3286 470 3329 non
486 3271 592 3344 paucis
607 3270 736 3333 urbibus
750 3287 830 3347 eum,
845 3272 885 3332 de
900 3289 1030 3348 quarum
1044 3273 1187 3336 libertate

202 3359 358 3413 certatum.
368 3351 422 3426 sit,
442 3354 498 3413 sed
514 3354 595 3415 omni
609 3352 687 3416 Asia
701 3354 751 3416 cis
760 3356 893 3417 Taurum
907 3363 1056 3432 montem,
1079 3353 1186 3433 opim'o

201 3451 307 3511 regno,
324 3437 510 3497 excessisse.
541 3438 670 3501 Aetolos
685 3438 745 3499 nisi
759 3440 891 3500 inermes
907 3440 946 3501 de
961 3455 1041 3516 pace
1054 3451 1185 3516 agentes

201 3534 262 3578 non
283 3520 456 3581 auditunrm
477 3537 521 3581 se.
554 3538 639 3583 arma
654 3521 714 3582 illis
729 3521 815 3598 prius
830 3539 993 3600 equosque
1008 3524 1109 3584 omnis
1124 3534 1181 3587 trs·
