2600 4000
246 252 310 317 ³18
389 252 505 314 LIBER
517 252 680 314 xxxviii.
703 254 786 315 CAP.
805 265 828 317 l.
840 264 867 316 2.
890 262 918 327 [a
940 260 974 313 U.
986 279 1011 313 c.
1023 260 1087 328 aba]

247 406 409 469 immodico
431 405 560 481 imperio
580 405 767 467 desiderium
787 404 981 486 Amynandri
1000 407 1148 468 lacerant
1176 425 1227 468 ex·

247 491 357 555 sulatrti
376 499 440 552 tum
453 489 655 569 Amynandro
668 491 700 550 in
719 490 840 551 Aetolia
862 490 967 551 litteris
987 506 1130 567 suorum,
1152 493 1228 552 indi

247 574 379 639 cantium
394 580 505 635 statum
514 573 724 649 Athamaniae,
739 589 814 649 spes
828 573 1032 649 recuperandi
1044 575 1134 650 regni
1150 577 1228 638 iacta

246 668 302 723 est.
325 658 509 734 remissique
522 657 618 719 nuntii
632 658 672 718 ab
688 674 726 719 eo
741 659 782 719 ud
795 659 953 735 principes
963 657 1226 733 Argitheam-id

246 744 327 806 euim
351 750 445 821 caput
463 739 665 803 Athamaniae
687 749 818 816 erat—,
844 742 872 802 si
893 742 1087 819 popularium
1107 744 1227 814 animos

246 830 322 892 satis
343 834 526 905 perspectos
539 826 682 900 haberet,
702 826 864 902 impetrato
879 826 918 887 ab
932 826 1051 887 Aetolis
1065 827 1183 888 auxilio
1197 827 1227 887 in

245 910 458 976 Athamaniam
478 926 514 971 se
526 917 689 971 venturum
702 925 772 970 cum
786 910 913 971 delectis
927 910 1121 986 Aetolorum,
1143 912 1226 987 quod

246 996 407 1061 consilium
421 1002 506 1057 esset
519 994 627 1071 gentis,
644 1000 675 1054 et
683 994 837 1055 Nicandro
852 1000 1004 1070 praetore.
1027 1011 1108 1070 quos
1121 992 1177 1056 uhi
1188 996 1226 1057 ad

246 1080 348 1143 omnia
362 1087 487 1156 paratos
502 1093 574 1140 esse
588 1078 678 1151 vidit,
693 1076 841 1139 certiores
855 1076 987 1138 subinde
1002 1077 1083 1152 lacit,
1099 1077 1165 1154 quo
1178 1080 1226 1140 die

246 1179 313 1225 cum
339 1164 476 1226 exercitu
496 1162 708 1224 Athamaniam
730 1162 927 1237 ingressurus
951 1168 1045 1223 esset.
1084 1169 1227 1238 quattuor

247 1247 343 1324 primo
358 1248 480 1308 luerunt
493 1245 642 1307 coniurati
653 1247 804 1307 adversus
814 1245 1017 1307 Macedonum
1029 1246 1225 1321 praesidium.

245 1331 276 1391 hi
291 1346 385 1391 senos
406 1329 466 1392 sibi
482 1330 639 1392 adiutores
655 1330 697 1391 ad
709 1330 955 1405 remgerenuam
969 1330 1224 1406 adsumpserunt;

246 1412 484 1489 deinpaucitate
496 1429 609 1496 parum
623 1415 701 1487 ireti,
717 1428 797 1490 quae
812 1414 959 1475 celandae
971 1413 1017 1473 rei
1029 1430 1122 1488 quam
1133 1429 1225 1490 agen·

246 1499 304 1560 dae
323 1497 422 1575 aptior
442 1504 520 1570 erat,
546 1512 653 1573 parem
673 1498 768 1573 priori
789 1513 946 1559 numerum
967 1496 1157 1559 adiecerunt.
1186 1499 1225 1559 ita

245 1584 307 1645 duo
319 1589 350 1644 et
360 1580 662 1659 quinquagintaiacti
674 1582 892 1657 quadrifariam
903 1597 938 1642 se
950 1580 1138 1643 diviserunt=
1154 1599 1224 1659 pars

244 1684 306 1729 una
326 1668 520 1738 Heracleam,
540 1666 636 1726 altera
655 1666 882 1746 Tetraphyliam
902 1665 990 1742 petit,
1010 1667 1064 1727 uhi
1083 1666 1223 1729 custodia

245 1753 349 1829 regiae
359 1749 509 1829 pecuniae
520 1765 592 1810 esse
602 1748 694 1810 solita
704 1757 778 1822 erat,
794 1750 1103 1824 tertiaTheudoriam,
1116 1759 1224 1828 quarta

247 1836 430 1912 Argitheam.
452 1836 493 1895 ita
503 1834 581 1895 inter
591 1833 691 1896 omnis
703 1833 856 1907 convenit,
871 1842 905 1896 ut
916 1834 1014 1911 primo
1026 1834 1131 1911 quieti,
1143 1835 1226 1896 velut

244 1920 284 1979 ad
299 1920 448 1993 privatam
462 1933 526 1978 rem
541 1919 691 1994 agendam
704 1918 878 1991 venissent,
893 1919 923 1977 in
939 1920 1006 1979 loro
1021 1920 1225 1981 obversaren-

245 2015 308 2073 tur;
331 2004 381 2063 die
395 2008 479 2063 certa
491 2004 712 2064 multitudinem
727 2020 849 2065 omnem
863 2011 1071 2065 convocarent
1084 2005 1126 2065 ad
1136 2021 1226 2080 prae-

244 2083 325 2147 sidia
334 2086 537 2148 Macedonum
550 2088 674 2148 arcibus
688 2088 882 2164 expellenda.
904 2087 956 2147 ubi
973 2101 1012 2147 ea
1022 2088 1089 2148 dies
1101 2088 1226 2150 advenit

245 2176 275 2231 et
288 2171 487 2250 Amynander
501 2185 570 2231 cum
583 2171 666 2231 mille
678 2170 796 2234 Aetolis
812 2172 842 2231 in
857 2171 971 2232 linibus
985 2179 1065 2246 erat,
1087 2188 1128 2233 ex
1143 2189 1225 2235 com·

247 2254 348 2330 posito
361 2263 503 2332 quattuor
514 2256 604 2317 simul
616 2255 693 2317 locis
705 2255 860 2333 praesidia
868 2255 1072 2337 Macedonum
1083 2258 1225 2333 expulsu,

244 2339 423 2416 litteraeque
437 2339 467 2401 in
482 2339 558 2401 alias
572 2341 667 2403 urbes
681 2341 799 2416 passim
813 2339 973 2412 dimissae,
987 2347 1022 2402 ut
1034 2340 1226 2402 vindicarent

244 2439 316 2485 sese
337 2424 376 2484 ab
397 2424 555 2500 impotenti
573 2423 780 2485 dominatione
792 2423 923 2500 Philippi
938 2430 969 2482 et
981 2424 1183 2487 restituerent
1196 2425 1224 2484 in

244 2506 372 2581 patrium
387 2523 423 2566 ac
438 2507 602 2582 legitimum
612 2522 750 2583 regnum.
772 2507 909 2583 undique
918 2506 1107 2569 Macedones
1119 2510 1224 2584 expel-

242 2589 353 2648 luntur.
374 2589 499 2648 Theium
513 2590 659 2665 oppidum
675 2590 780 2651 litteris
796 2593 952 2653 aXenone
965 2592 1122 2666 praelecto
1135 2607 1223 2668 prae

243 2671 313 2732 sidii
334 2671 510 2747 interceptis
531 2681 562 2733 et
582 2689 653 2734 arce
673 2673 712 2734 ab
731 2675 824 2751 regiis
847 2682 998 2751 occupata
1018 2690 1137 2752 paucos
1158 2677 1224 2736 dies

244 2754 459 2817 obsidentibus
479 2754 602 2829 restitit;
635 2756 747 2819 deinde
766 2759 799 2821 id
819 2775 944 2836 quoque
964 2759 1107 2821 traditum
1128 2761 1224 2838 Amy-

244 2839 359 2901 nandro
380 2848 443 2915 est,
466 2848 496 2902 et
516 2843 615 2904 omnis
629 2841 810 2904 Athamania
830 2845 860 2903 in
881 2850 1033 2920 potestate
1052 2851 1120 2906 erat
1134 2860 1224 2919 prae

243 2930 290 2983 ter
303 2924 492 2987 Athenaeum
507 2927 680 3000 castellum,
701 2926 813 2988 linibus
827 2927 1027 2988 Macedoniae
1040 2926 1223 2989 subiectum.

244 3006 278 3066 ll.
295 3007 456 3085 Philippus
470 3010 574 3070 audita
589 3008 762 3071 delectione
773 3011 973 3072 Athamaniae
987 3025 1057 3071 cum
1072 3025 1130 3070 sex
1145 3012 1222 3072 mili-

157 3088 160 3091 ’
244 3090 301 3151 bus
315 3102 498 3154 armatorum
514 3096 671 3169 proiectus
686 3092 801 3171 ingenti
816 3093 970 3156 celeritate
982 3094 1142 3171 Gomphos
1153 3111 1220 3170 per·
1269 3160 1271 3165 ,

164 3231 169 3240 .
243 3175 333 3236 venit.
355 3175 397 3237 ibi
410 3177 516 3238 relicta
531 3176 646 3238 maiore
658 3185 744 3254 parte
756 3177 963 3248 exercitus-
975 3194 1077 3254 neque
1088 3176 1173 3239 enim
1184 3180 1223 3239 ad

242 3264 325 3319 tanta
349 3260 456 3320 itinera
483 3262 719 3321 sufficereut—
733 3278 802 3323 cum
827 3262 948 3323 duobus
976 3260 1099 3322 milibus
1127 3262 1221 3323 Athe

241 3358 362 3414 naeum,
379 3343 464 3419 quod
478 3360 573 3404 unum
588 3361 606 3404 a
620 3346 777 3420 praesidio
793 3363 850 3407 suo
865 3353 1015 3408 retentum
1029 3346 1137 3418 luerat,
1153 3362 1221 3421 per-

242 3425 333 3488 venit.
356 3425 428 3487 inde
440 3426 586 3502 proximis
602 3430 754 3504 temptatis
769 3445 836 3489 cum
852 3430 941 3490 lacile
954 3429 1222 3505 animadvertisset

190 3560 192 3563 .
242 3519 345 3572 cetera
364 3510 487 3572 hostilia
500 3527 587 3585 esse,
609 3510 766 3587 Gomphos
783 3525 945 3588 regressus
964 3512 1107 3574 omuibus
1122 3511 1220 3589 copiis
