2600 4000
209 256 272 321 noo
345 255 630 320 nmmum.
653 256 1054 334 normannensis]

210 408 279 470 bem
300 403 398 468 iniret.
430 404 480 466 hic
494 405 596 481 pudor
608 406 824 482 malignitatem
837 408 921 483 vicit,
940 404 1189 483 triumphumque

209 491 387 568 frequentes
403 488 613 551 decreverunt

294 573 455 650 Oppressit
474 572 585 634 deinde
605 574 787 635 mentionem
806 573 1047 650 memoriamque
1065 589 1189 636 omnem

211 656 412 719 contentionis
433 655 524 717 huius
544 655 642 716 maius
663 664 694 717 et
714 672 784 719 cum
802 657 917 718 maiore
931 662 962 719 et
976 656 1106 717 clariore
1120 657 1188 718 viro

210 748 363 802 certamen
378 745 487 802 ortum.
507 738 540 799 P.
556 738 694 815 Scipioni
708 739 865 816 Africano,
880 748 913 801 ut
923 740 1066 801 Valerius
1076 739 1188 801 Antias

209 831 318 886 auctor
331 829 388 899 est,
403 824 464 884 dno
479 823 513 897 Q.
524 822 631 884 Petillii
645 823 726 884 dienn
744 824 893 885 dixerunt
921 825 962 898 id,
978 831 1070 899 prout
1083 823 1187 884 cuius-
1290 820 1296 828 ’

211 923 273 987 que
295 906 450 984 ingenium
469 913 547 981 erat,
573 906 857 983 interpretabantur.
892 907 943 967 alii
963 923 1025 968 non
1045 906 1186 968 tribunos

211 991 326 1069 plebis,
347 991 405 1053 scd
416 992 591 1051 universam
606 989 772 1065 civitatem,
787 1005 867 1067 quae
881 991 913 1051 id
927 991 990 1066 pati
1002 998 1126 1067 posset,
1142 991 1186 1050 in·

210 1076 374 1136 emanante
396 1074 475 1135 duas
494 1072 642 1134 maximas
665 1072 748 1154 orbis
768 1079 915 1135 terrarum
935 1075 1029 1135 urbes
1048 1071 1185 1150 ingratas

210 1173 273 1219 uno
287 1172 386 1233 prope
401 1164 539 1234 tempore
552 1157 582 1218 in
596 1156 753 1233 principes
766 1157 921 1232 inventas,
941 1159 1070 1218 Romam
1083 1158 1183 1231 ingre·

210 1240 333 1314 tionem,
354 1241 382 1300 si
402 1241 524 1316 quidem
544 1239 625 1301 victa
638 1240 786 1316 cathago
805 1240 918 1302 victum
937 1241 1135 1301 Hannibalern
1151 1239 1184 1299 in

209 1321 351 1384 exsilium
365 1323 543 1398 expulisset,
556 1324 657 1385 Roma
669 1324 778 1386 victrix
787 1322 934 1385 victorem
943 1323 1121 1384 Anicanum
1131 1338 1185 1383 ex·

211 1406 312 1483 pellat
337 1404 388 1466 alli
402 1405 553 1465 neminem
567 1423 661 1466 unum
675 1413 790 1469 tantum
803 1408 937 1467 eminere
950 1405 1047 1468 civem
1061 1407 1187 1480 debere,

210 1495 244 1551 ut
262 1487 382 1565 legibus
402 1488 581 1563 interrogari
601 1505 663 1549 non
683 1490 798 1566 possin
833 1489 907 1550 nihil
928 1496 989 1550 tarn
1006 1490 1189 1566 aequandae

210 1571 357 1636 libertatis
371 1586 545 1648 essequam
557 1572 801 1647 potentissimum
813 1588 966 1650 quemque
976 1588 1072 1649 posse
1083 1573 1189 1634 dicere

211 1672 346 1718 causam.
375 1655 449 1733 quid
462 1660 563 1717 autem
578 1659 643 1716 tuto
658 1655 815 1732 cuiquam,
832 1657 944 1734 nedum
958 1672 1107 1717 summam
1121 1671 1187 1716 rem

210 1739 373 1817 publicam,
388 1738 527 1816 permitti,
543 1738 571 1799 si
585 1737 662 1800 ratio
676 1754 739 1800 non
753 1739 792 1800 sit
805 1739 986 1801 reddendae
1006 1739 1059 1817 qui
1072 1740 1122 1801 ius
1137 1755 1184 1800 ae

212 1840 305 1900 quum
327 1822 389 1899 pati
407 1838 470 1884 non
490 1822 604 1898 possit,
624 1821 656 1881 in
677 1837 747 1883 eum
766 1822 827 1884 vim
845 1822 929 1885 haud
948 1823 1089 1885 iniustam
1102 1837 1187 1884 esse.

212 1906 289 1968 llaec
313 1904 427 1982 agitata
450 1904 659 1979 sermonibus,
683 1905 783 1967 donec
808 1906 875 1968 dies
899 1922 1013 1968 causae
1037 1905 1186 1966 dicendae

211 1989 302 2052 venia
332 2003 389 2049 nec
402 1988 480 2052 alius
494 1997 585 2053 antea
599 1989 762 2067 quisquam
776 2007 833 2052 nec
846 1989 897 2051 ille
910 1990 979 2067 ipse
995 1989 1096 2066 Scipio
1111 2005 1186 2051 con-

212 2074 261 2135 sul
280 2086 430 2134 censorve
450 2073 566 2134 maiore
584 2074 684 2134 omnis
702 2074 824 2148 generis
838 2074 993 2135 hominum
1008 2074 1188 2150 frequentia,

212 2171 305 2234 quam
324 2171 396 2218 reus
416 2155 468 2218 illo
483 2156 533 2217 die
547 2156 578 2217 in
592 2157 693 2217 iorum
707 2164 754 2219 est
768 2157 928 2220 deductus.
962 2156 1068 2219 iussus
1083 2158 1188 2218 dicere

212 2255 338 2303 oausam
356 2239 423 2300 sine
437 2240 498 2301 ulla
512 2238 668 2301 criminum
681 2238 834 2302 mentione
849 2238 1016 2305 orationem
1029 2242 1109 2313 adeo
1125 2256 1188 2300 ma·

212 2324 353 2401 unificam
371 2323 411 2384 de
423 2323 517 2385 rebus
528 2322 568 2383 ab
583 2338 619 2384 se
638 2323 733 2399 gestis
748 2330 955 2400 ostentemus,
975 2332 1010 2387 ut
1021 2324 1098 2386 satis
1114 2340 1189 2387 con-

212 2413 306 2470 staret
324 2405 474 2468 nerninem
493 2422 638 2482 umquam
652 2422 753 2483 neque
767 2407 874 2469 melius
889 2422 990 2485 neque
1004 2408 1108 2471 verius
1124 2410 1189 2468 lau·

172 2530 175 2535 -
212 2491 408 2552 detumesce.
430 2489 610 2551 dicebantur
620 2491 700 2549 eninr
709 2490 749 2549 ab
759 2490 869 2552 eodem
879 2492 979 2552 animo
991 2491 1188 2567 ingenioque,

211 2588 230 2632 a
245 2588 307 2646 quo
327 2578 416 2647 gesta
434 2578 534 2645 erant,
556 2578 587 2632 et
600 2569 718 2632 aurium
733 2571 887 2636 lastidium
901 2574 1021 2650 aberat,
1044 2575 1117 2650 quie
1131 2590 1189 2649 pro

212 2652 359 2731 periculo,
375 2668 440 2714 non·
450 2653 481 2713 in
494 2653 621 2727 gloriam
635 2654 854 2717 reserebantur.
885 2656 932 2717 Ll.
959 2656 1189 2735 tribuniplebis

211 2744 315 2799 vetera
338 2736 475 2798 luxuriae
501 2735 627 2797 crimina
647 2735 914 2816 Syracusanorum
936 2739 1135 2803 hibernorum
1157 2748 1192 2801 et

210 2819 317 2882 Locris
330 2819 546 2882 Pleminianum
564 2822 722 2883 tumultum
738 2837 807 2883 cum
820 2823 861 2883 ad
875 2821 967 2883 fldem
981 2823 1191 2899 praesentium

211 2905 368 2967 criminum
390 2905 591 2979 rettulissent,
618 2904 845 2981 suspicionibus
865 2907 964 2982 magis
985 2923 1077 2982 quam
1098 2922 1191 2983 argu·

209 2989 316 3048 mentis
338 2988 488 3064 pecuniae
507 2994 615 3064 captae
630 3004 717 3050 reum
730 2997 923 3050 aestuarunt.
956 2989 1051 3051 fllium
1064 2997 1192 3067 captum

211 3071 277 3131 sine
290 3071 388 3148 pretio
401 3072 567 3146 redditum,
589 3072 792 3148 omnibusque
806 3071 874 3134 aliis
889 3073 982 3134 rebus
997 3072 1189 3150 Scipionem,
1286 3132 1297 3158 Ι

209 3161 361 3228 tamquam
384 3154 415 3215 iu
429 3155 496 3217 eius
509 3154 600 3216 unius
614 3172 706 3216 manu
722 3172 784 3230 pax
797 3158 936 3218 Romana
948 3156 1125 3232 bellumque
1138 3172 1192 3218 es·

209 3244 271 3311 set,
291 3238 331 3298 ab
351 3236 502 3299 Antiocho
524 3238 644 3299 cultum.
679 3239 854 3301 dictatorem
879 3255 948 3300 eum
969 3241 1102 3314 consuli,
1126 3257 1192 3301 non

209 3323 340 3397 legatum
361 3320 392 3381 in
414 3320 572 3397 provincia
586 3323 700 3390 luisset
723 3338 781 3384 nec
795 3324 835 3384 ad
849 3324 938 3384 aliam
952 3340 1017 3384 rem
1031 3339 1069 3384 eo
1085 3326 1188 3399 proie

210 3409 299 3480 ctum,
315 3420 406 3481 quam
419 3409 461 3477 ut,
478 3405 509 3464 id
524 3407 608 3480 qnod
622 3407 789 3481 Hispaniae
803 3406 918 3468 Galliae
930 3405 1053 3468 Siciliae
1062 3406 1194 3469 Africae

209 3487 268 3547 iam
287 3487 405 3567 pridem
427 3503 610 3566 persuasum
631 3497 729 3563 esset,
750 3489 810 3550 hoc
825 3489 970 3551 Graeciae
985 3488 1144 3566 nubeque
1160 3497 1193 3551 ct
