<?xml version="1.0" encoding="UTF-8"?>
<!DOCTYPE html PUBLIC "-//W3C//DTD XHTML 1.0 Transitional//EN"
    "http://www.w3.org/TR/xhtml1/DTD/xhtml1-transitional.dtd">
<html xmlns="http://www.w3.org/1999/xhtml" xml:lang="en" lang="en">
 <head>
  <title>
</title>
<meta http-equiv="Content-Type" content="text/html;charset=utf-8" />
  <meta name='ocr-system' content='tesseract 3.04.00' />
  <meta name='ocr-capabilities' content='ocr_page ocr_carea ocr_par ocr_line ocrx_word'/>
</head>
<body>
  <div class='ocr_page' id='page_1' title='image "./aburbeconditali00mlgoog_0210.png"; bbox 0 0 2600 4000; ppageno 0'>
   <div class='ocr_carea' id='block_1_1' title="bbox 219 259 1076 338">
    <p class='ocr_par' dir='ltr' id='par_1_1' title="bbox 219 259 1076 338">
     <span class='ocr_line' id='line_1_1' title="bbox 219 259 1076 338; baseline 0.002 -13"><span class='ocrx_word' id='word_1_1' title='bbox 219 259 281 327; x_wconf 79' lang='lat' dir='ltr'>lot</span> <span class='ocrx_word' id='word_1_2' title='bbox 357 264 473 325; x_wconf 77' lang='lat' dir='ltr'>LIBER</span> <span class='ocrx_word' id='word_1_3' title='bbox 486 263 620 325; x_wconf 75' lang='lat' dir='ltr'>xldtlv.</span> <span class='ocrx_word' id='word_1_4' title='bbox 643 262 726 323; x_wconf 82' lang='lat' dir='ltr'>cnP.</span> <span class='ocrx_word' id='word_1_5' title='bbox 741 272 784 326; x_wconf 80' lang='lat' dir='ltr'>so.</span> <span class='ocrx_word' id='word_1_6' title='bbox 800 273 844 325; x_wconf 70' lang='grc' dir='ltr'>ιι.</span> <span class='ocrx_word' id='word_1_7' title='bbox 867 269 905 338; x_wconf 75' lang='grc' dir='ltr'>[ι.</span> <span class='ocrx_word' id='word_1_8' title='bbox 922 267 955 322; x_wconf 87' lang='grc' dir='ltr'>υ.</span> <span class='ocrx_word' id='word_1_9' title='bbox 971 286 996 321; x_wconf 77' lang='lat'>0.</span> <span class='ocrx_word' id='word_1_10' title='bbox 1010 268 1076 333; x_wconf 81' lang='lat' dir='ltr'>see]</span> 
     </span>
    </p>
   </div>
   <div class='ocr_carea' id='block_1_2' title="bbox 216 416 1204 748">
    <p class='ocr_par' dir='ltr' id='par_1_2' title="bbox 216 416 1204 748">
     <span class='ocr_line' id='line_1_2' title="bbox 218 416 1203 494; baseline 0 -12"><span class='ocrx_word' id='word_1_11' title='bbox 218 435 310 482; x_wconf 89' lang='lat' dir='ltr'>suum</span> <span class='ocrx_word' id='word_1_12' title='bbox 329 418 409 479; x_wconf 90' lang='lat' dir='ltr'>bene</span> <span class='ocrx_word' id='word_1_13' title='bbox 431 417 565 494; x_wconf 90' lang='lat' dir='ltr'>pesitum</span> <span class='ocrx_word' id='word_1_14' title='bbox 585 416 688 478; x_wconf 88' lang='lat' dir='ltr'>sciret.</span> <span class='ocrx_word' id='word_1_15' title='bbox 719 416 752 477; x_wconf 87' lang='lat' dir='ltr'>L.</span> <span class='ocrx_word' id='word_1_16' title='bbox 781 417 838 478; x_wconf 92' lang='lat' dir='ltr'>has</span> <span class='ocrx_word' id='word_1_17' title='bbox 859 418 942 479; x_wconf 90' lang='lat' dir='ltr'>velut</span> <span class='ocrx_word' id='word_1_18' title='bbox 955 418 1091 493; x_wconf 88' lang='lat' dir='ltr'>parentis</span> <span class='ocrx_word' id='word_1_19' title='bbox 1105 435 1203 482; x_wconf 90' lang='lat' dir='ltr'>voces</span> 
     </span>
     <span class='ocr_line' id='line_1_3' title="bbox 219 500 1204 577; baseline 0.001 -12"><span class='ocrx_word' id='word_1_20' title='bbox 219 520 286 566; x_wconf 85' lang='lat' dir='ltr'>eum</span> <span class='ocrx_word' id='word_1_21' title='bbox 303 502 456 575; x_wconf 76' lang='lat' dir='ltr'>audirent,</span> <span class='ocrx_word' id='word_1_22' title='bbox 479 516 603 562; x_wconf 78' lang='lat' dir='ltr'>manem</span> <span class='ocrx_word' id='word_1_23' title='bbox 619 500 762 562; x_wconf 89' lang='lat' dir='ltr'>omnibus</span> <span class='ocrx_word' id='word_1_24' title='bbox 777 501 890 576; x_wconf 78' lang='lat' dir='ltr'>gaudio</span> <span class='ocrx_word' id='word_1_25' title='bbox 904 502 1058 577; x_wconf 81' lang='lat' dir='ltr'>lacrimae,</span> <span class='ocrx_word' id='word_1_26' title='bbox 1073 503 1153 565; x_wconf 89' lang='lat' dir='ltr'>adeo</span> <span class='ocrx_word' id='word_1_27' title='bbox 1168 513 1204 566; x_wconf 91' lang='lat' dir='ltr'>ut</span> 
     </span>
     <span class='ocr_line' id='line_1_4' title="bbox 216 584 1204 664; baseline 0.001 -16"><span class='ocrx_word' id='word_1_28' title='bbox 216 588 318 664; x_wconf 91' lang='lat' dir='ltr'>ipsum</span> <span class='ocrx_word' id='word_1_29' title='bbox 333 601 460 662; x_wconf 90' lang='lat' dir='ltr'>quoque</span> <span class='ocrx_word' id='word_1_30' title='bbox 474 585 698 647; x_wconf 86' lang='lat' dir='ltr'>confunderent</span> <span class='ocrx_word' id='word_1_31' title='bbox 709 584 869 646; x_wconf 87' lang='lat' dir='ltr'>dicentem.</span> <span class='ocrx_word' id='word_1_32' title='bbox 891 586 1052 661; x_wconf 79' lang='lat' dir='ltr'><strong>paulisper</strong></span> <span class='ocrx_word' id='word_1_33' title='bbox 1063 586 1204 649; x_wconf 78' lang='lat' dir='ltr'><strong>fremitus</strong></span> 
     </span>
     <span class='ocr_line' id='line_1_5' title="bbox 216 667 1204 748; baseline 0.001 -15"><span class='ocrx_word' id='word_1_34' title='bbox 216 669 453 748; x_wconf 81' lang='lat' dir='ltr'><strong>approbantium</strong></span> <span class='ocrx_word' id='word_1_35' title='bbox 469 669 550 730; x_wconf 86' lang='lat' dir='ltr'>dicta</span> <span class='ocrx_word' id='word_1_36' title='bbox 565 667 634 742; x_wconf 85' lang='lat' dir='ltr'>luit,</span> <span class='ocrx_word' id='word_1_37' title='bbox 651 668 901 745; x_wconf 86' lang='lat' dir='ltr'>monentiumque</span> <span class='ocrx_word' id='word_1_38' title='bbox 915 668 1044 731; x_wconf 88' lang='lat' dir='ltr'>aliorum</span> <span class='ocrx_word' id='word_1_39' title='bbox 1059 668 1152 746; x_wconf 89' lang='lat' dir='ltr'>alios,</span> <span class='ocrx_word' id='word_1_40' title='bbox 1169 679 1204 735; x_wconf 88' lang='lat' dir='ltr'>ut</span> 
     </span>
    </p>
   </div>
   <div class='ocr_carea' id='block_1_3' title="bbox 153 752 1203 3264">
    <p class='ocr_par' dir='ltr' id='par_1_3' title="bbox 153 752 1203 3264">
     <span class='ocr_line' id='line_1_6' title="bbox 216 752 1203 830; baseline -0.001 -13"><span class='ocrx_word' id='word_1_41' title='bbox 216 772 271 817; x_wconf 90' lang='lat' dir='ltr'>eas</span> <span class='ocrx_word' id='word_1_42' title='bbox 285 769 382 816; x_wconf 92' lang='lat' dir='ltr'>voces</span> <span class='ocrx_word' id='word_1_43' title='bbox 395 754 479 814; x_wconf 92' lang='lat' dir='ltr'>velut</span> <span class='ocrx_word' id='word_1_44' title='bbox 494 754 619 815; x_wconf 89' lang='lat' dir='ltr'>oraculo</span> <span class='ocrx_word' id='word_1_45' title='bbox 633 752 746 814; x_wconf 86' lang='lat' dir='ltr'>missas</span> <span class='ocrx_word' id='word_1_46' title='bbox 763 752 795 812; x_wconf 90' lang='lat' dir='ltr'>in</span> <span class='ocrx_word' id='word_1_47' title='bbox 810 759 937 827; x_wconf 79' lang='lat' dir='ltr'>pectora</span> <span class='ocrx_word' id='word_1_48' title='bbox 952 753 1134 830; x_wconf 88' lang='lat' dir='ltr'>animosque</span> <span class='ocrx_word' id='word_1_49' title='bbox 1146 755 1203 816; x_wconf 74' lang='lat' dir='ltr'>de</span> 
     </span>
     <span class='ocr_line' id='line_1_7' title="bbox 216 835 1203 910; baseline 0 -9"><span class='ocrx_word' id='word_1_50' title='bbox 216 839 376 900; x_wconf 80' lang='lat' dir='ltr'>mitterent.</span> <span class='ocrx_word' id='word_1_51' title='bbox 411 836 532 897; x_wconf 91' lang='lat' dir='ltr'>silentio</span> <span class='ocrx_word' id='word_1_52' title='bbox 547 836 659 897; x_wconf 91' lang='lat' dir='ltr'>deinde</span> <span class='ocrx_word' id='word_1_53' title='bbox 673 837 754 898; x_wconf 87' lang='lat' dir='ltr'>iacto</span> <span class='ocrx_word' id='word_1_54' title='bbox 770 835 857 910; x_wconf 87' lang='lat' dir='ltr'>petiit</span> <span class='ocrx_word' id='word_1_55' title='bbox 870 836 909 897; x_wconf 89' lang='lat' dir='ltr'>ab</span> <span class='ocrx_word' id='word_1_56' title='bbox 924 837 978 909; x_wconf 88' lang='lat' dir='ltr'>iis,</span> <span class='ocrx_word' id='word_1_57' title='bbox 1000 843 1034 898; x_wconf 94' lang='lat' dir='ltr'>ut</span> <span class='ocrx_word' id='word_1_58' title='bbox 1048 838 1124 899; x_wconf 88' lang='lat' dir='ltr'>civis</span> <span class='ocrx_word' id='word_1_59' title='bbox 1138 840 1203 901; x_wconf 89' lang='lat' dir='ltr'>Ro-</span> 
     </span>
     <span class='ocr_line' id='line_1_8' title="bbox 215 919 1203 998; baseline -0.001 -14"><span class='ocrx_word' id='word_1_60' title='bbox 215 938 341 995; x_wconf 89' lang='lat' dir='ltr'>manos,</span> <span class='ocrx_word' id='word_1_61' title='bbox 362 919 390 980; x_wconf 93' lang='lat' dir='ltr'>si</span> <span class='ocrx_word' id='word_1_62' title='bbox 411 920 464 995; x_wconf 92' lang='lat' dir='ltr'>qui</span> <span class='ocrx_word' id='word_1_63' title='bbox 485 921 569 994; x_wconf 90' lang='lat' dir='ltr'>apud</span> <span class='ocrx_word' id='word_1_64' title='bbox 589 935 645 981; x_wconf 89' lang='lat' dir='ltr'>eos</span> <span class='ocrx_word' id='word_1_65' title='bbox 659 919 690 980; x_wconf 91' lang='lat' dir='ltr'>in</span> <span class='ocrx_word' id='word_1_66' title='bbox 705 920 851 982; x_wconf 88' lang='lat' dir='ltr'>servitute</span> <span class='ocrx_word' id='word_1_67' title='bbox 864 927 984 992; x_wconf 87' lang='lat' dir='ltr'>essent,</span> <span class='ocrx_word' id='word_1_68' title='bbox 1007 922 1203 998; x_wconf 89' lang='lat' dir='ltr'>conquisitos</span> 
     </span>
     <span class='ocr_line' id='line_1_9' title="bbox 215 1002 1202 1082; baseline 0 -15"><span class='ocrx_word' id='word_1_69' title='bbox 215 1008 294 1067; x_wconf 91' lang='lat' dir='ltr'>intra</span> <span class='ocrx_word' id='word_1_70' title='bbox 308 1005 388 1065; x_wconf 92' lang='lat' dir='ltr'>duos</span> <span class='ocrx_word' id='word_1_71' title='bbox 402 1018 526 1065; x_wconf 91' lang='lat' dir='ltr'>menses</span> <span class='ocrx_word' id='word_1_72' title='bbox 541 1003 692 1065; x_wconf 79' lang='lat' dir='ltr'>mitterent</span> <span class='ocrx_word' id='word_1_73' title='bbox 706 1005 747 1065; x_wconf 89' lang='lat' dir='ltr'>ad</span> <span class='ocrx_word' id='word_1_74' title='bbox 761 1019 797 1065; x_wconf 92' lang='lat' dir='ltr'>se</span> <span class='ocrx_word' id='word_1_75' title='bbox 810 1003 841 1064; x_wconf 95' lang='lat' dir='ltr'>in</span> <span class='ocrx_word' id='word_1_76' title='bbox 851 1002 1056 1065; x_wconf 67' lang='lat' dir='ltr'>Thessaliam</span> <span class='ocrx_word' id='word_1_77' title='bbox 1071 1020 1111 1066; x_wconf 91' lang='lat' dir='ltr'>ne</span> <span class='ocrx_word' id='word_1_78' title='bbox 1122 1006 1202 1082; x_wconf 90' lang='lat' dir='ltr'>ipsis</span> 
     </span>
     <span class='ocr_line' id='line_1_10' title="bbox 217 1087 1202 1165; baseline 0.001 -16"><span class='ocrx_word' id='word_1_79' title='bbox 217 1089 341 1165; x_wconf 86' lang='lat' dir='ltr'>quidem</span> <span class='ocrx_word' id='word_1_80' title='bbox 361 1087 524 1149; x_wconf 86' lang='lat' dir='ltr'>honestum</span> <span class='ocrx_word' id='word_1_81' title='bbox 544 1104 617 1149; x_wconf 89' lang='lat' dir='ltr'>osse</span> <span class='ocrx_word' id='word_1_82' title='bbox 637 1088 668 1148; x_wconf 95' lang='lat' dir='ltr'>in</span> <span class='ocrx_word' id='word_1_83' title='bbox 689 1087 816 1150; x_wconf 89' lang='lat' dir='ltr'>liberata</span> <span class='ocrx_word' id='word_1_84' title='bbox 834 1093 917 1149; x_wconf 90' lang='lat' dir='ltr'>terra</span> <span class='ocrx_word' id='word_1_85' title='bbox 936 1088 1116 1150; x_wconf 79' lang='lat' dir='ltr'>liberatores</span> <span class='ocrx_word' id='word_1_86' title='bbox 1131 1091 1202 1151; x_wconf 91' lang='lat' dir='ltr'>eius</span> 
     </span>
     <span class='ocr_line' id='line_1_11' title="bbox 216 1170 1202 1253; baseline -0.001 -19"><span class='ocrx_word' id='word_1_87' title='bbox 216 1170 342 1234; x_wconf 89' lang='lat' dir='ltr'>servire.</span> <span class='ocrx_word' id='word_1_88' title='bbox 374 1187 481 1233; x_wconf 90' lang='lat' dir='ltr'>omnes</span> <span class='ocrx_word' id='word_1_89' title='bbox 496 1173 704 1233; x_wconf 81' lang='lat' dir='ltr'>acclamarunt</span> <span class='ocrx_word' id='word_1_90' title='bbox 718 1171 832 1248; x_wconf 75' lang='lat' dir='ltr'>gratias</span> <span class='ocrx_word' id='word_1_91' title='bbox 848 1186 883 1232; x_wconf 89' lang='lat' dir='ltr'>se</span> <span class='ocrx_word' id='word_1_92' title='bbox 897 1172 976 1233; x_wconf 91' lang='lat' dir='ltr'>inter</span> <span class='ocrx_word' id='word_1_93' title='bbox 991 1178 1094 1234; x_wconf 89' lang='lat' dir='ltr'>cetera</span> <span class='ocrx_word' id='word_1_94' title='bbox 1108 1172 1202 1253; x_wconf 88' lang='lat' dir='ltr'>etiam</span> 
     </span>
     <span class='ocr_line' id='line_1_12' title="bbox 216 1255 1201 1331; baseline 0.002 -15"><span class='ocrx_word' id='word_1_95' title='bbox 216 1257 255 1316; x_wconf 92' lang='lat' dir='ltr'>ob</span> <span class='ocrx_word' id='word_1_96' title='bbox 270 1255 330 1315; x_wconf 91' lang='lat' dir='ltr'>hoe</span> <span class='ocrx_word' id='word_1_97' title='bbox 344 1270 451 1330; x_wconf 80' lang='lat' dir='ltr'>agere,</span> <span class='ocrx_word' id='word_1_98' title='bbox 468 1255 553 1330; x_wconf 91' lang='lat' dir='ltr'>quod</span> <span class='ocrx_word' id='word_1_99' title='bbox 568 1256 713 1316; x_wconf 87' lang='lat' dir='ltr'>admoniti</span> <span class='ocrx_word' id='word_1_100' title='bbox 728 1261 847 1329; x_wconf 84' lang='lat' dir='ltr'>essent,</span> <span class='ocrx_word' id='word_1_101' title='bbox 863 1262 896 1315; x_wconf 93' lang='lat' dir='ltr'>ut</span> <span class='ocrx_word' id='word_1_102' title='bbox 909 1262 970 1316; x_wconf 88' lang='lat' dir='ltr'>tam</span> <span class='ocrx_word' id='word_1_103' title='bbox 986 1255 1054 1331; x_wconf 91' lang='lat' dir='ltr'>pio,</span> <span class='ocrx_word' id='word_1_104' title='bbox 1069 1263 1130 1317; x_wconf 90' lang='lat' dir='ltr'>tam</span> <span class='ocrx_word' id='word_1_105' title='bbox 1143 1272 1201 1319; x_wconf 78' lang='lat' dir='ltr'>ne</span> 
     </span>
     <span class='ocr_line' id='line_1_13' title="bbox 216 1337 1199 1415; baseline 0.007 -16"><span class='ocrx_word' id='word_1_106' title='bbox 216 1337 354 1400; x_wconf 88' lang='lat' dir='ltr'>cessario</span> <span class='ocrx_word' id='word_1_107' title='bbox 376 1338 479 1400; x_wconf 84' lang='lat' dir='ltr'>officio</span> <span class='ocrx_word' id='word_1_108' title='bbox 502 1341 710 1415; x_wconf 81' lang='lat' dir='ltr'>iungerentur.</span> <span class='ocrx_word' id='word_1_109' title='bbox 743 1340 853 1415; x_wconf 78' lang='lat' dir='ltr'>ingens</span> <span class='ocrx_word' id='word_1_110' title='bbox 875 1354 1021 1400; x_wconf 90' lang='lat' dir='ltr'>numerus</span> <span class='ocrx_word' id='word_1_111' title='bbox 1036 1346 1102 1401; x_wconf 88' lang='lat' dir='ltr'>crat</span> <span class='ocrx_word' id='word_1_112' title='bbox 1115 1339 1199 1406; x_wconf 79' lang='lat' dir='ltr'>belle</span> 
     </span>
     <span class='ocr_line' id='line_1_14' title="bbox 214 1422 1195 1499; baseline 0.004 -17"><span class='ocrx_word' id='word_1_113' title='bbox 214 1422 329 1484; x_wconf 89' lang='lat' dir='ltr'>Punico</span> <span class='ocrx_word' id='word_1_114' title='bbox 346 1428 520 1499; x_wconf 90' lang='lat' dir='ltr'>captorum,</span> <span class='ocrx_word' id='word_1_115' title='bbox 542 1439 621 1498; x_wconf 90' lang='lat' dir='ltr'>quos</span> <span class='ocrx_word' id='word_1_116' title='bbox 635 1423 803 1497; x_wconf 87' lang='lat' dir='ltr'>Hannibal,</span> <span class='ocrx_word' id='word_1_117' title='bbox 822 1438 891 1483; x_wconf 82' lang='lat' dir='ltr'>erun</span> <span class='ocrx_word' id='word_1_118' title='bbox 906 1423 945 1483; x_wconf 90' lang='lat' dir='ltr'>ab</span> <span class='ocrx_word' id='word_1_119' title='bbox 960 1422 1025 1483; x_wconf 90' lang='lat' dir='ltr'>suis</span> <span class='ocrx_word' id='word_1_120' title='bbox 1040 1440 1103 1485; x_wconf 94' lang='lat' dir='ltr'>non</span> <span class='ocrx_word' id='word_1_121' title='bbox 1116 1424 1195 1486; x_wconf 81' lang='lat' dir='ltr'>redi·</span> 
     </span>
     <span class='ocr_line' id='line_1_15' title="bbox 215 1506 1199 1584; baseline 0.002 -17"><span class='ocrx_word' id='word_1_122' title='bbox 215 1514 383 1580; x_wconf 91' lang='lat' dir='ltr'>merentur,</span> <span class='ocrx_word' id='word_1_123' title='bbox 405 1521 517 1568; x_wconf 90' lang='lat' dir='ltr'>venum</span> <span class='ocrx_word' id='word_1_124' title='bbox 533 1507 668 1567; x_wconf 91' lang='lat' dir='ltr'>dederat.</span> <span class='ocrx_word' id='word_1_125' title='bbox 700 1506 900 1568; x_wconf 88' lang='lat' dir='ltr'>multitudinis</span> <span class='ocrx_word' id='word_1_126' title='bbox 915 1522 1022 1568; x_wconf 89' lang='lat' dir='ltr'>eorum</span> <span class='ocrx_word' id='word_1_127' title='bbox 1037 1522 1199 1584; x_wconf 79' lang='lat' dir='ltr'>argumen-</span> 
     </span>
     <span class='ocr_line' id='line_1_16' title="bbox 214 1590 1197 1670; baseline 0.003 -17"><span class='ocrx_word' id='word_1_128' title='bbox 214 1601 279 1654; x_wconf 88' lang='lat' dir='ltr'>tum</span> <span class='ocrx_word' id='word_1_129' title='bbox 298 1592 352 1667; x_wconf 90' lang='lat' dir='ltr'>sit,</span> <span class='ocrx_word' id='word_1_130' title='bbox 375 1590 459 1667; x_wconf 92' lang='lat' dir='ltr'>quod</span> <span class='ocrx_word' id='word_1_131' title='bbox 472 1590 620 1670; x_wconf 84' lang='lat' dir='ltr'>Polybius</span> <span class='ocrx_word' id='word_1_132' title='bbox 641 1591 747 1652; x_wconf 88' lang='lat' dir='ltr'>scribit</span> <span class='ocrx_word' id='word_1_133' title='bbox 767 1596 888 1652; x_wconf 91' lang='lat' dir='ltr'>centum</span> <span class='ocrx_word' id='word_1_134' title='bbox 908 1591 1030 1652; x_wconf 70' lang='lat' dir='ltr'>alenus</span> <span class='ocrx_word' id='word_1_135' title='bbox 1051 1607 1119 1652; x_wconf 87' lang='lat' dir='ltr'>eam</span> <span class='ocrx_word' id='word_1_136' title='bbox 1133 1607 1197 1656; x_wconf 86' lang='lat' dir='ltr'>rem</span> 
     </span>
     <span class='ocr_line' id='line_1_17' title="bbox 214 1674 1199 1751; baseline 0.001 -15"><span class='ocrx_word' id='word_1_137' title='bbox 214 1674 348 1736; x_wconf 78' lang='lat' dir='ltr'>Achaeis</span> <span class='ocrx_word' id='word_1_138' title='bbox 363 1675 503 1749; x_wconf 87' lang='lat' dir='ltr'>stetisse,</span> <span class='ocrx_word' id='word_1_139' title='bbox 525 1690 594 1736; x_wconf 88' lang='lat' dir='ltr'>cum</span> <span class='ocrx_word' id='word_1_140' title='bbox 609 1675 780 1751; x_wconf 80' lang='lat' dir='ltr'>quingenos</span> <span class='ocrx_word' id='word_1_141' title='bbox 796 1674 940 1736; x_wconf 88' lang='lat' dir='ltr'>denarios</span> <span class='ocrx_word' id='word_1_142' title='bbox 955 1675 1087 1750; x_wconf 89' lang='lat' dir='ltr'>pretium</span> <span class='ocrx_word' id='word_1_143' title='bbox 1100 1675 1132 1735; x_wconf 93' lang='lat' dir='ltr'>in</span> <span class='ocrx_word' id='word_1_144' title='bbox 1146 1691 1199 1737; x_wconf 90' lang='lat' dir='ltr'>ea-</span> 
     </span>
     <span class='ocr_line' id='line_1_18' title="bbox 215 1758 1199 1837; baseline 0.001 -18"><span class='ocrx_word' id='word_1_145' title='bbox 215 1761 293 1837; x_wconf 85' lang='lat' dir='ltr'>pita,</span> <span class='ocrx_word' id='word_1_146' title='bbox 318 1761 402 1836; x_wconf 93' lang='lat' dir='ltr'>quod</span> <span class='ocrx_word' id='word_1_147' title='bbox 421 1759 601 1820; x_wconf 86' lang='lat' dir='ltr'>redderetur</span> <span class='ocrx_word' id='word_1_148' title='bbox 622 1758 769 1832; x_wconf 91' lang='lat' dir='ltr'>dominis,</span> <span class='ocrx_word' id='word_1_149' title='bbox 791 1758 979 1820; x_wconf 78' lang='lat' dir='ltr'>statuissent</span> <span class='ocrx_word' id='word_1_150' title='bbox 1014 1758 1096 1820; x_wconf 89' lang='lat' dir='ltr'>mille</span> <span class='ocrx_word' id='word_1_151' title='bbox 1116 1759 1199 1820; x_wconf 86' lang='lat' dir='ltr'>enirn</span> 
     </span>
     <span class='ocr_line' id='line_1_19' title="bbox 215 1841 1198 1919; baseline 0 -16"><span class='ocrx_word' id='word_1_152' title='bbox 215 1843 366 1905; x_wconf 90' lang='lat' dir='ltr'>ducentos</span> <span class='ocrx_word' id='word_1_153' title='bbox 384 1859 422 1904; x_wconf 88' lang='lat' dir='ltr'>ea</span> <span class='ocrx_word' id='word_1_154' title='bbox 437 1843 555 1904; x_wconf 91' lang='lat' dir='ltr'>ratione</span> <span class='ocrx_word' id='word_1_155' title='bbox 569 1843 687 1903; x_wconf 81' lang='lat' dir='ltr'>Achaia</span> <span class='ocrx_word' id='word_1_156' title='bbox 704 1841 818 1903; x_wconf 90' lang='lat' dir='ltr'>habuit.</span> <span class='ocrx_word' id='word_1_157' title='bbox 852 1843 940 1904; x_wconf 86' lang='lat' dir='ltr'>adice</span> <span class='ocrx_word' id='word_1_158' title='bbox 954 1858 1036 1903; x_wconf 87' lang='lat' dir='ltr'>nune</span> <span class='ocrx_word' id='word_1_159' title='bbox 1053 1858 1111 1918; x_wconf 90' lang='lat' dir='ltr'>pro</span> <span class='ocrx_word' id='word_1_160' title='bbox 1125 1859 1198 1919; x_wconf 91' lang='lat' dir='ltr'>por-</span> 
     </span>
     <span class='ocr_line' id='line_1_20' title="bbox 214 1925 1073 2003; baseline 0 -17"><span class='ocrx_word' id='word_1_161' title='bbox 214 1927 298 1989; x_wconf 92' lang='lat' dir='ltr'>tione</span> <span class='ocrx_word' id='word_1_162' title='bbox 313 1934 389 2003; x_wconf 91' lang='lat' dir='ltr'>quot</span> <span class='ocrx_word' id='word_1_163' title='bbox 401 1926 565 1987; x_wconf 89' lang='lat' dir='ltr'>verisimile</span> <span class='ocrx_word' id='word_1_164' title='bbox 579 1928 620 1987; x_wconf 91' lang='lat' dir='ltr'>sit</span> <span class='ocrx_word' id='word_1_165' title='bbox 634 1925 793 1987; x_wconf 85' lang='lat' dir='ltr'>Graeciam</span> <span class='ocrx_word' id='word_1_166' title='bbox 807 1932 901 1988; x_wconf 89' lang='lat' dir='ltr'>totam</span> <span class='ocrx_word' id='word_1_167' title='bbox 915 1926 1073 1988; x_wconf 90' lang='lat' dir='ltr'>habuisse.</span> 
     </span>
     <span class='ocr_line' id='line_1_21' title="bbox 299 2010 1195 2087; baseline 0.004 -17"><span class='ocrx_word' id='word_1_168' title='bbox 299 2011 442 2072; x_wconf 87' lang='lat' dir='ltr'>Nondum</span> <span class='ocrx_word' id='word_1_169' title='bbox 467 2019 637 2073; x_wconf 86' lang='lat' dir='ltr'>conventus</span> <span class='ocrx_word' id='word_1_170' title='bbox 663 2010 809 2072; x_wconf 90' lang='lat' dir='ltr'>dimissus</span> <span class='ocrx_word' id='word_1_171' title='bbox 834 2018 914 2087; x_wconf 91' lang='lat' dir='ltr'>erat,</span> <span class='ocrx_word' id='word_1_172' title='bbox 940 2026 1009 2072; x_wconf 90' lang='lat' dir='ltr'>cum</span> <span class='ocrx_word' id='word_1_173' title='bbox 1028 2012 1195 2087; x_wconf 89' lang='lat' dir='ltr'>respiciunt</span> 
     </span>
     <span class='ocr_line' id='line_1_22' title="bbox 215 2094 1196 2171; baseline 0.004 -17"><span class='ocrx_word' id='word_1_174' title='bbox 215 2094 405 2171; x_wconf 89' lang='lat' dir='ltr'>praesidium</span> <span class='ocrx_word' id='word_1_175' title='bbox 419 2094 457 2155; x_wconf 91' lang='lat' dir='ltr'>ab</span> <span class='ocrx_word' id='word_1_176' title='bbox 469 2094 694 2158; x_wconf 82' lang='lat' dir='ltr'>Acrocorintho</span> <span class='ocrx_word' id='word_1_177' title='bbox 710 2095 905 2156; x_wconf 89' lang='lat' dir='ltr'>descendens</span> <span class='ocrx_word' id='word_1_178' title='bbox 922 2094 1062 2170; x_wconf 90' lang='lat' dir='ltr'>protinus</span> <span class='ocrx_word' id='word_1_179' title='bbox 1074 2094 1146 2156; x_wconf 88' lang='lat' dir='ltr'>duei</span> <span class='ocrx_word' id='word_1_180' title='bbox 1157 2095 1196 2159; x_wconf 92' lang='lat' dir='ltr'>ad</span> 
     </span>
     <span class='ocr_line' id='line_1_23' title="bbox 214 2179 1197 2257; baseline 0 -16"><span class='ocrx_word' id='word_1_181' title='bbox 214 2187 335 2254; x_wconf 91' lang='lat' dir='ltr'>portam</span> <span class='ocrx_word' id='word_1_182' title='bbox 360 2186 454 2256; x_wconf 87' lang='lat' dir='ltr'>atque</span> <span class='ocrx_word' id='word_1_183' title='bbox 479 2180 573 2241; x_wconf 90' lang='lat' dir='ltr'>abire.</span> <span class='ocrx_word' id='word_1_184' title='bbox 605 2195 734 2257; x_wconf 92' lang='lat' dir='ltr'>quorum</span> <span class='ocrx_word' id='word_1_185' title='bbox 756 2194 864 2255; x_wconf 74' lang='lat' dir='ltr'>agnum</span> <span class='ocrx_word' id='word_1_186' title='bbox 885 2179 1053 2254; x_wconf 87' lang='lat' dir='ltr'>imperator</span> <span class='ocrx_word' id='word_1_187' title='bbox 1072 2188 1197 2241; x_wconf 90' lang='lat' dir='ltr'>secutus</span> 
     </span>
     <span class='ocr_line' id='line_1_24' title="bbox 214 2262 1198 2341; baseline 0.002 -18"><span class='ocrx_word' id='word_1_188' title='bbox 214 2264 477 2341; x_wconf 88' lang='lat' dir='ltr'>prosequentibus</span> <span class='ocrx_word' id='word_1_189' title='bbox 489 2265 616 2338; x_wconf 87' lang='lat' dir='ltr'>eunetis,</span> <span class='ocrx_word' id='word_1_190' title='bbox 630 2269 821 2325; x_wconf 88' lang='lat' dir='ltr'>servatorem</span> <span class='ocrx_word' id='word_1_191' title='bbox 830 2262 1088 2340; x_wconf 88' lang='lat' dir='ltr'>liberatoremque</span> <span class='ocrx_word' id='word_1_192' title='bbox 1098 2266 1198 2325; x_wconf 86' lang='lat' dir='ltr'>acela-</span> 
     </span>
     <span class='ocr_line' id='line_1_25' title="bbox 214 2347 1199 2423; baseline 0.001 -15"><span class='ocrx_word' id='word_1_193' title='bbox 214 2350 375 2423; x_wconf 88' lang='lat' dir='ltr'>mantibus,</span> <span class='ocrx_word' id='word_1_194' title='bbox 392 2348 531 2409; x_wconf 88' lang='lat' dir='ltr'>salutatis</span> <span class='ocrx_word' id='word_1_195' title='bbox 544 2347 743 2422; x_wconf 87' lang='lat' dir='ltr'>dimissisque</span> <span class='ocrx_word' id='word_1_196' title='bbox 756 2347 804 2422; x_wconf 91' lang='lat' dir='ltr'>iis,</span> <span class='ocrx_word' id='word_1_197' title='bbox 820 2347 926 2407; x_wconf 90' lang='lat' dir='ltr'>eadem</span> <span class='ocrx_word' id='word_1_198' title='bbox 939 2362 1001 2422; x_wconf 89' lang='lat' dir='ltr'>qua</span> <span class='ocrx_word' id='word_1_199' title='bbox 1011 2354 1138 2409; x_wconf 86' lang='lat' dir='ltr'>venerat</span> <span class='ocrx_word' id='word_1_200' title='bbox 1147 2347 1199 2409; x_wconf 91' lang='lat' dir='ltr'>via</span> 
     </span>
     <span class='ocr_line' id='line_1_26' title="bbox 193 2428 1199 2505; baseline 0.005 -18"><span class='ocrx_word' id='word_1_201' title='bbox 193 2431 342 2492; x_wconf 79' lang='lat' dir='ltr'>¹Elatiam</span> <span class='ocrx_word' id='word_1_202' title='bbox 361 2432 461 2491; x_wconf 90' lang='lat' dir='ltr'>rediit.</span> <span class='ocrx_word' id='word_1_203' title='bbox 493 2430 564 2489; x_wconf 93' lang='lat' dir='ltr'>inde</span> <span class='ocrx_word' id='word_1_204' title='bbox 585 2447 655 2491; x_wconf 90' lang='lat' dir='ltr'>eum</span> <span class='ocrx_word' id='word_1_205' title='bbox 677 2428 818 2491; x_wconf 88' lang='lat' dir='ltr'>omnibus</span> <span class='ocrx_word' id='word_1_206' title='bbox 839 2430 939 2505; x_wconf 86' lang='lat' dir='ltr'>copiis</span> <span class='ocrx_word' id='word_1_207' title='bbox 954 2432 1015 2505; x_wconf 83' lang='lat' dir='ltr'>Ap.</span> <span class='ocrx_word' id='word_1_208' title='bbox 1038 2430 1199 2493; x_wconf 79' lang='lat' dir='ltr'>Claudiurn</span> 
     </span>
     <span class='ocr_line' id='line_1_27' title="bbox 214 2513 1198 2591; baseline 0.002 -17"><span class='ocrx_word' id='word_1_209' title='bbox 214 2517 348 2588; x_wconf 80' lang='lat' dir='ltr'>legatum</span> <span class='ocrx_word' id='word_1_210' title='bbox 374 2514 501 2573; x_wconf 86' lang='lat' dir='ltr'>dimittit.</span> <span class='ocrx_word' id='word_1_211' title='bbox 534 2526 591 2587; x_wconf 90' lang='lat' dir='ltr'>per</span> <span class='ocrx_word' id='word_1_212' title='bbox 609 2513 799 2573; x_wconf 87' lang='lat' dir='ltr'>Thessaliam</span> <span class='ocrx_word' id='word_1_213' title='bbox 822 2520 915 2591; x_wconf 88' lang='lat' dir='ltr'>atque</span> <span class='ocrx_word' id='word_1_214' title='bbox 934 2514 1061 2591; x_wconf 84' lang='lat' dir='ltr'>Epirum</span> <span class='ocrx_word' id='word_1_215' title='bbox 1082 2513 1198 2577; x_wconf 87' lang='lat' dir='ltr'>ducere</span> 
     </span>
     <span class='ocr_line' id='line_1_28' title="bbox 216 2594 1197 2676; baseline 0.004 -20"><span class='ocrx_word' id='word_1_216' title='bbox 216 2596 338 2656; x_wconf 88' lang='lat' dir='ltr'>Oricum</span> <span class='ocrx_word' id='word_1_217' title='bbox 348 2596 438 2668; x_wconf 89' lang='lat' dir='ltr'>iubet,</span> <span class='ocrx_word' id='word_1_218' title='bbox 455 2600 547 2668; x_wconf 89' lang='lat' dir='ltr'>atque</span> <span class='ocrx_word' id='word_1_219' title='bbox 558 2594 599 2655; x_wconf 92' lang='lat' dir='ltr'>ibi</span> <span class='ocrx_word' id='word_1_220' title='bbox 609 2612 645 2656; x_wconf 90' lang='lat' dir='ltr'>se</span> <span class='ocrx_word' id='word_1_221' title='bbox 657 2596 806 2672; x_wconf 85' lang='lat' dir='ltr'>opperiri=</span> <span class='ocrx_word' id='word_1_222' title='bbox 822 2598 894 2658; x_wconf 89' lang='lat' dir='ltr'>inde</span> <span class='ocrx_word' id='word_1_223' title='bbox 905 2613 1040 2676; x_wconf 88' lang='lat' dir='ltr'>namque</span> <span class='ocrx_word' id='word_1_224' title='bbox 1050 2598 1082 2660; x_wconf 89' lang='lat' dir='ltr'>iu</span> <span class='ocrx_word' id='word_1_225' title='bbox 1093 2599 1197 2661; x_wconf 89' lang='lat' dir='ltr'>animo</span> 
     </span>
     <span class='ocr_line' id='line_1_29' title="bbox 214 2678 1196 2757; baseline 0.006 -18"><span class='ocrx_word' id='word_1_226' title='bbox 214 2695 286 2739; x_wconf 88' lang='lat' dir='ltr'>esse</span> <span class='ocrx_word' id='word_1_227' title='bbox 306 2678 474 2738; x_wconf 87' lang='lat' dir='ltr'>exereitum</span> <span class='ocrx_word' id='word_1_228' title='bbox 494 2678 524 2738; x_wconf 92' lang='lat' dir='ltr'>in</span> <span class='ocrx_word' id='word_1_229' title='bbox 543 2679 660 2740; x_wconf 86' lang='lat' dir='ltr'>Italiam</span> <span class='ocrx_word' id='word_1_230' title='bbox 679 2681 816 2742; x_wconf 89' lang='lat' dir='ltr'>traicere.</span> <span class='ocrx_word' id='word_1_231' title='bbox 848 2681 924 2743; x_wconf 89' lang='lat' dir='ltr'>etL.</span> <span class='ocrx_word' id='word_1_232' title='bbox 940 2682 1079 2757; x_wconf 83' lang='lat' dir='ltr'>Quinctio</span> <span class='ocrx_word' id='word_1_233' title='bbox 1100 2683 1196 2757; x_wconf 82' lang='lat' dir='ltr'>naut,</span> 
     </span>
     <span class='ocr_line' id='line_1_30' title="bbox 213 2763 1197 2840; baseline 0.004 -18"><span class='ocrx_word' id='word_1_234' title='bbox 213 2765 315 2838; x_wconf 82' lang='lat' dir='ltr'>legato</span> <span class='ocrx_word' id='word_1_235' title='bbox 331 2770 360 2823; x_wconf 92' lang='lat' dir='ltr'>el</span> <span class='ocrx_word' id='word_1_236' title='bbox 376 2764 532 2839; x_wconf 89' lang='lat' dir='ltr'>praelecto</span> <span class='ocrx_word' id='word_1_237' title='bbox 549 2763 675 2839; x_wconf 92' lang='lat' dir='ltr'>classis,</span> <span class='ocrx_word' id='word_1_238' title='bbox 697 2764 816 2840; x_wconf 90' lang='lat' dir='ltr'>scribit,</span> <span class='ocrx_word' id='word_1_239' title='bbox 837 2772 871 2828; x_wconf 88' lang='lat' dir='ltr'>ut</span> <span class='ocrx_word' id='word_1_240' title='bbox 885 2767 1043 2828; x_wconf 87' lang='lat' dir='ltr'>onerarias</span> <span class='ocrx_word' id='word_1_241' title='bbox 1057 2782 1098 2827; x_wconf 84' lang='lat' dir='ltr'>ex</span> <span class='ocrx_word' id='word_1_242' title='bbox 1112 2766 1197 2827; x_wconf 90' lang='lat' dir='ltr'>omni</span> 
     </span>
     <span class='ocr_line' id='line_1_31' title="bbox 215 2846 1195 2927; baseline 0.005 -20"><span class='ocrx_word' id='word_1_243' title='bbox 215 2846 361 2908; x_wconf 89' lang='lat' dir='ltr'>Graeciae</span> <span class='ocrx_word' id='word_1_244' title='bbox 377 2863 431 2907; x_wconf 88' lang='lat' dir='ltr'>ora</span> <span class='ocrx_word' id='word_1_245' title='bbox 443 2848 767 2910; x_wconf 89' lang='lat' dir='ltr'>eodcmeontraheret.</span> <span class='ocrx_word' id='word_1_246' title='bbox 789 2848 836 2909; x_wconf 92' lang='lat' dir='ltr'>LI.</span> <span class='ocrx_word' id='word_1_247' title='bbox 857 2848 1195 2927; x_wconf 82' lang='lat' dir='ltr'>ipsecualctdampro·</span> 
     </span>
     <span class='ocr_line' id='line_1_32' title="bbox 215 2930 1193 3005; baseline 0.007 -16"><span class='ocrx_word' id='word_1_248' title='bbox 215 2930 322 3005; x_wconf 88' lang='lat' dir='ltr'>iectus,</span> <span class='ocrx_word' id='word_1_249' title='bbox 343 2931 484 2994; x_wconf 89' lang='lat' dir='ltr'>deductis</span> <span class='ocrx_word' id='word_1_250' title='bbox 499 2948 560 2993; x_wconf 95' lang='lat' dir='ltr'>non</span> <span class='ocrx_word' id='word_1_251' title='bbox 575 2949 594 2994; x_wconf 89' lang='lat' dir='ltr'>a</span> <span class='ocrx_word' id='word_1_252' title='bbox 608 2932 752 2994; x_wconf 83' lang='lat' dir='ltr'>Chalcide</span> <span class='ocrx_word' id='word_1_253' title='bbox 766 2934 867 2995; x_wconf 89' lang='lat' dir='ltr'>solum</span> <span class='ocrx_word' id='word_1_254' title='bbox 880 2933 938 2995; x_wconf 91' lang='lat' dir='ltr'>sed</span> <span class='ocrx_word' id='word_1_255' title='bbox 953 2936 1045 2996; x_wconf 91' lang='lat' dir='ltr'>etiam</span> <span class='ocrx_word' id='word_1_256' title='bbox 1058 2935 1098 2995; x_wconf 90' lang='lat' dir='ltr'>ab</span> <span class='ocrx_word' id='word_1_257' title='bbox 1112 2932 1193 2996; x_wconf 86' lang='lat' dir='ltr'>Oreo</span> 
     </span>
     <span class='ocr_line' id='line_1_33' title="bbox 213 3016 1195 3093; baseline 0.005 -19"><span class='ocrx_word' id='word_1_258' title='bbox 213 3022 306 3089; x_wconf 92' lang='lat' dir='ltr'>atque</span> <span class='ocrx_word' id='word_1_259' title='bbox 320 3016 438 3077; x_wconf 85' lang='lat' dir='ltr'>Eretria</span> <span class='ocrx_word' id='word_1_260' title='bbox 450 3016 629 3093; x_wconf 86' lang='lat' dir='ltr'>praesidiis,</span> <span class='ocrx_word' id='word_1_261' title='bbox 646 3023 831 3079; x_wconf 89' lang='lat' dir='ltr'>conventum</span> <span class='ocrx_word' id='word_1_262' title='bbox 844 3018 887 3078; x_wconf 91' lang='lat' dir='ltr'>ibi</span> <span class='ocrx_word' id='word_1_263' title='bbox 900 3017 1107 3080; x_wconf 83' lang='lat' dir='ltr'>Euboicarum</span> <span class='ocrx_word' id='word_1_264' title='bbox 1121 3017 1195 3080; x_wconf 86' lang='lat' dir='ltr'>civi-</span> 
     </span>
     <span class='ocr_line' id='line_1_34' title="bbox 215 3098 1195 3177; baseline 0.005 -18"><span class='ocrx_word' id='word_1_265' title='bbox 215 3098 317 3159; x_wconf 87' lang='lat' dir='ltr'>tatium</span> <span class='ocrx_word' id='word_1_266' title='bbox 328 3099 442 3175; x_wconf 84' lang='lat' dir='ltr'>habuit,</span> <span class='ocrx_word' id='word_1_267' title='bbox 455 3101 690 3177; x_wconf 83' lang='lat' dir='ltr'>admonitusque</span> <span class='ocrx_word' id='word_1_268' title='bbox 700 3102 731 3160; x_wconf 94' lang='lat' dir='ltr'>in</span> <span class='ocrx_word' id='word_1_269' title='bbox 743 3118 804 3177; x_wconf 92' lang='lat' dir='ltr'>quo</span> <span class='ocrx_word' id='word_1_270' title='bbox 817 3108 898 3163; x_wconf 89' lang='lat' dir='ltr'>statu</span> <span class='ocrx_word' id='word_1_271' title='bbox 907 3116 1009 3163; x_wconf 91' lang='lat' dir='ltr'>rerum</span> <span class='ocrx_word' id='word_1_272' title='bbox 1021 3103 1195 3177; x_wconf 86' lang='lat' dir='ltr'>accepisset</span> 
     </span>
     <span class='ocr_line' id='line_1_35' title="bbox 153 3183 1195 3264; baseline 0.007 -24"><span class='ocrx_word' id='word_1_273' title='bbox 153 3261 155 3264; x_wconf 15' lang='grc' dir='ltr'>Ι</span> <span class='ocrx_word' id='word_1_274' title='bbox 213 3196 269 3241; x_wconf 87' lang='lat' dir='ltr'>cos</span> <span class='ocrx_word' id='word_1_275' title='bbox 285 3190 314 3243; x_wconf 91' lang='lat' dir='ltr'>el</span> <span class='ocrx_word' id='word_1_276' title='bbox 328 3184 359 3243; x_wconf 93' lang='lat' dir='ltr'>in</span> <span class='ocrx_word' id='word_1_277' title='bbox 375 3200 437 3259; x_wconf 92' lang='lat' dir='ltr'>quo</span> <span class='ocrx_word' id='word_1_278' title='bbox 452 3183 638 3259; x_wconf 92' lang='lat' dir='ltr'>relinqueret</span> <span class='ocrx_word' id='word_1_279' title='bbox 651 3183 772 3246; x_wconf 91' lang='lat' dir='ltr'>dimisit.</span> <span class='ocrx_word' id='word_1_280' title='bbox 796 3185 1021 3248; x_wconf 90' lang='lat' dir='ltr'>Demetriadem</span> <span class='ocrx_word' id='word_1_281' title='bbox 1034 3187 1108 3248; x_wconf 88' lang='lat' dir='ltr'>inde</span> <span class='ocrx_word' id='word_1_282' title='bbox 1120 3203 1195 3263; x_wconf 90' lang='lat' dir='ltr'>pro-</span> 
     </span>
    </p>
   </div>
   <div class='ocr_carea' id='block_1_4' title="bbox 213 3265 1295 3431">
    <p class='ocr_par' dir='ltr' id='par_1_4' title="bbox 213 3265 1295 3431">
     <span class='ocr_line' id='line_1_36' title="bbox 213 3265 1295 3347; baseline 0.007 -21"><span class='ocrx_word' id='word_1_283' title='bbox 213 3265 374 3336; x_wconf 84' lang='lat' dir='ltr'>flciseitur;</span> <span class='ocrx_word' id='word_1_284' title='bbox 397 3267 593 3343; x_wconf 90' lang='lat' dir='ltr'>deductoque</span> <span class='ocrx_word' id='word_1_285' title='bbox 612 3269 767 3344; x_wconf 89' lang='lat' dir='ltr'>praesidio</span> <span class='ocrx_word' id='word_1_286' title='bbox 789 3271 1050 3347; x_wconf 88' lang='lat' dir='ltr'>presequentibus</span> <span class='ocrx_word' id='word_1_287' title='bbox 1065 3270 1195 3346; x_wconf 87' lang='lat' dir='ltr'>cunctis,</span> <span class='ocrx_word' id='word_1_288' title='bbox 1293 3289 1295 3334; x_wconf 64' lang='lat' dir='ltr'>s</span> 
     </span>
     <span class='ocr_line' id='line_1_37' title="bbox 213 3347 1293 3431; baseline 0.003 -22"><span class='ocrx_word' id='word_1_289' title='bbox 213 3347 294 3411; x_wconf 88' lang='lat' dir='ltr'>sicut</span> <span class='ocrx_word' id='word_1_290' title='bbox 308 3348 441 3410; x_wconf 83' lang='lat' dir='ltr'>Corinthi</span> <span class='ocrx_word' id='word_1_291' title='bbox 461 3357 491 3411; x_wconf 90' lang='lat' dir='ltr'>et</span> <span class='ocrx_word' id='word_1_292' title='bbox 509 3349 667 3427; x_wconf 79' lang='lat' dir='ltr'>Chalcida,</span> <span class='ocrx_word' id='word_1_293' title='bbox 681 3353 788 3430; x_wconf 78' lang='lat' dir='ltr'>pergit</span> <span class='ocrx_word' id='word_1_294' title='bbox 806 3353 852 3414; x_wconf 91' lang='lat' dir='ltr'>ire</span> <span class='ocrx_word' id='word_1_295' title='bbox 871 3354 902 3415; x_wconf 94' lang='lat' dir='ltr'>in</span> <span class='ocrx_word' id='word_1_296' title='bbox 916 3355 1120 3431; x_wconf 82' lang='lat' dir='ltr'>Thessaliam,</span> <span class='ocrx_word' id='word_1_297' title='bbox 1141 3354 1195 3415; x_wconf 91' lang='lat' dir='ltr'>ubl</span> <span class='ocrx_word' id='word_1_298' title='bbox 1292 3403 1293 3412; x_wconf 73' lang='grc'>,</span> 
     </span>
    </p>
   </div>
   <div class='ocr_carea' id='block_1_5' title="bbox 214 3433 1193 3513">
    <p class='ocr_par' dir='ltr' id='par_1_5' title="bbox 214 3433 1193 3513">
     <span class='ocr_line' id='line_1_38' title="bbox 214 3433 1193 3513; baseline 0.008 -21"><span class='ocrx_word' id='word_1_299' title='bbox 214 3449 275 3493; x_wconf 94' lang='lat' dir='ltr'>non</span> <span class='ocrx_word' id='word_1_300' title='bbox 295 3433 472 3495; x_wconf 89' lang='lat' dir='ltr'>liberandae</span> <span class='ocrx_word' id='word_1_301' title='bbox 492 3436 585 3497; x_wconf 91' lang='lat' dir='ltr'>modo</span> <span class='ocrx_word' id='word_1_302' title='bbox 601 3436 738 3498; x_wconf 88' lang='lat' dir='ltr'>civitates</span> <span class='ocrx_word' id='word_1_303' title='bbox 754 3444 852 3513; x_wconf 92' lang='lat' dir='ltr'>erant,</span> <span class='ocrx_word' id='word_1_304' title='bbox 875 3440 933 3499; x_wconf 93' lang='lat' dir='ltr'>sed</span> <span class='ocrx_word' id='word_1_305' title='bbox 947 3439 1082 3500; x_wconf 85' lang='lat' dir='ltr'>exomni</span> <span class='ocrx_word' id='word_1_306' title='bbox 1098 3440 1193 3500; x_wconf 86' lang='lat' dir='ltr'>collu-</span> 
     </span>
    </p>
   </div>
   <div class='ocr_carea' id='block_1_6' title="bbox 212 3516 1291 3596">
    <p class='ocr_par' dir='ltr' id='par_1_6' title="bbox 212 3516 1291 3596">
     <span class='ocr_line' id='line_1_39' title="bbox 212 3516 1291 3596; baseline 0.006 -19"><span class='ocrx_word' id='word_1_307' title='bbox 212 3516 304 3578; x_wconf 84' lang='lat' dir='ltr'>vione</span> <span class='ocrx_word' id='word_1_308' title='bbox 325 3523 355 3578; x_wconf 87' lang='lat' dir='ltr'>et</span> <span class='ocrx_word' id='word_1_309' title='bbox 370 3518 551 3581; x_wconf 83' lang='lat' dir='ltr'>contusione</span> <span class='ocrx_word' id='word_1_310' title='bbox 570 3519 600 3579; x_wconf 92' lang='lat' dir='ltr'>in</span> <span class='ocrx_word' id='word_1_311' title='bbox 615 3520 749 3596; x_wconf 89' lang='lat' dir='ltr'>aliquam</span> <span class='ocrx_word' id='word_1_312' title='bbox 765 3521 955 3583; x_wconf 88' lang='lat' dir='ltr'>tolerabilem</span> <span class='ocrx_word' id='word_1_313' title='bbox 969 3523 1099 3584; x_wconf 81' lang='lat' dir='ltr'>formam</span> <span class='ocrx_word' id='word_1_314' title='bbox 1112 3523 1191 3583; x_wconf 52' lang='lat' dir='ltr'>redi*</span> <span class='ocrx_word' id='word_1_315' title='bbox 1290 3541 1291 3552; x_wconf 58' lang='lat'>¹</span> 
     </span>
    </p>
   </div>
   <div class='ocr_carea' id='block_1_7' title="bbox 0 0 1304 4000">
    <p class='ocr_par' dir='ltr' id='par_1_7' title="bbox 0 0 1304 4000">
     <span class='ocr_line' id='line_1_40' title="bbox 0 0 1304 4000; baseline 0 1"><span class='ocrx_word' id='word_1_316' title='bbox 0 0 1304 4000; x_wconf 95' lang='lat' dir='ltr'> </span> 
     </span>
    </p>
   </div>
  </div>
 </body>
</html>
