2600 4000
303 242 419 303 LIBER
429 243 533 303 XXXI.
557 240 639 302 cde.
654 251 753 337 aare.
777 249 857 316 [ac.
872 251 935 317 roo]
1063 244 1104 310 to

209 394 323 455 Consul
344 395 419 454 alter
440 409 509 453 erun
529 398 675 453 autumno
697 395 792 452 terme
810 401 917 455 exacto
932 395 963 455 in
978 398 1101 470 provin·

124 479 202 540 ciam
220 477 372 550 venisset,
395 476 478 538 eirea
496 475 694 552 Apolloniam
714 476 902 537 hibernabat.
937 478 975 538 ab
991 483 1101 555 classe,

123 577 204 639 quae
226 561 381 640 Corcyrae
401 560 552 621 subducta
576 566 654 635 erat,
680 559 711 620 C.
735 560 879 620 Claudius
901 560 1102 639 triremesque

122 647 293 719 Romanae,
318 645 398 706 sicut
421 653 491 705 ante
516 644 711 716 dictumest,
736 643 875 705 Athenas
899 644 1014 704 missae
1034 662 1102 707 eum

121 729 280 789 Piraeeum
294 728 516 804 pervenissent,
529 727 796 803 despondentibus
807 727 866 787 iam
878 727 998 788 animos
1009 731 1102 790 sociis

121 829 211 889 spem
225 813 377 887 ingentem
392 812 561 872 attulerant.
590 827 661 870 narn
675 819 705 872 et
719 816 879 873 terrestres
894 811 934 871 ab
949 812 1102 888 Corintho,

122 913 204 973 quae
223 910 280 971 per
293 895 419 970 Megara
437 894 631 956 incursiones
645 895 676 953 in
693 910 785 969 agros
799 894 866 955 lieri
880 895 990 956 solitae
1006 906 1101 972 erant,

119 997 182 1042 non
203 979 331 1052 fiebant,
353 985 384 1039 et
403 979 594 1054 praedonum
615 978 790 1039 aClralcide
810 994 921 1052 naves,
944 995 1025 1055 quae
1039 997 1101 1042 non

119 1079 204 1125 mare
229 1063 328 1123 solum
348 1062 492 1123 infestum
513 1061 680 1121 sedetiam
700 1062 797 1123 omnis
817 1063 984 1123 maritimos
1006 1080 1099 1140 agros

119 1145 359 1208 Atheniensibus
381 1144 531 1218 fecerant,
552 1160 614 1204 non
628 1145 721 1206 modo
737 1144 863 1206 Sunium
879 1162 1027 1222 superare
1041 1149 1100 1209 sed

118 1246 177 1291 nec
197 1235 284 1291 extra
298 1230 407 1289 fretum
420 1227 527 1302 Euripi
542 1229 729 1290 committere
742 1236 848 1305 aperto
863 1230 939 1290 mari
954 1246 989 1291 se
1004 1233 1098 1293 aude·

118 1315 199 1374 bant.
232 1318 478 1388 supervenerunt
501 1309 549 1372 liis
569 1317 632 1373 tres
651 1311 792 1373 Rhodiae
817 1313 1043 1391 quadriremes,
1070 1322 1099 1376 et

118 1403 205 1457 erant
217 1397 337 1458 Atticae
356 1401 420 1456 tres
440 1401 564 1471 apertae
584 1411 695 1468 naves,
718 1397 759 1456 ad
778 1397 911 1458 tuendos
931 1399 1097 1460 maritimos

118 1496 211 1556 agros
233 1484 436 1555 comparatae.
467 1479 525 1539 hae
540 1481 642 1540 classe
656 1480 684 1540 si
697 1480 773 1541 urbs
788 1479 916 1556 agrique
929 1482 1096 1543 Athenien·

117 1564 198 1625 sium
209 1564 453 1638 defenderentur,
461 1560 536 1623 satis
548 1561 579 1622 in
589 1563 767 1638 praesentia
778 1563 962 1625 existimanti
970 1564 1096 1626 Claudio

116 1663 190 1709 esse
202 1645 327 1708 maioris
343 1648 432 1708 etiam
446 1645 492 1708 rei
506 1647 628 1707 fortuna
642 1647 746 1707 oblata
759 1654 815 1707 est.
844 1647 948 1708 XXIII.
970 1650 1097 1708 exsules

116 1733 155 1792 ab
171 1731 327 1806 Chalcide,
348 1732 503 1806 regiorum
522 1728 639 1792 iniuriis
654 1731 752 1806 pulsi,
774 1731 938 1792 attulerunt
952 1732 1097 1806 occupari

116 1814 289 1876 Chalcidem
305 1814 372 1875 sine
387 1814 550 1876 certamine
563 1815 625 1874 ullo
640 1829 752 1889 posse:
775 1830 846 1875 nam
858 1821 889 1875 et
898 1815 1096 1892 Macedonas,

114 1897 188 1975 quia
199 1899 300 1960 nullus
310 1896 342 1958 in
352 1900 529 1975 propinquo
540 1899 580 1959 sit
589 1897 722 1958 hostiurn
733 1904 841 1974 metus,
855 1899 957 1974 vagari
969 1900 1095 1975 passim,

113 1989 144 2044 et
156 1982 331 2058 oppidanos
343 1981 498 2058 praesidio
504 1980 709 2043 Macedonum
720 1984 813 2045 fretos
826 1983 997 2045 custodiam
1008 1985 1094 2046 urbis

112 2068 287 2141 neglegere.
316 2066 365 2125 his
388 2064 564 2124 auctoribus
585 2066 744 2138 proiectus
766 2084 953 2142 quamquam
968 2067 1095 2128 Sunium

110 2152 154 2209 ita
165 2157 287 2208 mature
298 2152 531 2222 perveneratut
541 2146 613 2205 inde
622 2147 752 2220 provehi
763 2150 803 2208 ad
815 2150 930 2223 primas
938 2150 1096 2222 angustias

107 2232 263 2293 Euboeae
279 2233 395 2306 posset,
417 2245 457 2290 ne
472 2234 617 2303 superato
631 2230 842 2304 promuntorio
858 2230 1108 2306 conspiceretur,-

110 2318 248 2378 classem
258 2311 290 2372 in
298 2313 429 2375 statione
439 2311 586 2387 usquead
593 2318 715 2372 noctem
722 2313 831 2374 tenuit:
843 2312 950 2389 primis
961 2313 1095 2375 tenebris

109 2398 222 2469 movit;
259 2404 290 2458 et
317 2397 480 2473 tranquillo
508 2401 672 2471 pervectus
702 2395 873 2457 Chalcidem
903 2398 995 2474 paulo
1024 2403 1094 2459 ante

110 2484 226 2556 lucem,
250 2497 311 2556 qua
325 2479 605 2556 infrequentissima
618 2479 705 2542 urbis
720 2488 805 2556 sunt,
824 2482 933 2557 paucis
948 2480 1092 2544 militibus

110 2564 217 2626 taurim
237 2563 408 2639 proximam
428 2579 609 2639 murumque
625 2565 706 2625 cirea
720 2563 813 2625 scalis
829 2568 911 2641 cepit
922 2566 993 2625 alibi
1007 2565 1091 2641 sopi-

111 2650 149 2709 tis
166 2646 356 2723 custodibus,
378 2647 449 2707 alibi
466 2650 549 2709 nullo
565 2647 766 2709 custodiente.
789 2650 948 2725 progressi
963 2650 1036 2711 inde
1050 2651 1091 2709 ad

17 2797 18 2816 2
109 2730 282 2806 frequentia
292 2730 440 2794 aedificiis
451 2732 520 2792 loca
528 2732 708 2793 custodibus
719 2731 886 2794 interiectis
897 2735 1091 2808 retractoque

17 2847 19 2860 ι
107 2822 203 2892 porta
217 2820 349 2875 ceteram
364 2814 584 2876 multitudinem
601 2823 786 2877 armatorum
800 2824 994 2891 aeceperunt.
1019 2815 1091 2874 inde

17 2903 19 2912 ’
108 2901 139 2960 in
154 2905 250 2960 totam
259 2899 371 2972 vurbem
385 2898 558 2960 discursum
575 2904 623 2958 est
636 2906 726 2960 aucto
741 2899 831 2959 etiam
846 2901 989 2973 tumultu,
1005 2899 1090 2974 quod

108 2983 194 3043 circo
218 2983 317 3042 iorum
341 2981 420 3057 ignis
442 2981 529 3042 tectis
550 2981 679 3043 iniectus
701 2988 775 3043 erat.
811 2982 1041 3059 conflagrarunt
1060 2989 1091 3041 et

105 3066 224 3128 horrea
249 3064 334 3139 regia
357 3071 389 3125 et
411 3065 675 3127 armamentarium
703 3082 773 3127 cum
796 3064 911 3141 ingenti
939 3070 1091 3143 apparatu

107 3150 317 3210 machinarum
327 3154 614 3224 tormentorumque.
636 3150 750 3211 caedes
761 3149 833 3209 inde
844 3150 961 3225 passim
972 3150 1089 3224 fugien-

107 3234 184 3296 tium
200 3233 314 3309 pariter
333 3249 371 3294 ae
389 3232 623 3308 repugnantium
644 3234 711 3295 fieri
731 3241 842 3308 coepta
862 3240 918 3295 est.
953 3248 1011 3293 nee
1026 3232 1088 3291 ullo

106 3318 180 3392 iam,
196 3318 247 3393 qui
262 3314 398 3377 militaris
413 3316 521 3377 aetatis
538 3323 635 3391 esset,
657 3333 719 3377 non
733 3323 785 3378 aut
799 3332 892 3378 caeso
907 3323 960 3377 aut
973 3317 1088 3390 lugeto,

107 3399 244 3476 Sopatro
274 3398 363 3461 etiam
388 3400 549 3461 Acarnane
576 3400 732 3476 praefecto
758 3400 903 3476 praesidii
926 3400 1086 3460 interiecto

106 3483 229 3558 praeda
247 3481 345 3543 omnis
365 3482 465 3559 primo
487 3484 517 3542 in
538 3483 638 3544 iorum
659 3486 784 3557 collatu,
807 3483 918 3542 deinde
938 3484 970 3542 iu
991 3490 1087 3538 naves

840 3572 858 3623 Ἰ
867 3568 881 3597 ss
