2600 4000
437 666 582 762 'l'l'l'l
619 667 765 761 livi

393 817 446 878 AB
474 816 590 878 URBE
621 814 822 878 CONDITA

491 934 602 996 LIBER
621 931 726 992 XXXI.

132 1148 283 1204 EPITOME.
318 1149 382 1202 Belli
392 1151 515 1202 adversus
530 1152 675 1220 Philippum
689 1155 850 1204 Macedoniae
866 1168 962 1219 regem,
976 1155 1045 1218 qnod
1059 1152 1096 1203 in-

167 1221 312 1271 termissum
330 1226 393 1285 erat,
411 1221 512 1284 repetiti
529 1236 621 1273 oausae
638 1222 781 1274 referuntur
797 1223 862 1272 hae:
880 1230 995 1288 tempore
1011 1223 1094 1273 initio·

168 1303 226 1338 rum
250 1288 299 1338 duo
317 1288 422 1339 iuvenes
440 1289 600 1356 Acarnanes,
624 1294 736 1355 quinon
760 1291 852 1341 initiati
874 1298 960 1355 erant,
983 1290 1095 1340 Athenas

167 1366 298 1418 venerunt,
318 1364 343 1406 et
359 1357 498 1406 sacrarium
508 1357 604 1409 Cereris
622 1376 680 1410 eum
698 1361 754 1410 aliis
770 1359 937 1425 popularibus
953 1360 1007 1408 suis
1018 1360 1095 1409 intra-

169 1434 266 1476 verunt.
295 1425 328 1475 ob
351 1424 415 1486 hoo,
442 1434 569 1489 tamquam
591 1442 719 1479 summum
743 1429 816 1478 nefas
840 1429 1038 1491 commisissent,
1064 1428 1096 1478 ab

168 1493 367 1545 Atheniensibus
385 1495 461 1544 ooeisi
476 1504 544 1548 sunt.
569 1500 716 1548 Acarnanes
732 1498 855 1547 mortibus
866 1511 969 1547 suorum
978 1498 1095 1545 oommoti

172 1562 206 1613 nd
223 1563 389 1613 vindicandos
405 1563 461 1613 illos
479 1567 602 1615 auxilium
615 1566 758 1631 aniiippo
770 1567 905 1630 petierunt.
929 1565 1095 1630 paneismen·

169 1632 241 1681 sibus
257 1640 317 1696 post
331 1647 419 1696 paoem
429 1631 681 1699 Carthaginiensibus
701 1636 794 1698 datam,
811 1634 1014 1699 quingentesimo
1024 1633 1095 1694 quin·

168 1702 317 1766 quagesimo
336 1715 401 1750 anno
417 1702 449 1751 ab
466 1704 528 1752 urbe
546 1703 657 1768 condita,
675 1719 733 1753 oum
750 1701 951 1764 Atheniensium,
969 1702 1013 1763 qui
1031 1701 1096 1749 obsi-

170 1769 294 1819 debantur
309 1782 325 1817 a
341 1769 473 1836 Philippo,
497 1771 576 1837 legati
600 1771 723 1822 auxilium
740 1772 889 1820 aRomanis
910 1769 1049 1833 petissent,
1073 1777 1098 1816 et

171 1846 273 1887 senatus
289 1837 317 1887 id
333 1840 473 1888 censuisset
490 1839 631 1900 ferendum,
647 1841 732 1907 plebe,
751 1841 821 1902 quod
832 1847 869 1889 tot
887 1837 1010 1888 bellorum
1019 1839 1098 1887 eonti-

170 1921 236 1956 nnus
254 1906 327 1955 labor
343 1909 429 1972 gravis
445 1915 510 1974 erat,
528 1910 708 1970 dissentiente,
734 1909 815 1958 tenuit
830 1907 968 1958 auotoritas
987 1913 1098 1972 patrum,

170 1983 198 2026 ut
216 1977 303 2026 sociae
319 1974 415 2026 civitati
433 1976 493 2027 ferri
511 1992 586 2042 opem
604 1978 716 2043 populus
728 1978 943 2042 quoqueiuberet.
967 1976 1061 2026 bellum
1071 1974 1098 2024 id

169 2045 198 2093 P.
216 2042 329 2110 Sulpicio
347 2045 444 2094 consuli
460 2047 607 2095 mandatum
624 2057 676 2109 est,
693 2048 737 2109 qni
754 2047 907 2095 exercituin
924 2045 1098 2095 Macedoniam

170 2115 246 2163 duoto
265 2114 426 2174 equestribus
436 2113 542 2174 proeliis
553 2128 610 2162 oum
617 2113 734 2177 Philippo
747 2128 868 2177 prospere
878 2114 1011 2176 pugnavit.
1031 2113 1099 2174 Aby-

171 2182 231 2231 oeni
250 2196 266 2229 a
280 2179 398 2242 Philippo
416 2181 514 2227 obsessi
532 2182 566 2229 ad
583 2180 727 2242 exemplum
738 2180 937 2243 Saguntinorum
949 2194 1010 2228 suos
1021 2192 1100 2240 seque

174 2248 336 2306 ooqiderunt:
353 2245 382 2294 L.
400 2236 490 2295 Furia&
506 2255 607 2311 praetor
617 2245 704 2296 Gallos
721 2248 839 2296 Insubres
855 2245 1003 2295 rebellantes
1017 2253 1042 2293 et
1050 2246 1089 2293 Ha

172 2316 302 2366 miloarem
319 2315 430 2364 Poenum
448 2314 541 2365 bellum
559 2317 586 2364 in
603 2330 634 2364 ea
649 2323 722 2379 parte
740 2314 883 2364 molientem
893 2314 947 2362 acie
961 2314 1031 2365 vicit.
1052 2312 1101 2361 Ha-

171 2385 261 2435 milcar
277 2400 307 2434 eo
324 2383 390 2434 bollo
408 2385 505 2433 oooisus
524 2392 571 2449 est,
591 2391 615 2433 et
625 2384 697 2434 milia
706 2384 837 2433 hominum
844 2384 947 2447 triginta
956 2398 1010 2432 sex.
1028 2395 1100 2446 prae-

171 2464 243 2506 terea
260 2453 436 2519 expeditiones
453 2451 566 2518 Philippi
582 2453 651 2518 regis
669 2461 693 2504 et
709 2452 815 2518 Sulpicii
831 2451 951 2515 consulis,
971 2464 1101 2517 expugna-

171 2525 304 2586 tionesque
328 2523 429 2572 urbium
446 2522 478 2571 ab
497 2531 602 2585 utroque
624 2521 705 2572 laetas
721 2523 839 2572 eontinet.
868 2519 995 2585 Sulpicius
1012 2518 1100 2570 eonsnl

172 2592 265 2643 bellum
282 2592 387 2656 gerebat
404 2590 583 2641 adiuvantibus
601 2605 663 2656 rege
680 2592 807 2641 Attaloet
822 2589 938 2641 Rhodiis.
960 2588 1089 2655 triumpha

172 2662 208 2711 vit
226 2662 257 2711 de
277 2659 353 2710 Gallis
371 2659 401 2708 L.
420 2660 511 2708 Furius
529 2667 638 2723 praetor.

208 2774 230 2832 l.
252 2773 303 2832 Me
325 2788 451 2847 quoque
470 2773 567 2847 iuvat,
588 2775 672 2832 velut
691 2773 760 2847 ipse
781 2772 811 2830 in
833 2780 920 2846 parte
935 2770 1049 2830 laboris
1064 2788 1100 2831 ao

122 2857 248 2936 periculi
260 2857 377 2929 fuerim,
393 2856 433 2915 ad
444 2856 535 2915 finem
546 2857 618 2916 belli
628 2856 733 2916 Punici
749 2856 939 2930 pervenisse.
961 2871 1031 2914 nam
1043 2857 1101 2914 etsi

121 2941 260 3019 profiteri
284 2956 393 3001 ausum
417 2940 659 3015 perscripturum
682 2955 733 2999 res
759 2938 857 2998 omnis
877 2939 1048 3007 Romanas,
1070 2936 1100 2995 in

122 3025 261 3102 partibus
283 3024 411 3098 singulis
432 3023 506 3083 tanti
528 3023 630 3099 operis
652 3024 771 3097 fatigari
792 3023 914 3082 minime
929 3020 1100 3094 conveniat,

122 3118 224 3171 tamen
246 3123 314 3168 eum
334 3108 365 3166 in
385 3113 516 3167 mentem
537 3109 620 3167 venit
638 3112 701 3167 tres
723 3115 754 3166 et
766 3106 927 3180 sexaginta
948 3119 1046 3164 annos
1059 3131 1101 3143 -

123 3200 169 3254 tot
190 3192 270 3252 enirn
290 3197 394 3251 sunta
404 3190 503 3266 primo
518 3190 633 3251 Punico
656 3191 697 3250 ad
717 3190 887 3250 secundum
907 3188 1019 3248 bellum
1034 3186 1101 3246 fini-

125 3286 185 3339 tum
199 3307 244 3319 -
257 3291 356 3351 aeque
369 3276 463 3335 multa
477 3275 810 3348 voluminaocoupasse
821 3271 904 3347 mibi,
913 3290 1004 3347 quarn
1013 3288 1101 3332 oceu-

126 3361 265 3437 paverint
273 3357 486 3434 quadringenti
498 3358 769 3432 duodenenaginta
779 3356 850 3415 anni
862 3373 881 3415 a
893 3357 1015 3415 condita
1025 3355 1101 3413 urbe

126 3445 242 3588 adTAp.1
244 3443 413 3586 xSlapppppnlr
408 3444 594 3584 Vconsulem,
611 3442 662 3517 qui
676 3442 806 3516 primurn
820 3440 931 3578 bellpm
946 3434 1095 3506 carthagi
