2600 4000
285 245 399 307 LIBER
412 245 516 307 XXXI.
540 245 623 307 CAP-
638 255 682 310 30.
692 254 737 308 et.
760 254 796 321 [a.
814 254 847 312 c.
862 255 926 323 200]
1053 249 1095 313 27

121 417 191 480 quc,
213 403 303 462 talem
318 417 402 477 eum,
418 400 445 462 si
459 401 556 476 liccat,
572 401 724 461 Aetoliam
740 401 960 478 Graeciamque
975 421 1095 469 omnem

121 486 275 546 facturum.
303 483 388 546 urbis
404 500 531 560 quoque
545 500 621 545 suae
636 484 766 545 similem
780 485 1002 547 deformitatem
1016 490 1095 552 futu·

117 585 179 630 ram
196 569 308 646 fuisse,
329 569 389 630 nisi
403 569 533 629 Romani
549 568 777 629 subvenissent.
809 568 919 629 eodem
934 571 1014 631 enim
1030 590 1095 635 sce-

116 653 177 713 lere
192 655 301 714 urbem
321 653 450 714 colentis
470 653 547 713 deos
568 652 808 728 praesidemque
828 653 910 713 arcis
930 653 1096 718 Minervam

118 737 246 814 petitam,
259 739 368 799 eodem
379 737 554 799 Eleusiniae
566 737 687 797 Cereris
697 738 853 812 templum,
865 737 1097 802 eodemPiraeei

117 818 215 883 lovem
234 821 481 896 Minervamque:
511 820 568 880 sed
589 821 628 880 ab
649 837 756 880 eorum
777 837 839 881 non
860 824 983 896 templis
1004 825 1096 886 modo

117 905 169 966 sed
189 907 283 967 etiam
302 906 465 967 moenibus
485 905 516 965 vi
538 910 632 979 atque
653 905 744 964 armis
765 907 925 981 repulsum
946 905 976 965 in
992 923 1030 968 ea
1044 909 1096 969 de·

114 986 212 1066 lubra,
235 1005 317 1066 quac
338 991 405 1051 sola
420 989 569 1064 religione
583 993 648 1048 tnta
664 988 788 1063 fuerint,
811 990 961 1050 saevisse.
993 991 1096 1067 itaque

116 1088 148 1133 se
162 1090 251 1135 orare
274 1082 366 1148 atque
387 1074 554 1135 obsecrare
568 1073 712 1146 Aetolos,
734 1080 768 1134 ut
787 1072 914 1133 miseriti
928 1075 1094 1137 Athenien-

115 1157 204 1234 sium,
231 1159 364 1219 ducibus
387 1156 447 1217 diis
468 1156 704 1232 immortalibus,
726 1156 837 1218 deinde
857 1158 1019 1237 Romanis,
1042 1161 1094 1237 qui

114 1242 281 1302 secundum
296 1242 374 1302 deos
390 1241 554 1317 plurimum
567 1249 704 1316 possent,
721 1240 833 1301 bellum
848 1243 1052 1319 susciperent.

191 1326 298 1386 XXXI.
321 1327 396 1386 Tum
406 1326 564 1386 Romanus
579 1327 698 1400 legatus
714 1332 829 1399 „totam
844 1325 991 1388 orationis
1005 1345 1093 1391 meae

113 1410 238 1470 formam
258 1409 448 1471 Macedones
468 1409 613 1485 primum,
639 1410 752 1469 deinde
771 1410 977 1472 Athenienses
998 1421 1093 1474 muta·-

111 1502 187 1557 runt.
216 1511 290 1554 nam
306 1501 336 1554 et
349 1492 547 1569 Macedones,
570 1511 640 1555 cum
655 1493 695 1553 ad
711 1496 946 1569 conquerendas
961 1495 1092 1572 Philippi

110 1577 235 1640 iniurias
255 1576 288 1638 in
309 1584 355 1640 tot
374 1579 476 1639 socias
497 1578 587 1640 nobis
605 1578 701 1640 urbes
715 1578 886 1652 venissem,
908 1581 988 1641 ultro
1004 1597 1092 1640 accur

111 1663 206 1725 sando
227 1663 402 1737 Romanos,
429 1661 641 1723 defensionem
666 1669 699 1722 ut
720 1662 918 1722 accusatione
943 1664 1093 1737 potiorem

109 1744 254 1808 haberem
275 1746 457 1818 effecerunt,
491 1753 521 1807 et
540 1746 747 1806 Athenienses
781 1746 813 1807 in
847 1747 925 1807 deos
961 1762 1092 1822 superos

111 1828 288 1906 inferosque
298 1830 432 1890 nefanda
443 1837 536 1906 atque
547 1831 840 1891 inhumanascelera
852 1829 918 1890 eius
930 1831 1092 1893 referendo

111 1914 182 1989 quid
203 1914 277 1974 mihi
301 1921 354 1975 aut
371 1912 514 1990 cuiquam
534 1917 737 1992 reliquerunt,
765 1915 851 1990 quod
872 1915 995 1976 obicere
1014 1918 1093 1977 ultra

109 1998 250 2074 pessima
271 1999 379 2059 eadem
392 1997 471 2059 haec
484 1999 595 2061 Cianos
606 2001 779 2077 Abydenus
788 1999 914 2061 Aeneos
925 1999 1091 2062 Maronitas

107 2082 240 2144 Thasios
268 2082 375 2141 Parios
405 2080 526 2142 Samios
550 2083 732 2142 Larisenses
756 2083 930 2144 Messenios
958 2084 1030 2143 hinc
1054 2101 1093 2144 ex

107 2166 230 2226 Achaia
255 2164 427 2223 existimate
454 2165 558 2237 queri,
589 2164 733 2239 graviora
757 2166 848 2225 etiam
873 2166 1093 2241 acerbioraque

107 2265 176 2321 eos,
191 2246 304 2322 quibus
317 2245 450 2307 nocendi
461 2247 607 2308 maiorem
618 2248 792 2307 facultatem
802 2246 916 2307 habuit.
933 2264 1002 2307 nam
1011 2252 1093 2322 quod

108 2333 148 2393 ed
163 2346 204 2391 ea
223 2331 330 2392 attinet
349 2346 431 2475 quac
451 2330 541 2393 nobis
563 2331 688 2406 obiecit,
710 2329 769 2390 nisi
790 2331 887 2406 gloria
907 2332 999 2407 digna
1014 2342 1092 2407 sunt,

109 2416 209 2477 fateor
224 2431 262 2476 ea
278 2417 348 2476 dcfe
371 2416 402 2476 di
416 2432 477 2477 non
493 2432 599 2492 posse.
620 2416 749 2491 Regium
765 2423 795 2476 et
810 2416 943 2492 Capuam
959 2423 989 2477 et
999 2416 1091 2496 Syra·

111 2514 203 2561 cusas
224 2500 316 2561 nobis
338 2499 458 2561 obiecit.
491 2502 621 2577 Regium
634 2500 744 2579 Pyrrhi
764 2500 844 2561 bello
864 2500 944 2576 legio
959 2518 978 2561 a
991 2502 1091 2575 nobis,

111 2579 235 2660 Reginis
242 2584 320 2659 ipsis
332 2591 366 2645 ut
376 2584 563 2647 mitteremus
576 2584 743 2660 orantibus,
751 2585 781 2644 in
790 2585 978 2661 praesidium
986 2586 1090 2661 missa,

110 2669 217 2730 urbem
233 2668 273 2729 ad
290 2685 382 2744 quam
397 2668 622 2731 defendendam
636 2672 732 2731 missa
746 2678 819 2743 erat,
834 2686 892 2746 per
904 2672 1007 2734 scelus
1019 2688 1091 2747 pos-

110 2752 198 2813 sedit.
232 2752 501 2828 comprobavimus
523 2770 597 2829 ergo
618 2754 649 2813 id
671 2753 813 2814 facinusf
834 2772 873 2814 an
888 2755 968 2816 bello
985 2772 1090 2832 perse-

112 2836 169 2898 cuti
184 2838 367 2897 sceleratam
378 2837 537 2913 legionem,
553 2838 583 2897 in
595 2844 777 2913 potestatem
789 2845 926 2899 nostram
936 2840 1091 2900 redactam

110 2924 195 2996 tergo
209 2927 240 2981 et
254 2921 425 2981 cervicibus
447 2938 565 2998 poenas
587 2921 681 2983 sociis
700 2922 836 2998 pendere
851 2939 918 2983 cum
935 2924 1090 2998 coegisse-

111 3016 193 3078 mus,
214 3005 321 3065 urbem
343 3021 436 3080 agros
457 3022 577 3082 suaque
599 3006 701 3066 omnia
721 3022 789 3067 cum
804 3006 943 3067 libertate
957 3008 1088 3082 legibus·

113 3102 170 3161 que
184 3088 311 3163 Reginis
332 3089 543 3151 reddidimus?
566 3089 772 3168 Syracusanis
795 3092 956 3167 oppressis
977 3092 1015 3151 ab
1037 3107 1088 3150 ex·

111 3172 203 3233 ternis
215 3173 364 3250 tyrannis,
377 3190 439 3249 quo
453 3174 607 3250 indignius
619 3182 712 3246 esset,
726 3191 794 3236 cnm
806 3175 980 3236 tulissemus
990 3190 1089 3250 opem,

112 3259 140 3314 et
152 3257 267 3332 fatigati
288 3273 387 3334 prope
409 3274 465 3333 per
480 3259 640 3320 triennium
656 3266 737 3319 terra
750 3260 888 3333 marique
902 3260 979 3320 urbe
992 3260 1089 3319 mnni-

112 3336 225 3401 tfssima
246 3343 454 3417 oppugnanda
475 3359 632 3417 essemus,
654 3359 722 3405 cunt
744 3345 803 3403 iam
824 3342 884 3418 ipsi
901 3343 1089 3421 Syracusani

112 3424 224 3485 servire
238 3427 378 3505 tyrannis
394 3443 486 3503 quam
498 3429 566 3503 capi
579 3444 597 3487 a
609 3428 700 3489 nobis
711 3429 843 3500 mallent,
859 3434 979 3501 captam
991 3424 1089 3483 isdem

110 3507 199 3569 armis
225 3516 255 3572 ct
285 3508 443 3571 liberatam
470 3511 578 3571 urbem
606 3510 805 3571 reddidimus.
848 3524 949 3580 nequa
977 3502 1089 3563 infitias
