2600 4000
339 211 452 273 LIBER
466 211 572 274 XXXI.
595 213 680 276 cAP.
693 222 738 278 29·
761 221 797 288 [a.
810 222 842 273 C.
854 221 920 289 ²⁰⁰]
1072 219 1114 282 25

130 362 222 441 iegati
243 363 300 424 iter
320 367 544 441 accelerarunt,
570 372 600 426 et
620 381 640 425 a
661 368 790 428 consule
816 368 930 429 missus
949 370 983 430 L.
1002 372 1112 437 Furius

130 448 280 524 Purpurio
302 448 423 523 legans
442 448 535 510 venit.
573 448 808 511 Atheniensium
829 467 953 528 quoque
968 455 1058 531 iegati
1072 460 1110 519 ad

129 532 162 592 td
176 529 339 592 concilium
354 540 561 594 occurrerunt.
598 532 689 610 primi
702 534 902 610 Macedones,
918 552 987 597 cum
1001 540 1111 613 quibus

127 615 374 676 recentissimum
388 614 499 678 foedus
515 623 588 690 erat,
604 617 699 678 auditi
715 625 796 679 sunt.
822 615 875 694 qui
889 620 972 680 nulia
985 637 1067 684 nova
1079 640 1113 685 re

126 697 204 760 nihil
224 715 259 760 se
280 698 353 761 novi
373 699 504 774 habere,
527 701 611 781 qued
628 702 800 775 adferrent,
820 700 978 765 dixeram
1001 706 1113 781 quibus

127 782 209 844 eninr
231 783 270 844 de
292 783 394 844 causis
415 791 544 860 experta
564 781 662 845 inutili
683 783 830 846 societate
849 786 990 849 Romana
1003 804 1113 864 pacem

126 884 198 928 cum
208 866 349 948 Phiiippo
365 868 521 943 iecissent,
536 866 740 942 compositam
754 871 849 930 semei
863 886 974 945 pacem
985 888 1112 935 servare

126 967 184 1013 eos
202 950 327 1012 debere.
361 968 420 1026 „an
435 949 567 1013 imitari‘
587 950 686 1026 inquit
699 968 780 1014 unus
794 969 835 1014 ex
848 953 958 1030 legatis
978 958 1109 1032 „Roma-

125 1051 237 1096 norum
251 1033 417 1108 licentiam,
434 1052 473 1095 an
489 1033 642 1096 levitatem
657 1035 766 1112 dicam,
780 1038 945 1099 mavultis?
971 1041 1023 1117 qui
1039 1058 1109 1104 cum

125 1119 236 1196 legalis
255 1118 368 1184 vestris
383 1120 501 1180 Romae
523 1120 706 1194 responderi
722 1120 764 1181 ila
777 1120 959 1185 iussissent:
981 1126 1056 1200 quid
1070 1126 1108 1186 ad

126 1220 186 1264 nos
208 1202 334 1278 venitis,
354 1203 473 1277 Aetoli,
495 1201 564 1262 sine
579 1220 709 1279 quorum
723 1206 902 1268 auctoritate
917 1222 1024 1283 pacem
1041 1226 1108 1270 cum

126 1287 270 1364 Phiiippo
289 1284 428 1348 iecistist
449 1285 532 1347 idem
552 1303 634 1348 nunc
654 1296 687 1351 ut
709 1289 821 1350 beilum
836 1305 942 1352 secum
958 1292 1109 1356 adversus

123 1370 299 1447 Philippum
314 1369 429 1447 geratis
442 1372 608 1447 postulant.
644 1381 675 1434 el
688 1379 779 1434 antea
791 1380 920 1450 propter
933 1392 991 1436 vos
1006 1384 1038 1439 et
1050 1393 1108 1452 pro

123 1455 214 1517 vobis
235 1471 320 1515 arma
340 1462 464 1530 sumpta
484 1456 634 1517 adversus
649 1473 720 1518 eum
734 1455 932 1521 simulabant:
954 1476 1035 1523 nunc
1050 1476 1108 1521 vos

123 1538 155 1600 in
170 1554 249 1616 pace
263 1555 336 1601 esse
351 1555 420 1600 cum
434 1537 577 1615 Phiiippo
591 1538 765 1616 prohibent.
796 1542 961 1604 Messanae
975 1552 1009 1606 ut
1023 1544 1108 1603 auxi-

123 1622 166 1683 lio
188 1631 309 1698 essent,
329 1622 428 1701 primo
448 1622 479 1683 in
502 1623 636 1707 Siciliam
657 1626 928 1696 transcenderunt;
954 1626 1063 1688 iterun
1076 1633 1110 1687 ut

124 1707 300 1786 Syracusas
322 1724 492 1784 oppressas
514 1708 553 1767 ab
569 1708 871 1783 Carthaginiensibus
886 1708 918 1768 in
938 1707 1108 1770 libertatem

123 1792 307 1853 eximerent:
330 1799 360 1852 et
373 1791 551 1854 Messanam
570 1798 601 1853 et
617 1791 794 1871 Syracusas
814 1800 844 1854 et
865 1799 960 1854 totam
974 1791 1108 1854 Siciliam

11 1880 13 1935 ι
122 1876 184 1951 ipsi
199 1875 321 1949 habent,
337 1874 581 1952 vectigalemque
596 1874 789 1952 provinciam
799 1877 961 1938 securibus
972 1885 1003 1939 et
1016 1875 1107 1937 iasci-

121 1960 181 2021 bus
194 1957 399 2022 subiecerunt.
415 1957 534 2022 scilicet
545 1958 623 2022 sicut
633 1976 692 2022 vos
702 1959 853 2037 Naupacti
864 1959 983 2037 iegibus
995 1960 1108 2025 vestris

121 2060 181 2119 por
194 2041 393 2119 magistratus
405 2042 525 2103 avobis
537 2051 659 2103 creatos
671 2045 833 2106 conchium
844 2045 972 2120 habetis,
988 2046 1108 2107 socium

120 2127 310 2201 hostemque
330 2126 427 2185 iibere
447 2140 540 2200 quem
559 2125 660 2185 velitis
674 2125 797 2198 lecturi,
820 2142 929 2201 pacem
943 2145 981 2187 ac
994 2129 1108 2188 beilum

119 2208 250 2271 arbitrio
271 2207 403 2268 habituri
423 2212 545 2281 vestro,
567 2205 613 2267 sic
631 2206 805 2267 Siculorum
826 2207 1000 2270 civilatibus
1015 2208 1109 2287 Syra·

121 2309 217 2356 cusas
239 2298 292 2354 aut
303 2291 481 2352 Messanam
502 2298 555 2353 aut
567 2290 750 2368 Lilybaemn
769 2290 912 2353 indicitur
932 2290 1109 2353 conciliumt

121 2385 247 2455 praetor
258 2377 417 2438 Romanus
430 2382 602 2438 conventus
614 2373 691 2451 agit3
715 2391 753 2437 eo
762 2372 891 2452 imperio
903 2376 1023 2438 evocati
1036 2392 1108 2438 con·

120 2460 261 2533 veniunt3
295 2462 423 2523 excelso
444 2461 475 2520 in
497 2466 647 2537 suggestu
672 2460 808 2536 superba
831 2458 898 2521 iura
917 2461 1107 2536 reddentem,

121 2545 264 2621 stipatum
284 2543 441 2607 lictoribus
457 2544 577 2618 vident;
602 2543 707 2620 virgae
721 2552 817 2621 tergo,
839 2559 965 2622 secures
979 2543 1106 2607 cervici-

120 2629 179 2690 bus
195 2628 369 2700 immineam
393 2635 424 2691 et
444 2627 609 2705 quotannis
624 2628 718 2690 aliurn
734 2636 827 2705 atque
841 2628 935 2690 alium
950 2628 1107 2691 dominum

122 2711 300 2775 sortiuntur.
332 2729 391 2774 uec
405 2714 436 2773 id
450 2712 554 2774 mirari
569 2712 682 2774 debent
696 2721 748 2775 aut
762 2720 903 2788 possunt,
919 2728 988 2773 cum
1002 2711 1107 2773 itaiiae

121 2796 230 2873 urbes,
250 2796 381 2873 Regium
395 2797 558 2857 Tarentum
574 2796 725 2872 capuam,
747 2812 787 2857 ne
800 2794 960 2869 finitimas,
977 2811 1106 2871 quarum

119 2878 220 2962 ruinis
241 2880 337 2941 crevit
357 2881 433 2942 urbs
446 2881 559 2955 Roma,
580 2879 750 2954 nominem,
772 2878 873 2940 eidem
892 2876 1047 2940 subiectas
1061 2876 1106 2938 vi-

120 2964 215 3025 deant
232 2962 370 3041 imperio.
403 2963 508 3039 Capua
522 2964 662 3041 quidem,
683 2965 859 3040 sepulcrum
873 2979 911 3023 ac
925 2977 1106 3023 monumen-

121 3054 184 3109 tum
201 3047 347 3125 Campaui
368 3048 491 3125 populi,
512 3050 592 3110 elato
614 3056 645 3109 et
659 3045 773 3109 extorri
788 3047 888 3108 eiecto
903 3045 974 3121 ipso
988 3045 1106 3122 populo

120 3138 279 3208 superest,
300 3133 376 3193 urbs
395 3140 516 3205 banca,
539 3131 606 3193 sine
621 3139 746 3202 senatu,
762 3130 830 3191 sine
843 3129 945 3206 plebe,
961 3127 1028 3189 sine
1042 3143 1105 3186 ma·

118 3214 315 3291 gistratibus,
334 3214 526 3292 prodigium,
540 3214 647 3276 relicta
664 3212 817 3277 crudelius
833 3211 1000 3273 habitanda
1014 3226 1107 3286 quam

120 3297 147 3360 si
169 3300 272 3362 deleta
293 3302 381 3361 ieret.
413 3300 499 3361 iuror
518 3306 582 3373 est,
603 3297 631 3359 si
646 3296 837 3371 alienigenae
856 3292 1013 3366 homines,
1035 3294 1106 3368 pius

119 3381 224 3458 lingua
248 3392 278 3446 et
297 3384 434 3445 moribus
458 3391 491 3445 et
513 3381 633 3457 iegibus
661 3396 754 3457 quam
777 3379 871 3440 maris
896 3385 1107 3445 terrarumque

118 3465 223 3544 spatio
239 3466 374 3542 discreti,
394 3467 474 3528 haec
487 3464 655 3538 tenuerint,
672 3479 800 3540 sperare
815 3460 980 3537 quicquam
995 3453 1106 3515 eedem
