2600 4000
216 237 332 297 Llltalt
342 237 475 298 xxxvl.
500 236 1017 320 cni).1.a.[l.u.0.oo1.a.c.1sli
1046 242 1107 308 sal

181 391 209 441 lu
232 390 388 440 deditionem
414 390 513 455 accepit
537 398 562 439 et
584 389 616 440 de
642 390 675 439 iis
698 389 872 455 triumphavit.
907 400 1039 457 praeterea
1064 411 1109 448 ua-

182 458 410 577 :ea‘liepunotegamlna
433 472 557 524 prospera
582 458 706 508 adversus
734 457 877 524 praefectos
901 459 1019 521 Antiochi
1040 467 1108 532 regis

215 643 238 701 l.
263 641 296 701 P.
312 642 485 704 cornelium
500 643 553 703 Cn.
568 644 664 704 lilium
680 640 857 716 Scipionem
871 650 901 704 et
914 641 964 703 Μ’.
978 645 1109 710 Acilium

129 725 326 787 Glabrionem
340 726 485 787 consules
499 727 574 789 inito
588 725 766 802 magistratu
786 732 906 802 patres,
928 728 1108 806 priusquam

129 810 170 870 (le
183 809 350 886 provinciis
365 817 506 885 agerent,
527 826 579 871 res
600 810 720 871 divinas
742 810 845 870 lacere
865 810 1032 875 maioribus
1053 815 1108 878 ho·
1133 882 1135 885 ,

130 893 197 954 stiis
211 893 367 954 iusserunt
380 894 411 953 in
432 894 573 956 omnibus
594 895 686 969 lanis,
706 894 738 953 in
759 893 869 970 quibus
890 895 1109 959 lectisternium

130 977 277 1038 maiorem
291 984 408 1052 partem
422 978 494 1037 anni
509 979 575 1039 lieri
590 979 684 1053 solet,
698 978 895 1054 precarique,
917 981 1001 1055 quod
1019 998 1107 1043 sena·-

129 1067 179 1122 tus
194 1062 234 1122 de
247 1076 328 1122 novo
343 1060 423 1122 bello
439 1062 470 1121 ln
485 1061 586 1124 anino
600 1062 741 1135 haberet,
756 1069 790 1123 ut
800 1076 838 1122 ea
851 1077 902 1123 res
918 1066 1037 1127 senatui
1052 1082 1107 1141 po-

130 1147 267 1221 puloque
279 1145 419 1207 Romano
433 1145 513 1206 bene
527 1153 620 1223 atque
639 1146 767 1207 feliciter
781 1146 925 1208 eveniret.
952 1163 991 1208 ea
1006 1150 1107 1211 omnia

129 1228 281 1290 sacrificia
293 1230 372 1289 laeta
385 1231 520 1304 luerunt,
543 1228 713 1306 primisque
732 1229 840 1291 hostiis
863 1230 1034 1313 perlitatum
1049 1242 1105 1308 est,

55 1354 57 1356 -
129 1319 160 1373 et
173 1312 214 1373 ita
229 1312 411 1388 haruspices
425 1316 667 1390 responderunt,
691 1330 728 1376 eo
742 1314 823 1376 bello
839 1316 984 1378 terminos
1000 1319 1106 1395 popull

129 1397 257 1463 Romani
270 1398 446 1473 propagari,
461 1399 618 1460 victoriam
630 1414 667 1459 ac
677 1398 862 1481 triumphum
878 1402 1008 1462 ostendi.
1029 1401 1107 1464 haec

129 1487 199 1540 cum
212 1481 382 1542 renuntiata
396 1491 515 1558 essent,
531 1483 640 1545 solutis
654 1482 803 1560 religione
816 1484 925 1545 animis
938 1492 1042 1561 patres
1055 1502 1105 1546 ro·

128 1564 281 1640 gallonem
295 1566 335 1625 ad
349 1568 497 1642 populum
511 1568 582 1628 lerri
603 1568 774 1644 iusserunt,
795 1569 909 1629 vellent
926 1568 1106 1630 iuberentne

129 1662 198 1707 eum
212 1649 363 1712 Antiocho
384 1666 471 1727 rege,
498 1646 614 1729 quique
639 1652 706 1713 eius
731 1658 847 1713 sectam
875 1652 972 1712 secuti
991 1661 1105 1729 essent,

128 1730 239 1792 bellurn
254 1733 331 1794 iniri.
359 1735 386 1794 si
401 1751 438 1796 ea
451 1738 569 1811 perlata
582 1736 701 1811 rogatio
717 1742 814 1805 esset,
831 1740 908 1809 tum,
924 1733 951 1794 si
965 1734 1008 1795 ita
1020 1734 1105 1797 vide·
1213 1805 1216 1813 ,

127 1822 210 1876 retur
235 1818 428 1894 consulibus,
455 1837 520 1880 rem
545 1821 692 1894 integram
718 1819 759 1879 ad
785 1825 924 1878 senatum
947 1820 1104 1880 referrent.

126 1898 158 1957 P.
172 1899 330 1961 cornelius
342 1917 408 1961 eam
422 1906 612 1977 rogationem
627 1901 770 1977 pertulit:
780 1906 843 1961 tum
857 1906 983 1962 senatus
998 1904 1104 1964 decre·

128 1982 183 2057 vil,
204 1990 237 2044 ul
257 1984 402 2045 consules
416 1985 532 2045 Italiam
547 1992 577 2046 et
591 1984 749 2046 Graeclam
768 1985 944 2060 provincias
959 1987 1104 2050 sortiren-

126 2073 191 2134 tur;
225 2066 272 2125 cui
298 2065 424 2126 Graecia
449 2068 616 2141 evenisset,
649 2075 682 2128 ut
706 2076 828 2143 praeter
852 2079 922 2130 eum
946 2087 1104 2133 numerum

126 2147 252 2208 nlilitum
268 2164 359 2223 quem
372 2149 405 2209 L.
421 2148 577 2224 Quinctius
598 2152 706 2211 consul
726 2152 757 2210 in
778 2154 1050 2227 comprovinciam
1066 2171 1103 2215 ex

78 2268 80 2270 -
127 2231 307 2293 auctoritate
319 2241 445 2295 senatus
458 2234 636 2309 scripsisset
646 2235 878 2310 imperassetve,
892 2244 926 2297 ut
937 2253 1006 2298 eum
1017 2253 1103 2298 exer·
1145 2235 1148 2239 ’

128 2314 220 2375 eitum
233 2316 401 2392 acciperet,
418 2334 508 2393 quem
518 2318 559 2378 Μ.
570 2318 703 2380 Baebius
715 2326 840 2393 praetor
852 2336 933 2382 anno
948 2321 1050 2397 priore
1064 2338 1101 2382 ex

127 2406 253 2462 senatus
269 2402 409 2464 consulto
425 2402 454 2474 in
469 2401 682 2463 Macedoniam
698 2402 879 2464 traiecisset.
901 2410 932 2465 et
945 2411 1032 2466 extra
1046 2406 1101 2467 lta-

101 2529 105 2535 .
125 2484 195 2544 liam
210 2485 394 2560 permissum
408 2493 454 2561 ut,
475 2487 502 2547 si
522 2502 573 2547 res
594 2488 796 2561 postulasset,
818 2488 932 2549 auxilia
945 2490 984 2549 ab
999 2490 1099 2567 sociis,

126 2583 165 2627 ue
186 2584 281 2645 supra
301 2570 438 2645 quinque
452 2570 566 2631 milium
581 2585 754 2644 numerum,
777 2571 939 2647 acciperet.
960 2572 1101 2647 L.·Qnin-

127 2650 216 2711 auum
239 2653 408 2727 superioris
429 2653 500 2714 anni
522 2656 680 2715 consulem
702 2655 796 2730 legari
809 2656 850 2716 ad
863 2655 896 2715 id
909 2657 1022 2717 bellum
1038 2659 1101 2732 pla-

126 2734 197 2795 cuit.
219 2737 295 2796 alter
306 2736 424 2811 consul,
437 2739 486 2797 cui
497 2738 581 2797 ltalia
591 2738 750 2812 provincia
761 2738 924 2815 evenisset,
938 2757 1006 2800 cum
1018 2742 1102 2802 Boiis

127 2818 230 2879 iussus
241 2818 352 2879 bellum
364 2835 472 2893 gerere
483 2826 550 2882 utro
563 2820 700 2881 exercitu
710 2823 812 2883 mallet
823 2838 862 2882 ex
874 2822 1005 2896 duobus,
1022 2840 1102 2900 quos

124 2901 302 2977 superiores
318 2904 462 2964 consules
480 2903 678 2979 habuissent,
699 2905 826 2965 alterum
845 2913 878 2966 ul
898 2906 1028 2967 mitteret
1040 2909 1101 2970 Ro·
1178 2941 1200 2984 ⁴.

124 3002 219 3062 mam,
234 3001 357 3061 eaeque-
366 2987 503 3047 urbanae
516 2987 654 3062 legiones
669 2995 775 3049 essent
793 2995 920 3063 paratae
934 3007 995 3066 quo
1011 3007 1100 3053 sena·

126 3086 173 3131 tus
195 3070 377 3132 censuisset.
408 3072 444 3130 ll.
466 3070 515 3132 his
535 3070 578 3132 ita
596 3072 628 3132 in
648 3079 759 3134 senatu
781 3073 888 3148 adid,
913 3090 992 3149 quae
1013 3075 1100 3137 cuius

90 3167 94 3174 ’
125 3153 283 3227 provincia
302 3155 395 3226 foret,
422 3155 569 3230 decretis,
593 3164 656 3217 tum
681 3156 803 3217 demum
828 3156 930 3217 sortiri
955 3159 1128 3225 consules.

126 3238 248 3310 placuit.
268 3237 514 3314 AcilioGraeoia,
522 3239 662 3301 Cornelio
674 3240 759 3300 ltalia
769 3241 879 3302 evenit.
895 3248 978 3303 certa
989 3240 1100 3304 deinde

126 3326 208 3379 sorte
229 3328 354 3383 senatus
373 3325 548 3385 consultum
567 3325 680 3384 lactum
700 3330 763 3400 est,
785 3326 868 3401 quod
888 3326 1023 3401 populus
1037 3325 1100 3388 llo·

126 3417 233 3464 manus
247 3421 285 3466 eo
299 3414 436 3481 tempore
450 3407 584 3468 duellum
594 3407 749 3467 iussisset
766 3423 839 3469 esse
859 3424 928 3469 cum
948 3424 1023 3483 rege
1035 3409 1098 3468 An·
1201 3477 1203 3482 ,

126 3486 226 3548 tiocho
242 3488 357 3563 quique
371 3489 428 3550 sub
442 3489 570 3566 imperio
584 3490 651 3551 eius
666 3496 784 3563 essent,
806 3499 839 3551 ul
858 3493 926 3553 eius
940 3492 985 3551 rei
1006 3506 1100 3551 eausa
