2600 4000
266 220 381 282 LIBER
391 215 552 281 xxxvfll.
579 220 662 280 cAP.
674 229 717 283 te.
729 230 772 284 ct.
796 230 834 296 [a.
846 229 877 282 C.
890 232 951 299 ιω]
1029 225 1093 289 359

114 375 261 438 Manlium
276 372 408 446 aGaflis,
423 373 525 448 ipsum
537 371 577 432 M.
589 372 728 433 Fulvium
742 373 781 433 ab
791 373 909 435 Aetolis
924 380 954 435 et
964 377 1092 453 Cephal·

114 458 215 519 leniae
237 456 362 532 populis
383 455 522 517 accusari
543 462 739 530 poterentur-e
765 455 978 530 „Ambraciam
994 477 1091 536 oppu-

114 549 238 617 gnatam
253 547 284 600 et
298 546 433 614 captam,
449 546 481 600 et
494 537 582 613 signa
594 539 666 599 inde
681 545 920 615 ornamentaque
933 541 1048 617 ablata,
1063 553 1089 602 et

115 633 219 686 cetera
238 624 318 683 lacta
338 637 417 697 quae
437 622 535 697 captis
549 621 677 682 urbibus
692 623 825 695 soleant,
847 630 1026 698 negaturum
1041 633 1091 687 aut

115 722 165 767 me
179 723 237 782 pro
250 705 290 765 Μ.
305 704 412 765 Fulvio
430 713 481 764 aut
494 705 595 780 ipsum
609 704 650 764 M.
664 705 803 766 Fulvium
818 705 966 781 censetis,
986 714 1091 783 patres

115 789 289 864 conscripti,
298 790 350 865 qui
363 788 402 849 ob
413 786 470 848 has
481 803 533 848 res
544 793 648 863 gestas
660 788 843 864 triumphum
856 805 874 849 a
885 790 973 850 vobis
985 797 1090 866 postu·

113 874 229 934 laturus
244 871 293 947 sit,
307 868 501 932 Ambraciam
515 877 643 946 captam,
660 872 811 948 signaque
826 888 905 947 quae
919 872 1020 933 ablata
1035 874 1090 934 cri·

113 956 279 1029 minantur,
300 963 330 1013 et
345 961 446 1015 cetera
460 954 559 1030 spolia
573 955 638 1015 eius
653 954 739 1016 urbis
754 961 823 1015 ante
838 971 959 1016 currum
974 957 1090 1017 latums

88 1092 93 1102 .
113 1046 144 1100 et
157 1039 276 1100 fixurus
296 1039 328 1098 in
349 1036 490 1113 postibus
510 1037 598 1098 suist
619 1038 692 1097 nihil
707 1044 755 1099 est
772 1039 855 1113 quod
870 1055 905 1098 se
920 1039 958 1099 ab
972 1041 1090 1101 Aetolis

113 1128 273 1198 separent:
296 1123 404 1181 eadem
414 1120 678 1182 Ambraciensium
692 1128 722 1182 ct
731 1122 911 1183 Aetolorum
924 1136 1018 1184 causa
1032 1131 1090 1186 est.

112 1204 216 1282 itaque
231 1206 349 1279 collega
363 1219 450 1264 meus
464 1206 514 1265 vel
528 1203 559 1263 in
573 1204 632 1264 alia
647 1219 741 1266 eausa
755 1205 924 1266 inimicitias
939 1215 1089 1284 exerceat,

114 1290 163 1349 vel
183 1289 211 1349 si
231 1286 262 1347 in
283 1286 341 1347 bac
359 1288 464 1361 utique
478 1288 607 1362 mavult,
629 1288 758 1349 retineat
771 1287 999 1354 Ambraciensis
1012 1307 1089 1353 suos

115 1374 146 1431 in
167 1372 331 1432 adventum
344 1370 385 1430 Μ.
400 1369 507 1431 Fulvii.
543 1386 601 1446 ego
621 1387 680 1432 nee
693 1373 733 1432 de
745 1373 1017 1435 Ambraciensibus
1032 1390 1089 1436 neo

114 1457 154 1514 de
171 1455 289 1515 Aetolis
311 1455 435 1515 decerni
456 1455 616 1530 quicquam
638 1455 765 1516 absente
778 1455 819 1515 Μ.
834 1457 941 1518 Fulvio
962 1458 1089 1532 patiare

111 1537 217 1598 XLIV.
246 1552 314 1597 cum
329 1538 476 1598 Aemilius
498 1539 636 1599 callidam
656 1539 798 1601 malitiam
812 1540 925 1601 inimici
938 1543 1021 1601 velut
1034 1556 1089 1600 no-

113 1628 174 1683 tam
191 1620 331 1683 omnibus
345 1620 545 1698 insimularet,
562 1630 593 1686 et
605 1631 727 1702 tempus
742 1639 811 1685 eum
825 1623 974 1685 morando
989 1628 1089 1682 extro-

112 1712 229 1766 cturum
246 1705 374 1782 diceret,
395 1723 434 1767 ne
449 1711 575 1769 consule
589 1709 711 1769 inimico
726 1708 854 1769 Romam
869 1705 1001 1777 veniret,
1024 1720 1089 1765 cer·

111 1789 223 1851 tamine
243 1792 403 1851 consulum
416 1791 540 1854 biduum
555 1793 749 1865 absumptum
764 1793 820 1847 est.
856 1804 913 1848 neo
927 1795 1089 1863 praesente

111 1873 257 1934 Flaminio
273 1874 398 1934 decerni
414 1876 577 1949 quicquam
591 1873 753 1933 videbatur
766 1886 871 1946 posse.
901 1878 1022 1946 captata
1037 1887 1086 1932 oc·

113 1958 196 2018 casio
212 1963 269 2030 est,
284 1971 352 2016 cum
366 1971 459 2030 aeger
472 1957 550 2016 forte
560 1954 725 2016 Flaminius
737 1955 874 2027 abesset;
898 1962 929 2016 et
938 1957 1089 2017 referente

111 2040 240 2099 Aemilio
256 2045 382 2098 senatus
397 2040 569 2099 consultum
580 2040 692 2100 iactum
704 2047 759 2111 est
775 2046 809 2100 ut
817 2039 1088 2101 Ambraciensibus

112 2137 187 2181 suae
200 2137 251 2181 res
267 2135 373 2182 omnes
387 2120 604 2194 redderentur3
619 2122 648 2181 in
659 2122 797 2183 libertate
807 2129 912 2183 essent
922 2139 959 2182 ac
970 2124 1088 2197 legibus

113 2205 178 2266 suis
192 2211 365 2274 merentum
387 2205 524 2280 portoria
539 2221 619 2281 quae
631 2207 746 2267 vellent
758 2214 839 2267 terra
848 2206 986 2279 marique
997 2221 1085 2280 cape·

110 2296 191 2363 rent,
214 2289 285 2349 dum
308 2303 413 2349 eorum
432 2290 581 2350 immunes
597 2288 728 2351 Romani
741 2305 778 2350 ae
792 2289 869 2350 socii
887 2288 1017 2349 nominis
1031 2289 1087 2347 La-

112 2372 166 2432 tini
180 2379 294 2433 essent.
317 2371 406 2447 signe
420 2373 541 2448 aliaque
556 2381 733 2434 ornamenta
748 2388 827 2448 quae
839 2378 1038 2447 quererentur
1049 2386 1088 2429 ex

111 2455 242 2517 aedibus
263 2455 360 2517 sacris
376 2456 498 2517 sublata
511 2472 597 2529 esse,
619 2457 659 2516 de
673 2456 726 2530 iis,
749 2472 817 2517 cum
831 2457 871 2517 Μ.
886 2455 1011 2517 Fulvius
1025 2456 1087 2515 Ro·

109 2555 189 2599 mam
202 2539 395 2615 revertisset,
409 2542 534 2616 placere
547 2541 588 2602 ad
602 2538 765 2615 collegium
779 2541 956 2615 pontificum
970 2538 1085 2611 reterri,

109 2631 140 2684 et
154 2623 239 2697 quod
259 2622 281 2682 ii
296 2623 492 2685 censuissent
510 2623 586 2685 fleri.
619 2640 720 2700 neque
740 2623 788 2685 his
804 2632 963 2686 contentus
979 2622 1087 2684 consul

109 2704 174 2779 brit,
188 2706 245 2765 sed
260 2713 371 2780 postea
386 2722 443 2782 per
455 2707 686 2783 infrequentiam
701 2708 812 2769 adiecit
824 2715 949 2769 senatus
966 2707 1088 2768 consul·

108 2795 181 2861 tum,
196 2787 391 2848 Ambraciam
405 2804 467 2849 non
481 2787 578 2850 videri
591 2789 623 2849 vi
637 2797 757 2865 captam
773 2807 853 2851 esse.

194 2869 383 2946 Supplicatio
398 2872 470 2932 inde
485 2884 524 2931 ex
538 2873 779 2933 decemvirorum
795 2874 917 2933 decreto
933 2888 989 2947 pro
1003 2875 1086 2931 veie

109 2954 214 3016 tudine
228 2957 336 3030 populi
351 2973 408 3031 per
420 2955 553 3017 triduum
567 2956 630 3027 luit
647 2956 720 3032 quia
734 2956 836 3030 gravis
851 2955 1024 3029 pestilentia
1036 2971 1086 3015 ur-

108 3037 178 3099 bem
193 3045 286 3114 atque
300 3055 393 3114 agros
407 3040 556 3100 vastabat.
587 3038 713 3099 Latinae
726 3038 797 3098 inde
812 3039 941 3099 bierunt.
974 3038 1086 3114 quibus

107 3122 307 3198 religionibus
322 3122 445 3184 liberati
454 3123 607 3197 consules,
623 3129 654 3185 et
667 3123 780 3183 dilectu
796 3123 931 3197 perfecto
943 3120 1085 3182 —novis

107 3205 186 3265 enim
205 3213 336 3285 uterque
357 3207 461 3268 maluit
473 3205 517 3268 uti
532 3206 675 3268 militibus
686 3238 743 3280 —‚
763 3207 794 3265 in
808 3205 999 3281 provinciam
1014 3219 1085 3280 pro·

108 3287 178 3348 lecti
193 3296 272 3365 sunt,
286 3296 471 3366 veteresque
486 3305 593 3352 omnes
608 3290 796 3351 dimiserunt.

190 3371 264 3433 Post
278 3375 438 3436 consulum
458 3374 680 3450 protectionem
694 3374 746 3433 cn.
760 3373 893 3434 Manlius
918 3370 1085 3448 proconsul

107 3455 233 3516 Romam
247 3457 345 3519 venit.
369 3457 417 3518 cui
432 3472 500 3519 cum
513 3456 554 3519 ab
569 3454 634 3518 Ser.
650 3454 787 3532 Sulpicio
800 3463 943 3532 praetore
958 3458 1084 3515 senatus
