<?xml version="1.0" encoding="UTF-8"?>
<!DOCTYPE html PUBLIC "-//W3C//DTD XHTML 1.0 Transitional//EN"
    "http://www.w3.org/TR/xhtml1/DTD/xhtml1-transitional.dtd">
<html xmlns="http://www.w3.org/1999/xhtml" xml:lang="en" lang="en">
 <head>
  <title>
</title>
<meta http-equiv="Content-Type" content="text/html;charset=utf-8" />
  <meta name='ocr-system' content='tesseract 3.04.00' />
  <meta name='ocr-capabilities' content='ocr_page ocr_carea ocr_par ocr_line ocrx_word'/>
</head>
<body>
  <div class='ocr_page' id='page_1' title='image "./aburbeconditali00mlgoog_0064.png"; bbox 0 0 2600 4000; ppageno 0'>
   <div class='ocr_carea' id='block_1_1' title="bbox 203 229 1029 306">
    <p class='ocr_par' dir='ltr' id='par_1_1' title="bbox 203 229 1029 306">
     <span class='ocr_line' id='line_1_1' title="bbox 203 229 1029 306; baseline 0.002 -13"><span class='ocrx_word' id='word_1_1' title='bbox 203 230 246 293; x_wconf 75' lang='lat'>³0</span> <span class='ocrx_word' id='word_1_2' title='bbox 356 230 472 292; x_wconf 82' lang='lat' dir='ltr'>LIBER</span> <span class='ocrx_word' id='word_1_3' title='bbox 485 231 589 290; x_wconf 81' lang='lat' dir='ltr'>xxxi.</span> <span class='ocrx_word' id='word_1_4' title='bbox 612 229 697 289; x_wconf 78' lang='lat' dir='ltr'><strong>CAP.</strong></span> <span class='ocrx_word' id='word_1_5' title='bbox 708 237 752 293; x_wconf 75' lang='lat'>33·</span> <span class='ocrx_word' id='word_1_6' title='bbox 763 237 808 293; x_wconf 75' lang='lat'>³4.</span> <span class='ocrx_word' id='word_1_7' title='bbox 831 238 868 305; x_wconf 80' lang='lat' dir='ltr'>[a.</span> <span class='ocrx_word' id='word_1_8' title='bbox 881 236 915 289; x_wconf 83' lang='lat' dir='ltr'>U.</span> <span class='ocrx_word' id='word_1_9' title='bbox 928 255 952 290; x_wconf 90' lang='lat' dir='ltr'>c.</span> <span class='ocrx_word' id='word_1_10' title='bbox 964 239 1029 306; x_wconf 67' lang='lat'>552]</span> 
     </span>
    </p>
   </div>
   <div class='ocr_carea' id='block_1_2' title="bbox 201 382 1182 547">
    <p class='ocr_par' dir='ltr' id='par_1_2' title="bbox 201 382 1182 547">
     <span class='ocr_line' id='line_1_2' title="bbox 202 382 1181 462; baseline 0.002 -15"><span class='ocrx_word' id='word_1_11' title='bbox 202 386 326 462; x_wconf 83' lang='lat' dir='ltr'>quidam</span> <span class='ocrx_word' id='word_1_12' title='bbox 340 386 441 446; x_wconf 86' lang='lat' dir='ltr'>omnio</span> <span class='ocrx_word' id='word_1_13' title='bbox 456 384 538 445; x_wconf 85' lang='lat' dir='ltr'>eirea</span> <span class='ocrx_word' id='word_1_14' title='bbox 552 399 762 459; x_wconf 85' lang='lat' dir='ltr'>pavoremque</span> <span class='ocrx_word' id='word_1_15' title='bbox 776 382 928 458; x_wconf 87' lang='lat' dir='ltr'>ingentem</span> <span class='ocrx_word' id='word_1_16' title='bbox 942 384 1100 447; x_wconf 88' lang='lat' dir='ltr'>hominum</span> <span class='ocrx_word' id='word_1_17' title='bbox 1114 402 1181 449; x_wconf 82' lang='lat' dir='ltr'>oar·</span> 
     </span>
     <span class='ocr_line' id='line_1_3' title="bbox 201 469 1182 547; baseline -0.001 -17"><span class='ocrx_word' id='word_1_18' title='bbox 201 470 309 530; x_wconf 77' lang='lat' dir='ltr'>uebate</span> <span class='ocrx_word' id='word_1_19' title='bbox 331 469 388 530; x_wconf 92' lang='lat' dir='ltr'>sed</span> <span class='ocrx_word' id='word_1_20' title='bbox 403 484 511 544; x_wconf 86' lang='lat' dir='ltr'>pamm</span> <span class='ocrx_word' id='word_1_21' title='bbox 523 483 655 543; x_wconf 83' lang='lat' dir='ltr'>gnarus,</span> <span class='ocrx_word' id='word_1_22' title='bbox 677 484 769 542; x_wconf 83' lang='lat' dir='ltr'>quarn</span> <span class='ocrx_word' id='word_1_23' title='bbox 786 473 903 542; x_wconf 83' lang='lat' dir='ltr'>partem</span> <span class='ocrx_word' id='word_1_24' title='bbox 918 469 1048 543; x_wconf 88' lang='lat' dir='ltr'>petisset</span> <span class='ocrx_word' id='word_1_25' title='bbox 1061 473 1182 547; x_wconf 72' lang='lat' dir='ltr'>consul,</span> 
     </span>
    </p>
   </div>
   <div class='ocr_carea' id='block_1_3' title="bbox 200 550 1298 795">
    <p class='ocr_par' dir='ltr' id='par_1_3' title="bbox 200 550 1298 795">
     <span class='ocr_line' id='line_1_4' title="bbox 200 550 1298 639; baseline -0.001 -25"><span class='ocrx_word' id='word_1_26' title='bbox 200 556 279 614; x_wconf 90' lang='lat' dir='ltr'>alam</span> <span class='ocrx_word' id='word_1_27' title='bbox 292 553 427 628; x_wconf 89' lang='lat' dir='ltr'>equitum</span> <span class='ocrx_word' id='word_1_28' title='bbox 441 552 481 613; x_wconf 88' lang='lat' dir='ltr'>ad</span> <span class='ocrx_word' id='word_1_29' title='bbox 495 551 729 628; x_wconf 85' lang='lat' dir='ltr'>explorandum,</span> <span class='ocrx_word' id='word_1_30' title='bbox 744 566 879 625; x_wconf 88' lang='lat' dir='ltr'>quonam</span> <span class='ocrx_word' id='word_1_31' title='bbox 892 550 998 612; x_wconf 87' lang='lat' dir='ltr'>hostes</span> <span class='ocrx_word' id='word_1_32' title='bbox 1013 552 1070 612; x_wconf 90' lang='lat' dir='ltr'>iter</span> <span class='ocrx_word' id='word_1_33' title='bbox 1084 552 1181 614; x_wconf 88' lang='lat' dir='ltr'>inten·</span> <span class='ocrx_word' id='word_1_34' title='bbox 1297 598 1298 639; x_wconf 51' lang='lat'>3</span> 
     </span>
     <span class='ocr_line' id='line_1_5' title="bbox 200 634 1298 711; baseline 0.001 -13"><span class='ocrx_word' id='word_1_35' title='bbox 200 638 332 711; x_wconf 87' lang='lat' dir='ltr'>dissent,</span> <span class='ocrx_word' id='word_1_36' title='bbox 354 636 444 697; x_wconf 90' lang='lat' dir='ltr'>misit.</span> <span class='ocrx_word' id='word_1_37' title='bbox 473 635 554 696; x_wconf 90' lang='lat' dir='ltr'>idem</span> <span class='ocrx_word' id='word_1_38' title='bbox 567 651 655 696; x_wconf 90' lang='lat' dir='ltr'>error</span> <span class='ocrx_word' id='word_1_39' title='bbox 669 634 752 711; x_wconf 89' lang='lat' dir='ltr'>apud</span> <span class='ocrx_word' id='word_1_40' title='bbox 767 636 926 695; x_wconf 84' lang='lat' dir='ltr'>consulem</span> <span class='ocrx_word' id='word_1_41' title='bbox 941 642 1021 705; x_wconf 84' lang='lat' dir='ltr'>erat;</span> <span class='ocrx_word' id='word_1_42' title='bbox 1043 636 1183 699; x_wconf 84' lang='lat' dir='ltr'>movisse</span> <span class='ocrx_word' id='word_1_43' title='bbox 1297 648 1298 679; x_wconf 71' lang='lat' dir='ltr'>t</span> 
     </span>
     <span class='ocr_line' id='line_1_6' title="bbox 200 718 1298 795; baseline 0.001 -14"><span class='ocrx_word' id='word_1_44' title='bbox 200 737 238 781; x_wconf 87' lang='lat' dir='ltr'>ax</span> <span class='ocrx_word' id='word_1_45' title='bbox 253 721 388 781; x_wconf 91' lang='lat' dir='ltr'>hibernis</span> <span class='ocrx_word' id='word_1_46' title='bbox 403 734 505 794; x_wconf 85' lang='lat' dir='ltr'>regem</span> <span class='ocrx_word' id='word_1_47' title='bbox 522 719 654 791; x_wconf 87' lang='lat' dir='ltr'>sciebat,</span> <span class='ocrx_word' id='word_1_48' title='bbox 671 734 764 795; x_wconf 89' lang='lat' dir='ltr'>quam</span> <span class='ocrx_word' id='word_1_49' title='bbox 778 718 935 793; x_wconf 79' lang='lat' dir='ltr'>regionem</span> <span class='ocrx_word' id='word_1_50' title='bbox 949 719 1080 794; x_wconf 88' lang='lat' dir='ltr'>petisset</span> <span class='ocrx_word' id='word_1_51' title='bbox 1093 721 1181 795; x_wconf 86' lang='lat' dir='ltr'>igno·</span> <span class='ocrx_word' id='word_1_52' title='bbox 1297 722 1298 749; x_wconf 74' lang='lat'>³</span> 
     </span>
    </p>
   </div>
   <div class='ocr_carea' id='block_1_4' title="bbox 147 801 1183 3143">
    <p class='ocr_par' dir='ltr' id='par_1_4' title="bbox 195 801 1183 2136">
     <span class='ocr_line' id='line_1_7' title="bbox 198 801 1182 878; baseline 0 -13"><span class='ocrx_word' id='word_1_53' title='bbox 198 820 281 865; x_wconf 88' lang='lat' dir='ltr'>rans.</span> <span class='ocrx_word' id='word_1_54' title='bbox 314 804 342 863; x_wconf 92' lang='lat' dir='ltr'>is</span> <span class='ocrx_word' id='word_1_55' title='bbox 364 818 488 878; x_wconf 90' lang='lat' dir='ltr'>quoque</span> <span class='ocrx_word' id='word_1_56' title='bbox 509 804 701 878; x_wconf 86' lang='lat' dir='ltr'>speculatum</span> <span class='ocrx_word' id='word_1_57' title='bbox 721 801 847 862; x_wconf 79' lang='lat' dir='ltr'><strong>miserat</strong></span> <span class='ocrx_word' id='word_1_58' title='bbox 866 802 994 877; x_wconf 80' lang='lat' dir='ltr'><strong>equites.</strong></span> <span class='ocrx_word' id='word_1_59' title='bbox 1026 802 1085 863; x_wconf 90' lang='lat' dir='ltr'>hae</span> <span class='ocrx_word' id='word_1_60' title='bbox 1100 804 1182 865; x_wconf 90' lang='lat' dir='ltr'>duae</span> 
     </span>
     <span class='ocr_line' id='line_1_8' title="bbox 200 885 1183 963; baseline -0.001 -14"><span class='ocrx_word' id='word_1_61' title='bbox 200 891 266 950; x_wconf 88' lang='lat' dir='ltr'>alae</span> <span class='ocrx_word' id='word_1_62' title='bbox 286 903 326 947; x_wconf 88' lang='lat' dir='ltr'>ex</span> <span class='ocrx_word' id='word_1_63' title='bbox 346 886 486 961; x_wconf 90' lang='lat' dir='ltr'>diverso,</span> <span class='ocrx_word' id='word_1_64' title='bbox 509 901 577 946; x_wconf 88' lang='lat' dir='ltr'>oum</span> <span class='ocrx_word' id='word_1_65' title='bbox 598 886 651 946; x_wconf 88' lang='lat' dir='ltr'>diu</span> <span class='ocrx_word' id='word_1_66' title='bbox 668 885 792 946; x_wconf 84' lang='lat' dir='ltr'>incertis</span> <span class='ocrx_word' id='word_1_67' title='bbox 807 885 964 946; x_wconf 81' lang='lat' dir='ltr'>itineribus</span> <span class='ocrx_word' id='word_1_68' title='bbox 978 892 1110 961; x_wconf 78' lang='lat' dir='ltr'>vagatae</span> <span class='ocrx_word' id='word_1_69' title='bbox 1124 904 1183 963; x_wconf 87' lang='lat' dir='ltr'>per</span> 
     </span>
     <span class='ocr_line' id='line_1_9' title="bbox 199 968 1181 1042; baseline -0.001 -10"><span class='ocrx_word' id='word_1_70' title='bbox 199 971 392 1033; x_wconf 82' lang='lat' dir='ltr'>Dassaretios</span> <span class='ocrx_word' id='word_1_71' title='bbox 417 977 537 1042; x_wconf 89' lang='lat' dir='ltr'>essent,</span> <span class='ocrx_word' id='word_1_72' title='bbox 567 970 689 1030; x_wconf 87' lang='lat' dir='ltr'>tandem</span> <span class='ocrx_word' id='word_1_73' title='bbox 713 969 860 1028; x_wconf 90' lang='lat' dir='ltr'>inunum</span> <span class='ocrx_word' id='word_1_74' title='bbox 889 968 946 1029; x_wconf 91' lang='lat' dir='ltr'>iter</span> <span class='ocrx_word' id='word_1_75' title='bbox 960 979 1181 1031; x_wconf 83' lang='lat' dir='ltr'>convenerunt</span> 
     </span>
     <span class='ocr_line' id='line_1_10' title="bbox 199 1052 1181 1130; baseline 0.001 -15"><span class='ocrx_word' id='word_1_76' title='bbox 199 1062 323 1115; x_wconf 89' lang='lat' dir='ltr'>neutros</span> <span class='ocrx_word' id='word_1_77' title='bbox 342 1053 455 1126; x_wconf 77' lang='lat' dir='ltr'>fefellit</span> <span class='ocrx_word' id='word_1_78' title='bbox 471 1060 505 1114; x_wconf 92' lang='lat' dir='ltr'>ut</span> <span class='ocrx_word' id='word_1_79' title='bbox 519 1053 655 1113; x_wconf 79' lang='lat' dir='ltr'>fremitus</span> <span class='ocrx_word' id='word_1_80' title='bbox 671 1053 780 1129; x_wconf 92' lang='lat' dir='ltr'>prooul</span> <span class='ocrx_word' id='word_1_81' title='bbox 794 1052 950 1113; x_wconf 90' lang='lat' dir='ltr'>hominum</span> <span class='ocrx_word' id='word_1_82' title='bbox 966 1069 1181 1130; x_wconf 86' lang='lat' dir='ltr'>equorumque</span> 
     </span>
     <span class='ocr_line' id='line_1_11' title="bbox 198 1135 1180 1214; baseline -0.001 -15"><span class='ocrx_word' id='word_1_83' title='bbox 198 1137 359 1199; x_wconf 84' lang='lat' dir='ltr'>exauditus</span> <span class='ocrx_word' id='word_1_84' title='bbox 380 1144 442 1208; x_wconf 86' lang='lat' dir='ltr'>est,</span> <span class='ocrx_word' id='word_1_85' title='bbox 462 1136 569 1197; x_wconf 91' lang='lat' dir='ltr'>hostes</span> <span class='ocrx_word' id='word_1_86' title='bbox 583 1136 846 1212; x_wconf 89' lang='lat' dir='ltr'>appropinquare.</span> <span class='ocrx_word' id='word_1_87' title='bbox 878 1135 983 1212; x_wconf 86' lang='lat' dir='ltr'>itaque</span> <span class='ocrx_word' id='word_1_88' title='bbox 998 1138 1180 1214; x_wconf 85' lang='lat' dir='ltr'>priusquam</span> 
     </span>
     <span class='ocr_line' id='line_1_12' title="bbox 197 1218 1179 1296; baseline 0 -14"><span class='ocrx_word' id='word_1_89' title='bbox 197 1223 227 1282; x_wconf 89' lang='lat' dir='ltr'>in</span> <span class='ocrx_word' id='word_1_90' title='bbox 243 1227 442 1295; x_wconf 80' lang='lat' dir='ltr'>conspectum</span> <span class='ocrx_word' id='word_1_91' title='bbox 455 1218 601 1293; x_wconf 75' lang='lat' dir='ltr'>venirent</span> <span class='ocrx_word' id='word_1_92' title='bbox 618 1235 718 1296; x_wconf 90' lang='lat' dir='ltr'>equos</span> <span class='ocrx_word' id='word_1_93' title='bbox 733 1235 880 1295; x_wconf 90' lang='lat' dir='ltr'>armaque</span> <span class='ocrx_word' id='word_1_94' title='bbox 895 1221 1105 1296; x_wconf 87' lang='lat' dir='ltr'>expedierant</span> <span class='ocrx_word' id='word_1_95' title='bbox 1120 1237 1179 1282; x_wconf 83' lang='lat' dir='ltr'>neo</span> 
     </span>
     <span class='ocr_line' id='line_1_13' title="bbox 197 1303 1180 1380; baseline 0.002 -16"><span class='ocrx_word' id='word_1_96' title='bbox 197 1321 296 1380; x_wconf 88' lang='lat' dir='ltr'>mora,</span> <span class='ocrx_word' id='word_1_97' title='bbox 318 1305 371 1366; x_wconf 93' lang='lat' dir='ltr'>ubi</span> <span class='ocrx_word' id='word_1_98' title='bbox 386 1303 516 1380; x_wconf 89' lang='lat' dir='ltr'>primum</span> <span class='ocrx_word' id='word_1_99' title='bbox 530 1303 649 1363; x_wconf 85' lang='lat' dir='ltr'>hostem</span> <span class='ocrx_word' id='word_1_100' title='bbox 664 1303 785 1378; x_wconf 91' lang='lat' dir='ltr'>videre,</span> <span class='ocrx_word' id='word_1_101' title='bbox 807 1304 1010 1364; x_wconf 78' lang='lat' dir='ltr'>concurrendi</span> <span class='ocrx_word' id='word_1_102' title='bbox 1026 1305 1108 1366; x_wconf 85' lang='lat' dir='ltr'>faeta</span> <span class='ocrx_word' id='word_1_103' title='bbox 1121 1311 1180 1366; x_wconf 85' lang='lat' dir='ltr'>est</span> 
     </span>
     <span class='ocr_line' id='line_1_14' title="bbox 197 1387 1181 1464; baseline 0.001 -15"><span class='ocrx_word' id='word_1_104' title='bbox 197 1391 274 1450; x_wconf 87' lang='lat' dir='ltr'>forto</span> <span class='ocrx_word' id='word_1_105' title='bbox 293 1395 323 1449; x_wconf 88' lang='lat' dir='ltr'>et</span> <span class='ocrx_word' id='word_1_106' title='bbox 342 1402 470 1450; x_wconf 92' lang='lat' dir='ltr'>numero</span> <span class='ocrx_word' id='word_1_107' title='bbox 491 1395 522 1449; x_wconf 91' lang='lat' dir='ltr'>et</span> <span class='ocrx_word' id='word_1_108' title='bbox 540 1387 665 1461; x_wconf 89' lang='lat' dir='ltr'>virtute,</span> <span class='ocrx_word' id='word_1_109' title='bbox 690 1392 797 1461; x_wconf 90' lang='lat' dir='ltr'>utpote</span> <span class='ocrx_word' id='word_1_110' title='bbox 816 1387 886 1448; x_wconf 89' lang='lat' dir='ltr'>leoti</span> <span class='ocrx_word' id='word_1_111' title='bbox 906 1387 1073 1464; x_wconf 81' lang='lat' dir='ltr'>utrimque,</span> <span class='ocrx_word' id='word_1_112' title='bbox 1095 1389 1181 1450; x_wconf 89' lang='lat' dir='ltr'>haud</span> 
     </span>
     <span class='ocr_line' id='line_1_15' title="bbox 196 1469 1180 1548; baseline 0.001 -15"><span class='ocrx_word' id='word_1_113' title='bbox 196 1473 329 1548; x_wconf 87' lang='lat' dir='ltr'>impares</span> <span class='ocrx_word' id='word_1_114' title='bbox 345 1471 453 1548; x_wconf 90' lang='lat' dir='ltr'>aequis</span> <span class='ocrx_word' id='word_1_115' title='bbox 470 1469 585 1530; x_wconf 73' lang='lat' dir='ltr'>uiribus</span> <span class='ocrx_word' id='word_1_116' title='bbox 602 1486 657 1545; x_wconf 90' lang='lat' dir='ltr'>per</span> <span class='ocrx_word' id='word_1_117' title='bbox 672 1469 789 1544; x_wconf 82' lang='lat' dir='ltr'>aliquot</span> <span class='ocrx_word' id='word_1_118' title='bbox 802 1469 897 1531; x_wconf 92' lang='lat' dir='ltr'>horas</span> <span class='ocrx_word' id='word_1_119' title='bbox 911 1478 1093 1547; x_wconf 84' lang='lat' dir='ltr'>pugnarunt.</span> <span class='ocrx_word' id='word_1_120' title='bbox 1112 1473 1180 1534; x_wconf 91' lang='lat' dir='ltr'>fati·</span> 
     </span>
     <span class='ocr_line' id='line_1_16' title="bbox 195 1554 1178 1632; baseline -0.001 -15"><span class='ocrx_word' id='word_1_121' title='bbox 195 1556 276 1632; x_wconf 87' lang='lat' dir='ltr'>gatio</span> <span class='ocrx_word' id='word_1_122' title='bbox 297 1556 435 1632; x_wconf 89' lang='lat' dir='ltr'>ipsorum</span> <span class='ocrx_word' id='word_1_123' title='bbox 455 1570 669 1630; x_wconf 88' lang='lat' dir='ltr'>equorumque</span> <span class='ocrx_word' id='word_1_124' title='bbox 683 1554 799 1614; x_wconf 87' lang='lat' dir='ltr'>ineerta</span> <span class='ocrx_word' id='word_1_125' title='bbox 812 1554 940 1616; x_wconf 84' lang='lat' dir='ltr'>victoria</span> <span class='ocrx_word' id='word_1_126' title='bbox 954 1555 1074 1617; x_wconf 84' lang='lat' dir='ltr'>diremit</span> <span class='ocrx_word' id='word_1_127' title='bbox 1087 1572 1178 1632; x_wconf 77' lang='lat' dir='ltr'>proe</span> 
     </span>
     <span class='ocr_line' id='line_1_17' title="bbox 195 1638 1178 1716; baseline -0.001 -15"><span class='ocrx_word' id='word_1_128' title='bbox 195 1641 276 1701; x_wconf 90' lang='lat' dir='ltr'>lium.</span> <span class='ocrx_word' id='word_1_129' title='bbox 298 1640 502 1701; x_wconf 82' lang='lat' dir='ltr'>Macedonum</span> <span class='ocrx_word' id='word_1_130' title='bbox 517 1638 718 1713; x_wconf 82' lang='lat' dir='ltr'>quadraginta</span> <span class='ocrx_word' id='word_1_131' title='bbox 729 1638 857 1714; x_wconf 90' lang='lat' dir='ltr'>equites,</span> <span class='ocrx_word' id='word_1_132' title='bbox 869 1641 1076 1702; x_wconf 87' lang='lat' dir='ltr'>Romanorum</span> <span class='ocrx_word' id='word_1_133' title='bbox 1090 1640 1178 1716; x_wconf 90' lang='lat' dir='ltr'>quin·</span> 
     </span>
     <span class='ocr_line' id='line_1_18' title="bbox 196 1722 1178 1800; baseline 0.002 -16"><span class='ocrx_word' id='word_1_134' title='bbox 196 1740 257 1800; x_wconf 86' lang='lat' dir='ltr'>que</span> <span class='ocrx_word' id='word_1_135' title='bbox 281 1732 312 1786; x_wconf 94' lang='lat' dir='ltr'>et</span> <span class='ocrx_word' id='word_1_136' title='bbox 334 1724 455 1799; x_wconf 83' lang='lat' dir='ltr'>triginta</span> <span class='ocrx_word' id='word_1_137' title='bbox 483 1722 668 1784; x_wconf 83' lang='lat' dir='ltr'>oeciderunt.</span> <span class='ocrx_word' id='word_1_138' title='bbox 705 1737 806 1796; x_wconf 89' lang='lat' dir='ltr'>neque</span> <span class='ocrx_word' id='word_1_139' title='bbox 834 1737 872 1784; x_wconf 93' lang='lat' dir='ltr'>eo</span> <span class='ocrx_word' id='word_1_140' title='bbox 897 1723 995 1797; x_wconf 89' lang='lat' dir='ltr'>magis</span> <span class='ocrx_word' id='word_1_141' title='bbox 1024 1725 1178 1800; x_wconf 89' lang='lat' dir='ltr'>explorati</span> 
     </span>
     <span class='ocr_line' id='line_1_19' title="bbox 196 1805 1179 1884; baseline 0.002 -17"><span class='ocrx_word' id='word_1_142' title='bbox 196 1807 376 1884; x_wconf 85' lang='lat' dir='ltr'>quiequam,</span> <span class='ocrx_word' id='word_1_143' title='bbox 397 1808 428 1867; x_wconf 93' lang='lat' dir='ltr'>in</span> <span class='ocrx_word' id='word_1_144' title='bbox 444 1824 506 1882; x_wconf 91' lang='lat' dir='ltr'>qua</span> <span class='ocrx_word' id='word_1_145' title='bbox 519 1808 645 1882; x_wconf 83' lang='lat' dir='ltr'>regione</span> <span class='ocrx_word' id='word_1_146' title='bbox 660 1812 762 1866; x_wconf 86' lang='lat' dir='ltr'>eastra</span> <span class='ocrx_word' id='word_1_147' title='bbox 776 1805 910 1867; x_wconf 89' lang='lat' dir='ltr'>hostium</span> <span class='ocrx_word' id='word_1_148' title='bbox 924 1814 1047 1880; x_wconf 88' lang='lat' dir='ltr'>essent,</span> <span class='ocrx_word' id='word_1_149' title='bbox 1069 1816 1122 1883; x_wconf 87' lang='lat' dir='ltr'>aut</span> <span class='ocrx_word' id='word_1_150' title='bbox 1135 1808 1179 1869; x_wconf 92' lang='lat' dir='ltr'>illi</span> 
     </span>
     <span class='ocr_line' id='line_1_20' title="bbox 196 1890 1178 1968; baseline 0.002 -17"><span class='ocrx_word' id='word_1_151' title='bbox 196 1891 235 1951; x_wconf 76' lang='lat' dir='ltr'>ad</span> <span class='ocrx_word' id='word_1_152' title='bbox 249 1907 353 1967; x_wconf 82' lang='lat' dir='ltr'>regern</span> <span class='ocrx_word' id='word_1_153' title='bbox 373 1898 426 1951; x_wconf 91' lang='lat' dir='ltr'>aut</span> <span class='ocrx_word' id='word_1_154' title='bbox 439 1891 470 1950; x_wconf 94' lang='lat' dir='ltr'>hi</span> <span class='ocrx_word' id='word_1_155' title='bbox 484 1891 526 1951; x_wconf 92' lang='lat' dir='ltr'>ad</span> <span class='ocrx_word' id='word_1_156' title='bbox 540 1890 697 1953; x_wconf 81' lang='lat' dir='ltr'>consulem</span> <span class='ocrx_word' id='word_1_157' title='bbox 714 1891 901 1952; x_wconf 90' lang='lat' dir='ltr'>rettulerunt.</span> <span class='ocrx_word' id='word_1_158' title='bbox 931 1906 987 1966; x_wconf 93' lang='lat' dir='ltr'>per</span> <span class='ocrx_word' id='word_1_159' title='bbox 999 1893 1178 1968; x_wconf 78' lang='lat' dir='ltr'>transfugas</span> 
     </span>
     <span class='ocr_line' id='line_1_21' title="bbox 195 1974 1177 2051; baseline 0.002 -15"><span class='ocrx_word' id='word_1_160' title='bbox 195 1975 348 2050; x_wconf 84' lang='lat' dir='ltr'>cognitum</span> <span class='ocrx_word' id='word_1_161' title='bbox 368 1981 430 2049; x_wconf 91' lang='lat' dir='ltr'>est,</span> <span class='ocrx_word' id='word_1_162' title='bbox 452 1990 531 2051; x_wconf 91' lang='lat' dir='ltr'>quos</span> <span class='ocrx_word' id='word_1_163' title='bbox 553 1974 661 2036; x_wconf 85' lang='lat' dir='ltr'>levitas</span> <span class='ocrx_word' id='word_1_164' title='bbox 678 1974 870 2050; x_wconf 88' lang='lat' dir='ltr'>ingeniorum</span> <span class='ocrx_word' id='word_1_165' title='bbox 884 1974 925 2035; x_wconf 90' lang='lat' dir='ltr'>ad</span> <span class='ocrx_word' id='word_1_166' title='bbox 939 1977 1177 2051; x_wconf 81' lang='lat' dir='ltr'>cognoscendas</span> 
     </span>
     <span class='ocr_line' id='line_1_22' title="bbox 195 2059 852 2136; baseline -0.002 -18"><span class='ocrx_word' id='word_1_167' title='bbox 195 2059 329 2120; x_wconf 92' lang='lat' dir='ltr'>hostium</span> <span class='ocrx_word' id='word_1_168' title='bbox 343 2074 394 2119; x_wconf 92' lang='lat' dir='ltr'>res</span> <span class='ocrx_word' id='word_1_169' title='bbox 409 2059 440 2118; x_wconf 94' lang='lat' dir='ltr'>in</span> <span class='ocrx_word' id='word_1_170' title='bbox 455 2060 597 2121; x_wconf 89' lang='lat' dir='ltr'>omnibus</span> <span class='ocrx_word' id='word_1_171' title='bbox 611 2059 700 2120; x_wconf 93' lang='lat' dir='ltr'>bellis</span> <span class='ocrx_word' id='word_1_172' title='bbox 716 2060 852 2136; x_wconf 87' lang='lat' dir='ltr'>praebet.</span> 
     </span>
    </p>

    <p class='ocr_par' dir='ltr' id='par_1_5' title="bbox 147 2142 1179 3143">
     <span class='ocr_line' id='line_1_23' title="bbox 278 2142 1179 2221; baseline 0.001 -17"><span class='ocrx_word' id='word_1_173' title='bbox 278 2144 412 2204; x_wconf 88' lang='lat' dir='ltr'>XXXIV.</span> <span class='ocrx_word' id='word_1_174' title='bbox 434 2143 592 2221; x_wconf 90' lang='lat' dir='ltr'>Philippus</span> <span class='ocrx_word' id='word_1_175' title='bbox 607 2144 724 2219; x_wconf 88' lang='lat' dir='ltr'>aliquid</span> <span class='ocrx_word' id='word_1_176' title='bbox 738 2143 823 2203; x_wconf 87' lang='lat' dir='ltr'>etad</span> <span class='ocrx_word' id='word_1_177' title='bbox 838 2142 993 2203; x_wconf 78' lang='lat' dir='ltr'>caritatem</span> <span class='ocrx_word' id='word_1_178' title='bbox 1008 2159 1136 2204; x_wconf 89' lang='lat' dir='ltr'>suorum</span> <span class='ocrx_word' id='word_1_179' title='bbox 1147 2152 1179 2206; x_wconf 89' lang='lat' dir='ltr'>et</span> 
     </span>
     <span class='ocr_line' id='line_1_24' title="bbox 194 2227 1178 2305; baseline 0 -16"><span class='ocrx_word' id='word_1_180' title='bbox 194 2236 227 2290; x_wconf 91' lang='lat' dir='ltr'>ut</span> <span class='ocrx_word' id='word_1_181' title='bbox 240 2229 412 2305; x_wconf 83' lang='lat' dir='ltr'>promptius</span> <span class='ocrx_word' id='word_1_182' title='bbox 426 2245 484 2305; x_wconf 91' lang='lat' dir='ltr'>pro</span> <span class='ocrx_word' id='word_1_183' title='bbox 499 2244 536 2290; x_wconf 93' lang='lat' dir='ltr'>eo</span> <span class='ocrx_word' id='word_1_184' title='bbox 550 2228 718 2305; x_wconf 82' lang='lat' dir='ltr'>perieulum</span> <span class='ocrx_word' id='word_1_185' title='bbox 729 2227 856 2300; x_wconf 77' lang='lat' dir='ltr'>odirent,</span> <span class='ocrx_word' id='word_1_186' title='bbox 871 2234 956 2288; x_wconf 88' lang='lat' dir='ltr'>ratus</span> <span class='ocrx_word' id='word_1_187' title='bbox 968 2229 1178 2303; x_wconf 85' lang='lat' dir='ltr'>profecturum</span> 
     </span>
     <span class='ocr_line' id='line_1_25' title="bbox 194 2310 1177 2388; baseline 0.001 -15"><span class='ocrx_word' id='word_1_188' title='bbox 194 2329 242 2388; x_wconf 90' lang='lat' dir='ltr'>se,</span> <span class='ocrx_word' id='word_1_189' title='bbox 265 2314 292 2374; x_wconf 92' lang='lat' dir='ltr'>si</span> <span class='ocrx_word' id='word_1_190' title='bbox 307 2314 443 2388; x_wconf 91' lang='lat' dir='ltr'>equitum</span> <span class='ocrx_word' id='word_1_191' title='bbox 464 2313 516 2388; x_wconf 91' lang='lat' dir='ltr'>qui</span> <span class='ocrx_word' id='word_1_192' title='bbox 538 2313 711 2373; x_wconf 84' lang='lat' dir='ltr'>ceciderant</span> <span class='ocrx_word' id='word_1_193' title='bbox 726 2311 756 2370; x_wconf 94' lang='lat' dir='ltr'>in</span> <span class='ocrx_word' id='word_1_194' title='bbox 770 2310 967 2387; x_wconf 87' lang='lat' dir='ltr'>expeditione</span> <span class='ocrx_word' id='word_1_195' title='bbox 981 2311 1177 2388; x_wconf 89' lang='lat' dir='ltr'>sepeliendo·</span> 
     </span>
     <span class='ocr_line' id='line_1_26' title="bbox 193 2394 1177 2472; baseline -0.001 -15"><span class='ocrx_word' id='word_1_196' title='bbox 193 2414 260 2457; x_wconf 90' lang='lat' dir='ltr'>rum</span> <span class='ocrx_word' id='word_1_197' title='bbox 275 2413 379 2457; x_wconf 86' lang='lat' dir='ltr'>curam</span> <span class='ocrx_word' id='word_1_198' title='bbox 393 2395 567 2466; x_wconf 86' lang='lat' dir='ltr'>habuisset,</span> <span class='ocrx_word' id='word_1_199' title='bbox 583 2395 695 2454; x_wconf 80' lang='lat' dir='ltr'>adferri</span> <span class='ocrx_word' id='word_1_200' title='bbox 709 2409 765 2455; x_wconf 91' lang='lat' dir='ltr'>eos</span> <span class='ocrx_word' id='word_1_201' title='bbox 779 2395 810 2452; x_wconf 95' lang='lat' dir='ltr'>in</span> <span class='ocrx_word' id='word_1_202' title='bbox 825 2401 927 2456; x_wconf 88' lang='lat' dir='ltr'>oustra</span> <span class='ocrx_word' id='word_1_203' title='bbox 940 2394 1038 2472; x_wconf 89' lang='lat' dir='ltr'>iussit,</span> <span class='ocrx_word' id='word_1_204' title='bbox 1053 2401 1088 2456; x_wconf 91' lang='lat' dir='ltr'>ut</span> <span class='ocrx_word' id='word_1_205' title='bbox 1102 2411 1177 2457; x_wconf 84' lang='lat' dir='ltr'>eou-</span> 
     </span>
     <span class='ocr_line' id='line_1_27' title="bbox 193 2476 1177 2556; baseline 0.001 -16"><span class='ocrx_word' id='word_1_206' title='bbox 193 2482 364 2556; x_wconf 85' lang='lat' dir='ltr'>spieeretur</span> <span class='ocrx_word' id='word_1_207' title='bbox 384 2480 424 2539; x_wconf 88' lang='lat' dir='ltr'>ab</span> <span class='ocrx_word' id='word_1_208' title='bbox 439 2478 580 2539; x_wconf 91' lang='lat' dir='ltr'>omnibus</span> <span class='ocrx_word' id='word_1_209' title='bbox 596 2477 711 2537; x_wconf 90' lang='lat' dir='ltr'>funeris</span> <span class='ocrx_word' id='word_1_210' title='bbox 725 2476 836 2538; x_wconf 90' lang='lat' dir='ltr'>honos.</span> <span class='ocrx_word' id='word_1_211' title='bbox 863 2478 937 2538; x_wconf 89' lang='lat' dir='ltr'>nihil</span> <span class='ocrx_word' id='word_1_212' title='bbox 951 2485 1013 2539; x_wconf 85' lang='lat' dir='ltr'>tarn</span> <span class='ocrx_word' id='word_1_213' title='bbox 1026 2479 1177 2541; x_wconf 82' lang='lat' dir='ltr'>incertum</span> 
     </span>
     <span class='ocr_line' id='line_1_28' title="bbox 194 2560 1175 2642; baseline 0.004 -19"><span class='ocrx_word' id='word_1_214' title='bbox 194 2569 326 2623; x_wconf 86' lang='lat' dir='ltr'>nectam</span> <span class='ocrx_word' id='word_1_215' title='bbox 342 2561 561 2622; x_wconf 88' lang='lat' dir='ltr'>inaestimabile</span> <span class='ocrx_word' id='word_1_216' title='bbox 576 2567 624 2620; x_wconf 88' lang='lat' dir='ltr'>est</span> <span class='ocrx_word' id='word_1_217' title='bbox 639 2576 730 2635; x_wconf 92' lang='lat' dir='ltr'>quam</span> <span class='ocrx_word' id='word_1_218' title='bbox 744 2560 836 2622; x_wconf 88' lang='lat' dir='ltr'>auimi</span> <span class='ocrx_word' id='word_1_219' title='bbox 851 2562 1061 2624; x_wconf 90' lang='lat' dir='ltr'>multitudiuis.</span> <span class='ocrx_word' id='word_1_220' title='bbox 1090 2565 1175 2642; x_wconf 89' lang='lat' dir='ltr'>quod</span> 
     </span>
     <span class='ocr_line' id='line_1_29' title="bbox 193 2643 1176 2722; baseline 0.004 -18"><span class='ocrx_word' id='word_1_221' title='bbox 193 2644 398 2722; x_wconf 87' lang='lat' dir='ltr'>promptiores</span> <span class='ocrx_word' id='word_1_222' title='bbox 419 2644 460 2703; x_wconf 89' lang='lat' dir='ltr'>ad</span> <span class='ocrx_word' id='word_1_223' title='bbox 481 2643 673 2704; x_wconf 89' lang='lat' dir='ltr'>subeundam</span> <span class='ocrx_word' id='word_1_224' title='bbox 699 2660 818 2705; x_wconf 88' lang='lat' dir='ltr'>omnem</span> <span class='ocrx_word' id='word_1_225' title='bbox 844 2646 1069 2707; x_wconf 79' lang='lat' dir='ltr'>dimicationem</span> <span class='ocrx_word' id='word_1_226' title='bbox 1089 2647 1176 2708; x_wconf 79' lang='lat' dir='ltr'>vide·</span> 
     </span>
     <span class='ocr_line' id='line_1_30' title="bbox 192 2728 1176 2808; baseline 0.004 -20"><span class='ocrx_word' id='word_1_227' title='bbox 192 2730 281 2789; x_wconf 89' lang='lat' dir='ltr'>batur</span> <span class='ocrx_word' id='word_1_228' title='bbox 294 2731 458 2802; x_wconf 81' lang='lat' dir='ltr'>facturum,</span> <span class='ocrx_word' id='word_1_229' title='bbox 474 2728 506 2788; x_wconf 91' lang='lat' dir='ltr'>id</span> <span class='ocrx_word' id='word_1_230' title='bbox 520 2735 632 2789; x_wconf 87' lang='lat' dir='ltr'>metum</span> <span class='ocrx_word' id='word_1_231' title='bbox 647 2728 860 2804; x_wconf 81' lang='lat' dir='ltr'>pigritiamque</span> <span class='ocrx_word' id='word_1_232' title='bbox 874 2730 1016 2793; x_wconf 82' lang='lat' dir='ltr'>ineussit=</span> <span class='ocrx_word' id='word_1_233' title='bbox 1035 2747 1108 2791; x_wconf 89' lang='lat' dir='ltr'>nam</span> <span class='ocrx_word' id='word_1_234' title='bbox 1123 2732 1176 2808; x_wconf 92' lang='lat' dir='ltr'>qui</span> 
     </span>
     <span class='ocr_line' id='line_1_31' title="bbox 147 2813 1175 2890; baseline 0.003 -18"><span class='ocrx_word' id='word_1_235' title='bbox 147 2879 151 2886; x_wconf 49' lang='grc'><strong><em>,</em></strong></span> <span class='ocrx_word' id='word_1_236' title='bbox 193 2814 290 2873; x_wconf 88' lang='lat' dir='ltr'>hastis</span> <span class='ocrx_word' id='word_1_237' title='bbox 312 2813 493 2888; x_wconf 81' lang='lat' dir='ltr'>sagittisque</span> <span class='ocrx_word' id='word_1_238' title='bbox 514 2819 545 2873; x_wconf 91' lang='lat' dir='ltr'>et</span> <span class='ocrx_word' id='word_1_239' title='bbox 563 2829 633 2873; x_wconf 90' lang='lat' dir='ltr'>rara</span> <span class='ocrx_word' id='word_1_240' title='bbox 646 2814 761 2874; x_wconf 80' lang='lat' dir='ltr'>lanceis</span> <span class='ocrx_word' id='word_1_241' title='bbox 776 2814 857 2873; x_wconf 85' lang='lat' dir='ltr'>faeta</span> <span class='ocrx_word' id='word_1_242' title='bbox 871 2817 999 2875; x_wconf 89' lang='lat' dir='ltr'>vulnera</span> <span class='ocrx_word' id='word_1_243' title='bbox 1012 2815 1175 2890; x_wconf 86' lang='lat' dir='ltr'>vidissent,</span> 
     </span>
     <span class='ocr_line' id='line_1_32' title="bbox 193 2896 1175 2975; baseline 0.003 -18"><span class='ocrx_word' id='word_1_244' title='bbox 193 2912 263 2958; x_wconf 92' lang='lat' dir='ltr'>oum</span> <span class='ocrx_word' id='word_1_245' title='bbox 276 2896 400 2957; x_wconf 83' lang='lat' dir='ltr'>Graecis</span> <span class='ocrx_word' id='word_1_246' title='bbox 411 2896 585 2975; x_wconf 85' lang='lat' dir='ltr'>illyriisque</span> <span class='ocrx_word' id='word_1_247' title='bbox 597 2913 736 2972; x_wconf 83' lang='lat' dir='ltr'>pugnare</span> <span class='ocrx_word' id='word_1_248' title='bbox 746 2896 876 2974; x_wconf 89' lang='lat' dir='ltr'>adsueti,</span> <span class='ocrx_word' id='word_1_249' title='bbox 892 2905 1059 2975; x_wconf 88' lang='lat' dir='ltr'>postquam</span> <span class='ocrx_word' id='word_1_250' title='bbox 1069 2900 1175 2974; x_wconf 84' lang='lat' dir='ltr'>gladio</span> 
     </span>
     <span class='ocr_line' id='line_1_33' title="bbox 192 2980 1175 3056; baseline 0.004 -16"><span class='ocrx_word' id='word_1_251' title='bbox 192 2980 387 3056; x_wconf 88' lang='lat' dir='ltr'>Hispaniensi</span> <span class='ocrx_word' id='word_1_252' title='bbox 403 2980 581 3041; x_wconf 85' lang='lat' dir='ltr'>denunoata</span> <span class='ocrx_word' id='word_1_253' title='bbox 596 2996 727 3056; x_wconf 86' lang='lat' dir='ltr'>corpora</span> <span class='ocrx_word' id='word_1_254' title='bbox 737 2980 870 3042; x_wconf 84' lang='lat' dir='ltr'>brachiis</span> <span class='ocrx_word' id='word_1_255' title='bbox 882 2999 950 3042; x_wconf 89' lang='lat' dir='ltr'>oum</span> <span class='ocrx_word' id='word_1_256' title='bbox 961 2983 1091 3044; x_wconf 92' lang='lat' dir='ltr'>humero</span> <span class='ocrx_word' id='word_1_257' title='bbox 1103 2984 1175 3044; x_wconf 89' lang='lat' dir='ltr'>abs-</span> 
     </span>
     <span class='ocr_line' id='line_1_34' title="bbox 193 3063 1178 3143; baseline 0.004 -19"><span class='ocrx_word' id='word_1_258' title='bbox 193 3063 280 3139; x_wconf 83' lang='lat' dir='ltr'>cisis,</span> <span class='ocrx_word' id='word_1_259' title='bbox 307 3070 357 3125; x_wconf 86' lang='lat' dir='ltr'>aut</span> <span class='ocrx_word' id='word_1_260' title='bbox 381 3071 444 3125; x_wconf 85' lang='lat' dir='ltr'>tota</span> <span class='ocrx_word' id='word_1_261' title='bbox 469 3066 588 3126; x_wconf 76' lang='lat' dir='ltr'>eervioe</span> <span class='ocrx_word' id='word_1_262' title='bbox 613 3066 739 3126; x_wconf 84' lang='lat' dir='ltr'>desecta</span> <span class='ocrx_word' id='word_1_263' title='bbox 763 3066 896 3126; x_wconf 88' lang='lat' dir='ltr'>divisaa</span> <span class='ocrx_word' id='word_1_264' title='bbox 916 3082 1048 3142; x_wconf 84' lang='lat' dir='ltr'>corpore</span> <span class='ocrx_word' id='word_1_265' title='bbox 1074 3065 1178 3143; x_wconf 84' lang='lat' dir='ltr'>capita</span> 
     </span>
    </p>
   </div>
   <div class='ocr_carea' id='block_1_5' title="bbox 191 3149 1293 3310">
    <p class='ocr_par' dir='ltr' id='par_1_6' title="bbox 191 3149 1293 3310">
     <span class='ocr_line' id='line_1_35' title="bbox 192 3149 1293 3224; baseline 0.003 -17"><span class='ocrx_word' id='word_1_266' title='bbox 192 3149 387 3224; x_wconf 87' lang='lat' dir='ltr'>patentiaque</span> <span class='ocrx_word' id='word_1_267' title='bbox 409 3149 531 3209; x_wconf 85' lang='lat' dir='ltr'>viscera</span> <span class='ocrx_word' id='word_1_268' title='bbox 548 3155 578 3210; x_wconf 91' lang='lat' dir='ltr'>et</span> <span class='ocrx_word' id='word_1_269' title='bbox 598 3150 773 3211; x_wconf 86' lang='lat' dir='ltr'>foeditatem</span> <span class='ocrx_word' id='word_1_270' title='bbox 792 3149 882 3209; x_wconf 86' lang='lat' dir='ltr'>aliam</span> <span class='ocrx_word' id='word_1_271' title='bbox 906 3153 1068 3212; x_wconf 87' lang='lat' dir='ltr'>vulnerum</span> <span class='ocrx_word' id='word_1_272' title='bbox 1088 3152 1174 3212; x_wconf 79' lang='lat' dir='ltr'>vide</span> <span class='ocrx_word' id='word_1_273' title='bbox 1291 3182 1293 3210; x_wconf 62' lang='lat' dir='ltr'>l</span> 
     </span>
     <span class='ocr_line' id='line_1_36' title="bbox 191 3232 1292 3310; baseline 0.005 -19"><span class='ocrx_word' id='word_1_274' title='bbox 191 3237 270 3307; x_wconf 80' lang='lat' dir='ltr'>runt,</span> <span class='ocrx_word' id='word_1_275' title='bbox 286 3232 436 3294; x_wconf 85' lang='lat' dir='ltr'>adversus</span> <span class='ocrx_word' id='word_1_276' title='bbox 451 3249 531 3308; x_wconf 89' lang='lat' dir='ltr'>quae</span> <span class='ocrx_word' id='word_1_277' title='bbox 546 3235 606 3293; x_wconf 87' lang='lat' dir='ltr'>tela</span> <span class='ocrx_word' id='word_1_278' title='bbox 621 3249 762 3309; x_wconf 92' lang='lat' dir='ltr'>quosque</span> <span class='ocrx_word' id='word_1_279' title='bbox 776 3232 860 3294; x_wconf 89' lang='lat' dir='ltr'>viros</span> <span class='ocrx_word' id='word_1_280' title='bbox 872 3236 1072 3310; x_wconf 86' lang='lat' dir='ltr'>pugnandum</span> <span class='ocrx_word' id='word_1_281' title='bbox 1084 3236 1176 3309; x_wconf 85' lang='lat' dir='ltr'>foret,</span> <span class='ocrx_word' id='word_1_282' title='bbox 1291 3245 1292 3262; x_wconf 49' lang='lat' dir='ltr'>t</span> 
     </span>
    </p>
   </div>
   <div class='ocr_carea' id='block_1_6' title="bbox 192 3315 1177 3563">
    <p class='ocr_par' dir='ltr' id='par_1_7' title="bbox 192 3315 1177 3563">
     <span class='ocr_line' id='line_1_37' title="bbox 192 3315 1177 3395; baseline 0.003 -20"><span class='ocrx_word' id='word_1_283' title='bbox 192 3315 296 3392; x_wconf 89' lang='lat' dir='ltr'>pavidi</span> <span class='ocrx_word' id='word_1_284' title='bbox 309 3318 402 3392; x_wconf 79' lang='lat' dir='ltr'>vulgo</span> <span class='ocrx_word' id='word_1_285' title='bbox 414 3318 587 3377; x_wconf 87' lang='lat' dir='ltr'>cernebant</span> <span class='ocrx_word' id='word_1_286' title='bbox 610 3317 712 3393; x_wconf 89' lang='lat' dir='ltr'>ipsum</span> <span class='ocrx_word' id='word_1_287' title='bbox 724 3334 847 3393; x_wconf 91' lang='lat' dir='ltr'>quoque</span> <span class='ocrx_word' id='word_1_288' title='bbox 857 3333 961 3394; x_wconf 84' lang='lat' dir='ltr'>regem</span> <span class='ocrx_word' id='word_1_289' title='bbox 972 3326 1072 3380; x_wconf 90' lang='lat' dir='ltr'>terror</span> <span class='ocrx_word' id='word_1_290' title='bbox 1082 3319 1177 3395; x_wconf 88' lang='lat' dir='ltr'>oepit,</span> 
     </span>
     <span class='ocr_line' id='line_1_38' title="bbox 192 3399 1177 3478; baseline 0.004 -18"><span class='ocrx_word' id='word_1_291' title='bbox 192 3399 328 3460; x_wconf 90' lang='lat' dir='ltr'>nondum</span> <span class='ocrx_word' id='word_1_292' title='bbox 349 3401 429 3462; x_wconf 90' lang='lat' dir='ltr'>iusto</span> <span class='ocrx_word' id='word_1_293' title='bbox 450 3401 567 3477; x_wconf 91' lang='lat' dir='ltr'>proelio</span> <span class='ocrx_word' id='word_1_294' title='bbox 588 3416 658 3462; x_wconf 85' lang='lat' dir='ltr'>oum</span> <span class='ocrx_word' id='word_1_295' title='bbox 673 3401 819 3462; x_wconf 87' lang='lat' dir='ltr'>Romanis</span> <span class='ocrx_word' id='word_1_296' title='bbox 834 3418 1045 3476; x_wconf 86' lang='lat' dir='ltr'>congressum.</span> <span class='ocrx_word' id='word_1_297' title='bbox 1069 3403 1177 3478; x_wconf 75' lang='lat' dir='ltr'>itaque</span> 
     </span>
     <span class='ocr_line' id='line_1_39' title="bbox 192 3485 1177 3563; baseline 0.002 -17"><span class='ocrx_word' id='word_1_298' title='bbox 192 3491 336 3548; x_wconf 73' lang='lat' dir='ltr'>reumate</span> <span class='ocrx_word' id='word_1_299' title='bbox 357 3486 420 3547; x_wconf 91' lang='lat' dir='ltr'>tilio</span> <span class='ocrx_word' id='word_1_300' title='bbox 435 3485 670 3563; x_wconf 73' lang='lat' dir='ltr'>praesidioque,</span> <span class='ocrx_word' id='word_1_301' title='bbox 691 3486 776 3560; x_wconf 91' lang='lat' dir='ltr'>quod</span> <span class='ocrx_word' id='word_1_302' title='bbox 789 3486 820 3544; x_wconf 94' lang='lat' dir='ltr'>in</span> <span class='ocrx_word' id='word_1_303' title='bbox 834 3486 974 3548; x_wconf 79' lang='lat' dir='ltr'>faucibus</span> <span class='ocrx_word' id='word_1_304' title='bbox 988 3486 1177 3563; x_wconf 75' lang='lat' dir='ltr'>Pelagoniae</span> 
     </span>
    </p>
   </div>
   <div class='ocr_carea' id='block_1_7' title="bbox 0 0 1304 4000">
    <p class='ocr_par' dir='ltr' id='par_1_8' title="bbox 0 0 1304 4000">
     <span class='ocr_line' id='line_1_40' title="bbox 0 0 1304 4000; baseline 0 3"><span class='ocrx_word' id='word_1_305' title='bbox 0 0 1304 4000; x_wconf 95' lang='lat' dir='ltr'> </span> 
     </span>
    </p>
   </div>
  </div>
 </body>
</html>
