2600 4000
253 216 368 278 LIBER
381 216 527 277 XXXVII.
551 217 634 277 cAP.
649 226 692 278 hh.
707 226 751 279 Pl.
774 224 810 291 [a.
827 224 859 276 0.
877 223 938 292 190]
1033 216 1099 280 270

3 391 4 398 ¹
121 369 209 435 etimn
230 368 337 442 territi,
358 383 427 430 oum
448 366 569 428 vincula
586 367 796 443 abrupissent,
819 368 1050 445 trepidationem
1065 381 1098 434 et

119 452 277 516 tumultum
306 449 385 511 inter
407 466 482 512 suos
508 451 654 512 lecerunt.
688 451 780 526 pauci
805 454 927 514 stabant
949 451 1097 530 impavidi

2 576 12 616 g
121 534 209 614 equi:
236 550 292 596 eos
311 535 399 609 ipsos
420 551 481 595 non
501 542 654 609 sternere,
675 551 737 596 non
757 534 909 595 infrenare
923 545 975 597 aut
988 553 1094 598 escen-

1 663 11 702 ,
122 622 196 682 dere
215 617 305 679 laoile
321 625 476 693 poterant,
498 620 591 678 multo
612 617 757 679 maiorem
779 635 871 695 quam
892 636 949 694 pro
968 635 1095 681 numero

2 745 10 784 4
121 704 256 779 equitum
270 709 416 763 terrorem
430 701 563 762 Achaeis
577 701 788 763 inserentibus.
822 702 943 778 pedites
956 719 1031 764 vero
1047 719 1092 763 or-

121 787 215 849 dinati
237 793 268 846 et
287 785 460 860 praeparati
483 800 612 860 sparsos
632 800 689 860 per
713 785 934 861 neglegentiam
954 795 985 848 et
1005 786 1095 847 semi·

121 886 248 932 somnos
268 884 366 944 prope
387 869 484 930 adorti
505 876 585 929 sunt
613 869 726 929 caedes
747 869 865 944 passim
885 869 1020 945 rugaque
1040 886 1097 945 per

2 1001 5 1038 ζ
120 969 248 1028 campos
264 954 344 1012 lacta
358 959 413 1012 est.
433 950 610 1026 Diophanes
621 960 747 1014 secutus
759 951 876 1014 effusos
887 954 990 1028 quoad
1001 959 1097 1015 tutum

121 1037 191 1111 luit,
214 1052 325 1111 magno
347 1035 459 1097 decore
477 1035 560 1111 genti
574 1036 769 1097 Achaeorum
782 1041 870 1111 parto
885 1069 922 1080 -
936 1045 1096 1112 spectare

120 1127 188 1181 rant
202 1120 282 1180 enim
297 1134 315 1179 e
328 1119 488 1180 moenibus
498 1119 636 1194 Pergami
650 1137 712 1180 non
726 1118 783 1179 viri
795 1121 886 1183 modo
899 1120 956 1180 sed
967 1120 1097 1181 feminae

121 1203 211 1265 etiam
225 1203 305 1262 -in
320 1201 508 1279 praesidium
523 1203 608 1263 urhis
623 1203 711 1264 redit.
743 1202 819 1263 XXl.
843 1211 968 1279 postero
984 1204 1034 1264 die
1047 1219 1095 1265 re-

121 1289 189 1362 giae
209 1285 307 1361 magis
328 1286 517 1361 compositae
538 1294 569 1348 et
582 1287 740 1347 ordinatae
760 1288 907 1348 stationes
923 1288 1096 1363 quingentis

121 1370 266 1446 passibus
279 1368 412 1444 longius
432 1370 471 1429 ab
493 1370 569 1431 urbe
590 1377 761 1445 posuemnt
781 1377 898 1439 castra;
930 1377 961 1430 et
979 1368 1097 1431 Achaei

122 1456 230 1515 eodem
251 1454 346 1514 ierme
365 1460 501 1529 tempore
521 1461 612 1529 atque
626 1454 657 1512 in
673 1455 803 1515 eundem
818 1454 920 1515 locum
934 1469 1096 1529 processe

120 1545 199 1598 runt.
229 1553 284 1613 per
304 1537 414 1597 multas
435 1535 528 1597 horas
547 1535 653 1598 intenti
674 1538 825 1614 utrimque
846 1539 928 1597 velut
945 1537 1004 1596 iam
1018 1538 1096 1597 lutu-

121 1638 187 1683 rum
214 1620 360 1696 impeturn
385 1625 654 1695 exspectaveranh
689 1628 853 1698 postquam
882 1619 965 1679 haud
991 1620 1098 1693 procul

122 1721 236 1766 occasu
257 1705 332 1765 solis
346 1704 495 1764 redeundi
510 1703 539 1763 in
555 1710 656 1764 castra
671 1711 792 1779 tempus
807 1709 886 1773 erat,
909 1701 986 1775 regii
1000 1702 1097 1777 signis

121 1789 238 1851 collatis
253 1787 338 1848 abire
352 1787 471 1863 agmine
486 1788 526 1848 ad
540 1786 596 1848 iter
606 1787 705 1860 magis
719 1801 809 1860 quarn
820 1785 861 1844 ad
872 1800 1005 1859 pugnam
1015 1801 1095 1845 com-

121 1872 222 1948 posito
249 1887 389 1946 coepere.
426 1869 540 1945 quievit
559 1868 752 1944 Diophanes,
780 1867 851 1927 dum
877 1868 906 1926 in
929 1876 1099 1943 conspectu

121 1962 221 2019 erant=
241 1953 352 2015 deinde
367 1953 477 2014 eodem
492 1967 553 2027 quo
568 1950 667 2026 pridie
678 1951 791 2027 impetu
803 1949 832 2011 in
845 1958 1034 2027 postremum
1045 1968 1096 2029 ag·-

121 2054 190 2098 men
211 2036 351 2109 incurrit,
370 2042 548 2110 tantumque
568 2050 677 2094 rursus
698 2033 823 2109 pavoris
843 2050 879 2095 ao
894 2038 1037 2097 tumultus
1052 2038 1099 2096 in-

122 2120 233 2192 cussit,
253 2124 287 2178 ut
306 2133 375 2178 cum
387 2125 474 2192 terga
489 2116 704 2191 caederentur,
725 2133 814 2179 nemo
830 2119 986 2193 pugnandi
1002 2136 1097 2180 eausa

123 2202 278 2272 restiterit;
301 2200 551 2276 trepidantesque
566 2206 597 2259 et
610 2199 662 2260 vix
677 2200 815 2261 ordinem
829 2199 958 2276 agminis
973 2217 1097 2261 servan-

122 2295 168 2348 les
182 2284 214 2344 in
229 2290 329 2345 eastra
343 2283 492 2359 compulsi
504 2288 584 2343 sunt.
606 2282 683 2343 haec
695 2283 890 2345 Achaeorum
903 2284 1032 2345 audacia
1043 2283 1096 2344 Se-

123 2371 242 2431 leucum
257 2384 297 2429 ex
310 2383 385 2443 agro
399 2367 585 2443 Pergameno
600 2383 725 2427 movere
741 2373 842 2428 castra
856 2367 965 2442 coegit.

203 2450 375 2513 Antiochus
400 2459 565 2527 postquam
588 2451 744 2512 Romanos
769 2451 807 2510 ad
833 2451 979 2511 tuendum
999 2449 1100 2509 Adra-

121 2543 269 2616 mytteum
282 2536 406 2596 venisse
419 2534 544 2608 audivit,
559 2550 596 2594 ea
611 2534 734 2610 quidem
746 2533 822 2594 urhe
832 2533 985 2606 abstinuit,
1002 2534 1097 2608 depo·

121 2622 243 2696 pulatus
268 2636 370 2694 agros.
407 2618 553 2679 Peraeam
579 2617 650 2677 inde
672 2616 824 2677 coloniam
844 2617 1098 2696 Mitylenaeorum

123 2702 319 2777 expugnavit.
342 2701 449 2762 Cotton
464 2708 495 2761 et
509 2700 679 2776 Corylenus
694 2708 724 2760 et
737 2700 942 2775 Aphrodisias
958 2707 989 2761 et
1003 2700 1098 2760 Crene

122 2786 220 2861 primo
237 2785 352 2858 impetu
367 2792 475 2860 captae
490 2789 570 2843 sunt.
591 2783 664 2843 inde
679 2799 734 2859 per
744 2783 918 2861 Thyatiram
931 2783 1036 2844 Sardis
1050 2798 1099 2842 re-

122 2869 185 2929 diit.
222 2866 371 2928 Seleucus
393 2866 422 2926 in
444 2882 499 2927 ora
522 2864 671 2925 maritima
695 2882 877 2941 permanens
903 2867 970 2926 aliis
990 2865 1098 2927 terrori

122 2957 187 3012 erat
206 2950 273 3011 aliis
295 2949 461 3025 praesidio.
496 2948 607 3009 elassis
623 2950 764 3009 Romana
784 2964 852 3009 cum
865 2949 1002 3009 Eumene
1016 2949 1092 3010 Rho

122 3034 243 3111 diisque
255 3033 422 3112 Mitylenen
437 3031 550 3108 primo,
572 3032 641 3092 inde
656 3039 752 3106 retro,
774 3033 856 3094 unde
871 3032 1011 3107 prolecta
1024 3039 1099 3105 erat,

122 3118 244 3179 Elaeam
264 3118 352 3178 redit.
385 3117 456 3178 inde
470 3115 641 3177 Phocaeam
655 3122 793 3191 petentes
808 3115 847 3175 ad
864 3115 991 3176 insulam
1008 3131 1100 3193 quam

121 3201 287 3262 Bacchium
311 3208 425 3262 vocant
437 3232 481 3244 —
494 3199 628 3261 imminet
649 3199 718 3261 urbi
738 3198 1098 3274 Phocaeensium—ap-

123 3285 278 3360 pulerunt,
301 3292 331 3346 et
351 3285 462 3361 quibus
486 3291 555 3344 ante
576 3282 784 3344 abstinuerant
803 3283 924 3359 templis
940 3282 1099 3358 signisque

122 3399 165 3413 -
177 3366 296 3444 egregie
320 3376 420 3430 autern
446 3374 593 3428 exornata
613 3366 714 3426 insula
734 3372 798 3427 erat
813 3401 848 3410 -
863 3382 932 3427 cum
951 3364 1101 3426 hostiliter
1119 3390 1125 3420 ·.

123 3449 330 3526 diripuissent,
345 3449 497 3527 adipsum
513 3451 619 3511 urbem
634 3450 877 3509 transmiserunt
909 3463 977 3507 eam
992 3445 1102 3507 divisis
