2600 4000
219 239 281 302 300
356 237 470 298 LIBER
484 234 631 296 xxxvii.
654 233 737 293 cnP.
751 242 794 296 te.
807 242 851 295 eb.
874 240 910 305 [a.
922 237 957 290 U.
967 255 992 289 c.
1003 238 1065 304 ddi]

219 397 376 452 venerunt
407 387 577 451 Antiochus
592 402 662 448 cum
677 385 785 463 paucis
801 385 937 462 lugiens,
958 386 989 446 in
1004 387 1075 462 ipso
1090 387 1202 449 itinere

220 473 358 552 pluribus
373 471 629 549 congregantibus
644 485 690 544 se,
704 470 827 533 modica
836 486 928 532 manu
940 478 1126 532 annulorum
1138 487 1200 531 me

220 558 271 621 dia
284 559 379 618 ierme
394 564 484 619 nocte
499 554 605 616 Sardis
620 552 783 615 contendit.
810 552 891 628 inde,
907 569 976 615 cum
990 553 1132 616 audisset
1145 555 1201 617 Se

220 644 340 712 leucum
362 641 456 703 lilium
476 647 507 700 et
520 639 673 715 quasdam
690 637 858 698 amicorum
871 639 1040 714 Apameam
1055 654 1202 715 progres

220 743 284 801 sos,
299 724 412 800 etipse
428 729 536 799 quarta
551 720 656 798 vigilia
670 736 740 782 cum
754 719 885 796 coniuge
898 736 935 782 ac
949 721 1012 782 lilia
1026 723 1103 798 petit
1113 724 1201 800 Apa-

219 826 317 872 meam
327 807 446 870 Xenoni
460 806 569 869 tradita
584 804 726 866 custodia
737 805 831 880 urbis,
844 802 971 865 limone
981 805 1099 884 Lydiae
1111 822 1201 882 prae·

219 894 338 972 posito;
361 892 472 969 quibus
487 888 599 966 spretis
614 904 770 950 consensu
784 885 1011 963 oppidanorum
1021 895 1052 950 et
1062 890 1203 964 militum,

221 979 272 1056 qui
287 978 316 1037 in
327 991 399 1037 arce
410 981 504 1048 erant,
519 973 610 1048 legati
622 973 662 1032 ad
673 972 832 1034 consulem
843 971 1021 1034 missisunt
1035 971 1128 1033 XLV.
1144 974 1204 1034 sub

220 1063 299 1121 idem
314 1059 378 1119 iere
392 1065 512 1133 tempus
524 1064 555 1117 et
565 1056 604 1117 ab
615 1056 765 1117 Trallibus
776 1063 806 1116 et
817 1054 1006 1131 allagnesia
1015 1072 1097 1131 quae
1106 1073 1203 1134 super

219 1142 418 1203 Maeandrum
438 1148 486 1202 est
505 1147 536 1202 et
555 1140 595 1201 ab
609 1140 734 1216 Epheso
758 1139 848 1215 legati
869 1140 909 1200 ad
932 1139 1092 1201 dedendas
1106 1141 1203 1202 urbes

220 1232 376 1286 venerunt
398 1225 562 1300 reliquerat
575 1224 731 1299 Ephesum
746 1222 954 1301 Polyxenidas
969 1224 1073 1284 audita
1088 1240 1200 1300 pugna

220 1316 250 1370 et
263 1309 356 1370 classi
371 1324 471 1382 usque
481 1309 522 1368 ad
532 1307 641 1368 Patara
651 1308 765 1386 Lyciae
780 1314 952 1382 pervectus,
967 1314 1049 1368 metu
1059 1308 1203 1369 stationis

221 1392 407 1454 Rhodiarum
428 1390 565 1462 navium,
588 1407 670 1466 quae
690 1392 730 1452 ad
746 1390 897 1466 Megisten
915 1397 1017 1466 erant,
1038 1392 1067 1451 in
1089 1399 1201 1455 temam

220 1492 367 1553 egressus
382 1491 452 1536 cum
467 1473 575 1550 paucis
589 1472 697 1535 itinere
711 1474 848 1550 pedestri
863 1472 985 1552 Syriam
1001 1475 1084 1550 petit
1106 1476 1202 1536 Asiae

221 1562 358 1621 civitates
382 1559 412 1620 in
434 1558 526 1618 fldem
547 1557 683 1618 consulis
710 1558 924 1634 dicionemque
943 1559 1050 1635 populi
1069 1560 1202 1621 Romani

221 1660 293 1707 sesa
307 1643 476 1705 tradebant
498 1640 649 1702 Sardibus
664 1642 724 1702 iam
739 1643 936 1703 consuleret.
959 1657 997 1704 eo
1009 1650 1040 1703 et
1048 1642 1081 1702 Ρ.
1095 1642 1203 1718 Scipio

221 1729 259 1788 ab
273 1728 375 1802 Elaea,
391 1744 460 1788 cum
474 1726 603 1802 primum
618 1726 682 1801 pati
696 1724 832 1786 laborem
848 1726 916 1786 viae
929 1726 1035 1802 potuit,
1050 1726 1145 1789 venit.

304 1812 368 1874 Sub
389 1811 470 1872 idern
492 1811 556 1871 iere
578 1818 699 1885 tempus
721 1809 906 1874 caduceator
925 1809 964 1870 ab
978 1810 1131 1872 Antiocho
1147 1828 1204 1887 per
1293 1839 1294 1864 ι

220 1897 252 1955 P.
268 1894 444 1972 Scipionem
464 1897 627 1957 aeonsule
648 1893 723 1972 petit
742 1893 990 1969 impetrauitque,
1009 1900 1044 1955 ut
1061 1902 1203 1957 oratores
1293 1893 1295 1958 i

220 1978 336 2040 mittere
358 1978 462 2039 liceret
482 1978 556 2055 regi.
592 1993 709 2055 paucos
726 1985 796 2055 post
813 1975 880 2039 dies
894 1977 1024 2055 Zeuxis,
1046 1979 1099 2055 qui
1112 1995 1202 2056 prae·

221 2064 319 2125 iectus
334 2063 449 2141 Lydiae
470 2063 583 2136 iuerat,
606 2068 636 2123 et
650 2062 810 2139 Antipater
829 2062 930 2123 {ramis
945 2062 1026 2124 tilius
1041 2073 1203 2124 venerunt

221 2146 307 2223 prius
320 2147 457 2209 Eunrene
477 2154 644 2221 convento,
668 2162 757 2224 quem
779 2152 906 2223 propter
921 2152 1023 2208 retem
1036 2148 1205 2209 certamina

221 2247 361 2294 aversum
375 2231 507 2293 maxime
521 2247 541 2291 a
556 2247 633 2307 pace
646 2229 814 2293 credebant
827 2246 914 2306 esse,
936 2236 967 2291 et
981 2231 1150 2306 placatiore
1165 2247 1204 2292 eo

220 2323 251 2378 et
265 2324 366 2379 suaet
380 2314 463 2392 regis
478 2331 536 2391 spe
551 2315 686 2390 invento,
701 2323 762 2376 tum
778 2315 809 2374 P.
824 2312 999 2390 Scipionem
1014 2320 1045 2376 et
1058 2331 1115 2390 per
1132 2331 1204 2376 eum

221 2404 379 2464 consulem
400 2400 555 2470 adierunt3
577 2399 780 2475 praebitoque
797 2398 834 2459 iis
855 2397 1027 2475 petentibus
1049 2397 1204 2475 frequenti

221 2484 350 2546 consilio
365 2485 405 2544 ad
420 2483 562 2542 mandata
576 2482 706 2554 edenda,
723 2489 882 2554 „nontam
897 2482 973 2558 quid
985 2482 1046 2558 ipsi
1061 2482 1202 2543 dicamus

220 2567 388 2627 habemus“
413 2563 653 2640 inquitzeuxis,
679 2580 793 2640 „quam
814 2574 848 2628 ut
861 2583 881 2626 a
894 2566 984 2628 vobis
1006 2581 1200 2644 quaeramus

221 2649 364 2723 Romani,
386 2662 447 2722 quo
468 2647 589 2723 piaculo
611 2647 739 2723 expiare
754 2665 889 2711 errorem
903 2650 1001 2725 regis,
1026 2665 1137 2726 pacem
1150 2666 1199 2711 ve

220 2736 363 2809 niamque
382 2730 545 2807 impetrare
559 2748 578 2791 a
593 2732 759 2795 victoribus
776 2734 942 2810 possimus.
975 2733 1108 2796 maximo
1124 2749 1204 2794 sem·

221 2832 277 2894 per
297 2817 397 2879 animo
419 2814 508 2877 victis
529 2817 655 2892 regibus
678 2819 864 2894 populisque
883 2816 1055 2895 ignovistis.
1086 2826 1204 2893 quanto

220 2902 253 2963 id
271 2901 388 2964 maiore
408 2907 438 2962 et
452 2901 618 2978 placatiore
632 2902 733 2963 animo
748 2903 837 2963 decet
851 2916 908 2963 vos
923 2901 1026 2963 iacere
1040 2901 1071 2961 in
1082 2902 1144 2961 hac
1158 2901 1204 2961 vi·

221 2985 330 3058 cloria,
358 3000 438 3061 quae
460 3001 519 3046 vos
539 2984 682 3048 dominos
701 2986 785 3047 orbis
806 2992 953 3048 terrarum
974 2985 1068 3046 tecitt
1092 2985 1205 3060 positis

220 3070 278 3129 iam
299 3069 450 3130 adversus
471 3085 579 3131 omnes
594 3071 739 3132 mortales
754 3069 988 3141 certaminibus,
1009 3068 1092 3129 haud
1107 3083 1202 3131 secus

221 3169 312 3229 quam
326 3154 404 3215 deos
419 3155 581 3215 consulere
593 3160 624 3214 et
637 3169 766 3229 parcere
778 3171 835 3216 vos
847 3154 952 3231 generi
963 3153 1096 3215 humano
1110 3168 1205 3228 opor-

220 3242 291 3298 tet.“
311 3235 371 3297 iam
393 3245 555 3312 antequam
574 3237 665 3311 legati
681 3238 832 3312 venirent,
855 3238 1013 3299 decretum
1027 3244 1108 3310 erat,
1129 3237 1206 3312 quid

219 3321 468 3395 responderetur.
489 3320 683 3395 respondere
696 3321 872 3383 Africanum
887 3323 1012 3398 placuit
1032 3321 1105 3383 isin
1120 3319 1206 3381 hunc

220 3404 345 3465 modum
359 3405 480 3463 locutus
495 3403 599 3463 iertur.
628 3403 778 3477 „Romani
792 3420 832 3464 ex
847 3404 885 3465 iis
902 3406 1027 3480 quaein
1042 3404 1136 3465 deum
1149 3403 1207 3464 im.

220 3487 390 3547 mortalium
405 3491 556 3561 potestate
571 3493 667 3559 erant,
682 3502 719 3544 aa
729 3485 878 3547 habemus
891 3502 971 3563 qnae
983 3488 1024 3548 dii
1036 3488 1206 3548 dederunta
