<?xml version="1.0" encoding="UTF-8"?>
<!DOCTYPE html PUBLIC "-//W3C//DTD XHTML 1.0 Transitional//EN"
    "http://www.w3.org/TR/xhtml1/DTD/xhtml1-transitional.dtd">
<html xmlns="http://www.w3.org/1999/xhtml" xml:lang="en" lang="en">
 <head>
  <title>
</title>
<meta http-equiv="Content-Type" content="text/html;charset=utf-8" />
  <meta name='ocr-system' content='tesseract 3.04.00' />
  <meta name='ocr-capabilities' content='ocr_page ocr_carea ocr_par ocr_line ocrx_word'/>
</head>
<body>
  <div class='ocr_page' id='page_1' title='image "./aburbeconditali00mlgoog_0424.png"; bbox 0 0 2600 4000; ppageno 0'>
   <div class='ocr_carea' id='block_1_1' title="bbox 234 273 1094 345">
    <p class='ocr_par' dir='ltr' id='par_1_1' title="bbox 234 273 1094 345">
     <span class='ocr_line' id='line_1_1' title="bbox 234 273 1094 345; baseline -0.007 -5"><span class='ocrx_word' id='word_1_1' title='bbox 234 275 298 340; x_wconf 68' lang='grc'><strong>370</strong></span> <span class='ocrx_word' id='word_1_2' title='bbox 361 275 477 336; x_wconf 81' lang='lat' dir='ltr'>LIBER</span> <span class='ocrx_word' id='word_1_3' title='bbox 489 274 651 335; x_wconf 82' lang='lat' dir='ltr'>XXXVIIL</span> <span class='ocrx_word' id='word_1_4' title='bbox 673 273 757 334; x_wconf 73' lang='lat' dir='ltr'><strong>cdl‘.</strong></span> <span class='ocrx_word' id='word_1_5' title='bbox 773 282 816 335; x_wconf 67' lang='lat' dir='ltr'><strong>il.</strong></span> <span class='ocrx_word' id='word_1_6' title='bbox 829 283 874 334; x_wconf 64' lang='grc' dir='ltr'><strong>ὦ.</strong></span> <span class='ocrx_word' id='word_1_7' title='bbox 896 279 933 345; x_wconf 80' lang='lat' dir='ltr'><strong>[a.</strong></span> <span class='ocrx_word' id='word_1_8' title='bbox 946 279 982 330; x_wconf 82' lang='lat' dir='ltr'><strong>U.</strong></span> <span class='ocrx_word' id='word_1_9' title='bbox 994 295 1018 330; x_wconf 81' lang='lat' dir='ltr'><strong>c.</strong></span> <span class='ocrx_word' id='word_1_10' title='bbox 1029 279 1094 345; x_wconf 70' lang='grc' dir='ltr'><strong>δῶ]</strong></span> 
     </span>
    </p>
   </div>
   <div class='ocr_carea' id='block_1_2' title="bbox 232 422 1292 500">
    <p class='ocr_par' dir='ltr' id='par_1_2' title="bbox 232 422 1292 500">
     <span class='ocr_line' id='line_1_2' title="bbox 232 422 1292 500; baseline -0.003 -13"><span class='ocrx_word' id='word_1_11' title='bbox 232 422 1080 497; x_wconf 75' lang='lat' dir='ltr'><strong>utantensemperiactumessetaeqnumccnsebant</strong></span> <span class='ocrx_word' id='word_1_12' title='bbox 1106 422 1215 484; x_wconf 87' lang='lat' dir='ltr'><strong>Petillii</strong></span> <span class='ocrx_word' id='word_1_13' title='bbox 1258 443 1292 500; x_wconf 56' lang='lat' dir='ltr'><em>g</em></span> 
     </span>
    </p>
   </div>
   <div class='ocr_carea' id='block_1_3' title="bbox 113 505 1215 580">
    <p class='ocr_par' dir='ltr' id='par_1_3' title="bbox 113 505 1215 580">
     <span class='ocr_line' id='line_1_3' title="bbox 113 505 1215 580; baseline -0.001 -12"><span class='ocrx_word' id='word_1_14' title='bbox 113 563 117 568; x_wconf 91' lang='lat'>.</span> <span class='ocrx_word' id='word_1_15' title='bbox 232 508 422 571; x_wconf 77' lang='lat' dir='ltr'><strong>nobilitatem</strong></span> <span class='ocrx_word' id='word_1_16' title='bbox 441 513 473 566; x_wconf 90' lang='lat' dir='ltr'><strong>et</strong></span> <span class='ocrx_word' id='word_1_17' title='bbox 491 520 620 580; x_wconf 68' lang='lat' dir='ltr'><strong>regnum</strong></span> <span class='ocrx_word' id='word_1_18' title='bbox 640 505 672 564; x_wconf 91' lang='lat' dir='ltr'><strong>in</strong></span> <span class='ocrx_word' id='word_1_19' title='bbox 691 513 801 565; x_wconf 76' lang='lat' dir='ltr'><strong>scmtn</strong></span> <span class='ocrx_word' id='word_1_20' title='bbox 815 505 994 579; x_wconf 88' lang='lat' dir='ltr'><strong>Scipionum</strong></span> <span class='ocrx_word' id='word_1_21' title='bbox 1014 505 1215 567; x_wconf 68' lang='lat' dir='ltr'>accusabant</span> 
     </span>
    </p>
   </div>
   <div class='ocr_carea' id='block_1_4' title="bbox 230 586 1215 747">
    <p class='ocr_par' dir='ltr' id='par_1_4' title="bbox 230 586 1215 747">
     <span class='ocr_line' id='line_1_4' title="bbox 235 586 1215 665; baseline -0.01 -11"><span class='ocrx_word' id='word_1_22' title='bbox 235 595 266 653; x_wconf 83' lang='lat' dir='ltr'><strong>t.</strong></span> <span class='ocrx_word' id='word_1_23' title='bbox 286 592 397 653; x_wconf 80' lang='lat' dir='ltr'><strong>Furius</strong></span> <span class='ocrx_word' id='word_1_24' title='bbox 416 588 564 665; x_wconf 86' lang='lat' dir='ltr'><strong>Purpurio</strong></span> <span class='ocrx_word' id='word_1_25' title='bbox 585 588 774 661; x_wconf 78' lang='lat' dir='ltr'><strong>consuleris,</strong></span> <span class='ocrx_word' id='word_1_26' title='bbox 797 589 850 664; x_wconf 84' lang='lat' dir='ltr'><strong>qui</strong></span> <span class='ocrx_word' id='word_1_27' title='bbox 869 589 900 648; x_wconf 90' lang='lat' dir='ltr'><strong>in</strong></span> <span class='ocrx_word' id='word_1_28' title='bbox 920 589 1029 649; x_wconf 84' lang='lat' dir='ltr'><strong>decern</strong></span> <span class='ocrx_word' id='word_1_29' title='bbox 1048 586 1162 664; x_wconf 80' lang='lat' dir='ltr'><strong>legatis</strong></span> <span class='ocrx_word' id='word_1_30' title='bbox 1184 589 1215 650; x_wconf 84' lang='lat' dir='ltr'><strong>in</strong></span> 
     </span>
     <span class='ocr_line' id='line_1_5' title="bbox 230 672 1214 747; baseline -0.008 -9"><span class='ocrx_word' id='word_1_31' title='bbox 230 676 309 738; x_wconf 82' lang='lat' dir='ltr'><strong>Asin</strong></span> <span class='ocrx_word' id='word_1_32' title='bbox 322 676 435 747; x_wconf 84' lang='lat' dir='ltr'><strong>iuerat,</strong></span> <span class='ocrx_word' id='word_1_33' title='bbox 456 674 545 733; x_wconf 84' lang='lat' dir='ltr'><strong>latius</strong></span> <span class='ocrx_word' id='word_1_34' title='bbox 560 672 732 747; x_wconf 77' lang='lat' dir='ltr'><strong>rogandum</strong></span> <span class='ocrx_word' id='word_1_35' title='bbox 746 672 907 746; x_wconf 84' lang='lat' dir='ltr'><strong>censebat,</strong></span> <span class='ocrx_word' id='word_1_36' title='bbox 921 688 984 732; x_wconf 89' lang='lat' dir='ltr'><strong>nou</strong></span> <span class='ocrx_word' id='word_1_37' title='bbox 999 685 1079 747; x_wconf 84' lang='lat' dir='ltr'><strong>quae</strong></span> <span class='ocrx_word' id='word_1_38' title='bbox 1093 674 1134 732; x_wconf 80' lang='lat' dir='ltr'><strong>ab</strong></span> <span class='ocrx_word' id='word_1_39' title='bbox 1149 674 1214 733; x_wconf 86' lang='lat' dir='ltr'><strong>An-</strong></span> 
     </span>
    </p>
   </div>
   <div class='ocr_carea' id='block_1_5' title="bbox 233 755 1292 832">
    <p class='ocr_par' dir='ltr' id='par_1_5' title="bbox 233 755 1292 832">
     <span class='ocr_line' id='line_1_6' title="bbox 233 755 1292 832; baseline -0.005 -10"><span class='ocrx_word' id='word_1_40' title='bbox 233 759 334 822; x_wconf 86' lang='lat' dir='ltr'><strong>tiocho</strong></span> <span class='ocrx_word' id='word_1_41' title='bbox 348 758 440 818; x_wconf 88' lang='lat' dir='ltr'><strong>modo</strong></span> <span class='ocrx_word' id='word_1_42' title='bbox 455 756 606 832; x_wconf 85' lang='lat' dir='ltr'><strong>pecuniae</strong></span> <span class='ocrx_word' id='word_1_43' title='bbox 620 762 730 830; x_wconf 86' lang='lat' dir='ltr'><strong>captae</strong></span> <span class='ocrx_word' id='word_1_44' title='bbox 744 756 853 828; x_wconf 81' lang='lat' dir='ltr'><strong>rorent,</strong></span> <span class='ocrx_word' id='word_1_45' title='bbox 868 757 925 815; x_wconf 90' lang='lat' dir='ltr'><strong>sed</strong></span> <span class='ocrx_word' id='word_1_46' title='bbox 940 756 1072 829; x_wconf 83' lang='lat' dir='ltr'><strong>quaeeb</strong></span> <span class='ocrx_word' id='word_1_47' title='bbox 1084 755 1215 817; x_wconf 77' lang='lat' dir='ltr'><strong>aliisue</strong></span> <span class='ocrx_word' id='word_1_48' title='bbox 1290 763 1292 828; x_wconf 54' lang='lat' dir='ltr'><strong>i</strong></span> 
     </span>
    </p>
   </div>
   <div class='ocr_carea' id='block_1_6' title="bbox 231 839 1215 920">
    <p class='ocr_par' dir='ltr' id='par_1_6' title="bbox 231 839 1215 920">
     <span class='ocr_line' id='line_1_7' title="bbox 231 839 1215 920; baseline -0.003 -16"><span class='ocrx_word' id='word_1_49' title='bbox 231 844 322 920; x_wconf 69' lang='lat' dir='ltr'><strong>gibus</strong></span> <span class='ocrx_word' id='word_1_50' title='bbox 341 840 562 917; x_wconf 74' lang='lat' dir='ltr'><strong>gentibusque,</strong></span> <span class='ocrx_word' id='word_1_51' title='bbox 584 840 636 900; x_wconf 78' lang='lat' dir='ltr'><strong>Cn.</strong></span> <span class='ocrx_word' id='word_1_52' title='bbox 649 839 796 899; x_wconf 63' lang='lat' dir='ltr'><strong>mulium</strong></span> <span class='ocrx_word' id='word_1_53' title='bbox 815 839 968 899; x_wconf 86' lang='lat' dir='ltr'><strong>inimicum</strong></span> <span class='ocrx_word' id='word_1_54' title='bbox 989 840 1162 900; x_wconf 86' lang='lat' dir='ltr'><strong>incessens.</strong></span> <span class='ocrx_word' id='word_1_55' title='bbox 1185 849 1215 901; x_wconf 88' lang='lat' dir='ltr'><strong>ct</strong></span> 
     </span>
    </p>
   </div>
   <div class='ocr_carea' id='block_1_7' title="bbox 232 923 1286 1085">
    <p class='ocr_par' dir='ltr' id='par_1_7' title="bbox 232 923 1286 1085">
     <span class='ocr_line' id='line_1_8' title="bbox 232 923 1286 1003; baseline -0.003 -15"><span class='ocrx_word' id='word_1_56' title='bbox 232 929 263 988; x_wconf 73' lang='lat' dir='ltr'><strong>t,</strong></span> <span class='ocrx_word' id='word_1_57' title='bbox 276 924 392 1003; x_wconf 89' lang='lat' dir='ltr'><strong>Scipio,</strong></span> <span class='ocrx_word' id='word_1_58' title='bbox 408 939 501 1000; x_wconf 86' lang='lat' dir='ltr'><strong>quem</strong></span> <span class='ocrx_word' id='word_1_59' title='bbox 511 924 609 999; x_wconf 77' lang='lat' dir='ltr'><strong>magis</strong></span> <span class='ocrx_word' id='word_1_60' title='bbox 621 939 679 999; x_wconf 93' lang='lat' dir='ltr'><strong>pro</strong></span> <span class='ocrx_word' id='word_1_61' title='bbox 691 938 727 984; x_wconf 90' lang='lat' dir='ltr'><strong>se</strong></span> <span class='ocrx_word' id='word_1_62' title='bbox 738 939 831 997; x_wconf 87' lang='lat' dir='ltr'><strong>quam</strong></span> <span class='ocrx_word' id='word_1_63' title='bbox 840 924 992 983; x_wconf 87' lang='lat' dir='ltr'><strong>adversus</strong></span> <span class='ocrx_word' id='word_1_64' title='bbox 1004 924 1104 997; x_wconf 78' lang='lat' dir='ltr'><strong>legem</strong></span> <span class='ocrx_word' id='word_1_65' title='bbox 1116 923 1228 985; x_wconf 79' lang='lat' dir='ltr'><strong>dictu·</strong></span> <span class='ocrx_word' id='word_1_66' title='bbox 1283 981 1286 984; x_wconf 17' lang='lat' dir='ltr'><strong>l</strong></span> 
     </span>
     <span class='ocr_line' id='line_1_9' title="bbox 232 1005 1263 1085; baseline -0.005 -11"><span class='ocrx_word' id='word_1_67' title='bbox 232 1027 299 1074; x_wconf 86' lang='lat' dir='ltr'><strong>rum</strong></span> <span class='ocrx_word' id='word_1_68' title='bbox 320 1007 504 1085; x_wconf 78' lang='lat' dir='ltr'><strong>apparebat,</strong></span> <span class='ocrx_word' id='word_1_69' title='bbox 525 1007 688 1069; x_wconf 77' lang='lat' dir='ltr'><strong>dissuasor</strong></span> <span class='ocrx_word' id='word_1_70' title='bbox 707 1007 871 1082; x_wconf 87' lang='lat' dir='ltr'><strong>processit</strong></span> <span class='ocrx_word' id='word_1_71' title='bbox 906 1005 1022 1082; x_wconf 88' lang='lat' dir='ltr'><strong>ispost</strong></span> <span class='ocrx_word' id='word_1_72' title='bbox 1034 1014 1164 1067; x_wconf 88' lang='lat' dir='ltr'><strong>mortem</strong></span> <span class='ocrx_word' id='word_1_73' title='bbox 1180 1007 1213 1066; x_wconf 85' lang='lat' dir='ltr'><strong>P.</strong></span> <span class='ocrx_word' id='word_1_74' title='bbox 1259 1062 1263 1069; x_wconf 91' lang='lat'>.</span> 
     </span>
    </p>
   </div>
   <div class='ocr_carea' id='block_1_8' title="bbox 192 1088 1215 1922">
    <p class='ocr_par' dir='ltr' id='par_1_8' title="bbox 192 1088 1215 1922">
     <span class='ocr_line' id='line_1_10' title="bbox 235 1088 1214 1166; baseline -0.007 -8"><span class='ocrx_word' id='word_1_75' title='bbox 235 1093 368 1158; x_wconf 78' lang='lat' dir='ltr'><strong>amcam</strong></span> <span class='ocrx_word' id='word_1_76' title='bbox 382 1091 493 1166; x_wconf 57' lang='grc' dir='ltr'><strong>(ταιῆς,</strong></span> <span class='ocrx_word' id='word_1_77' title='bbox 504 1091 561 1151; x_wconf 86' lang='lat' dir='ltr'><strong>viri</strong></span> <span class='ocrx_word' id='word_1_78' title='bbox 575 1089 709 1152; x_wconf 90' lang='lat' dir='ltr'><strong>omnium</strong></span> <span class='ocrx_word' id='word_1_79' title='bbox 723 1088 881 1151; x_wconf 85' lang='lat' dir='ltr'><strong>tortissimi</strong></span> <span class='ocrx_word' id='word_1_80' title='bbox 895 1090 1127 1164; x_wconf 79' lang='lat' dir='ltr'><strong>clarissimique,</strong></span> <span class='ocrx_word' id='word_1_81' title='bbox 1142 1107 1214 1151; x_wconf 85' lang='lat' dir='ltr'><strong>earu</strong></span> 
     </span>
     <span class='ocr_line' id='line_1_11' title="bbox 231 1172 1213 1251; baseline -0.004 -13"><span class='ocrx_word' id='word_1_82' title='bbox 231 1183 369 1238; x_wconf 79' lang='lat' dir='ltr'><strong>exortam</strong></span> <span class='ocrx_word' id='word_1_83' title='bbox 388 1175 579 1251; x_wconf 72' lang='lat' dir='ltr'><strong>rogationem</strong></span> <span class='ocrx_word' id='word_1_84' title='bbox 598 1181 649 1236; x_wconf 89' lang='lat' dir='ltr'><strong>est</strong></span> <span class='ocrx_word' id='word_1_85' title='bbox 668 1181 867 1251; x_wconf 78' lang='lat' dir='ltr'><strong>conquestus</strong></span> <span class='ocrx_word' id='word_1_86' title='bbox 897 1190 1006 1249; x_wconf 83' lang='lat' dir='ltr'><strong>parum</strong></span> <span class='ocrx_word' id='word_1_87' title='bbox 1020 1175 1100 1233; x_wconf 90' lang='lat' dir='ltr'><strong>enim</strong></span> <span class='ocrx_word' id='word_1_88' title='bbox 1113 1172 1213 1234; x_wconf 83' lang='lat' dir='ltr'><strong>luisse</strong></span> 
     </span>
     <span class='ocr_line' id='line_1_12' title="bbox 232 1257 1213 1334; baseline -0.002 -14"><span class='ocrx_word' id='word_1_89' title='bbox 232 1276 292 1322; x_wconf 91' lang='lat' dir='ltr'><strong>non</strong></span> <span class='ocrx_word' id='word_1_90' title='bbox 313 1259 431 1319; x_wconf 86' lang='lat' dir='ltr'><strong>laudari</strong></span> <span class='ocrx_word' id='word_1_91' title='bbox 451 1274 508 1334; x_wconf 93' lang='lat' dir='ltr'><strong>pro</strong></span> <span class='ocrx_word' id='word_1_92' title='bbox 522 1258 645 1320; x_wconf 84' lang='lat' dir='ltr'><strong>Rostris</strong></span> <span class='ocrx_word' id='word_1_93' title='bbox 657 1259 689 1318; x_wconf 85' lang='lat' dir='ltr'><strong>P.</strong></span> <span class='ocrx_word' id='word_1_94' title='bbox 704 1258 883 1318; x_wconf 80' lang='lat' dir='ltr'><strong>Africanum</strong></span> <span class='ocrx_word' id='word_1_95' title='bbox 903 1264 1130 1333; x_wconf 85' lang='lat' dir='ltr'><strong>postmortem,</strong></span> <span class='ocrx_word' id='word_1_96' title='bbox 1148 1257 1213 1318; x_wconf 90' lang='lat' dir='ltr'><strong>nisi</strong></span> 
     </span>
     <span class='ocr_line' id='line_1_13' title="bbox 231 1340 1212 1417; baseline -0.003 -13"><span class='ocrx_word' id='word_1_97' title='bbox 231 1342 322 1404; x_wconf 84' lang='lat' dir='ltr'><strong>etlam</strong></span> <span class='ocrx_word' id='word_1_98' title='bbox 341 1347 548 1402; x_wconf 79' lang='lat' dir='ltr'><strong>accusaretur.</strong></span> <span class='ocrx_word' id='word_1_99' title='bbox 575 1350 615 1403; x_wconf 85' lang='lat' dir='ltr'><strong>et</strong></span> <span class='ocrx_word' id='word_1_100' title='bbox 635 1342 900 1417; x_wconf 77' lang='lat' dir='ltr'><strong>Carthaginienses</strong></span> <span class='ocrx_word' id='word_1_101' title='bbox 910 1340 1212 1403; x_wconf 82' lang='lat' dir='ltr'><strong>exsilloilunnibalis</strong></span> 
     </span>
     <span class='ocr_line' id='line_1_14' title="bbox 231 1424 1213 1500; baseline -0.005 -12"><span class='ocrx_word' id='word_1_102' title='bbox 231 1431 392 1488; x_wconf 90' lang='lat' dir='ltr'><strong>contentos</strong></span> <span class='ocrx_word' id='word_1_103' title='bbox 412 1439 499 1484; x_wconf 72' lang='lat' dir='ltr'><strong>esser</strong></span> <span class='ocrx_word' id='word_1_104' title='bbox 525 1427 674 1500; x_wconf 89' lang='lat' dir='ltr'><strong>populum</strong></span> <span class='ocrx_word' id='word_1_105' title='bbox 687 1428 859 1488; x_wconf 84' lang='lat' dir='ltr'><strong>Romanum</strong></span> <span class='ocrx_word' id='word_1_106' title='bbox 872 1441 913 1486; x_wconf 91' lang='lat' dir='ltr'><strong>ue</strong></span> <span class='ocrx_word' id='word_1_107' title='bbox 925 1431 1023 1486; x_wconf 90' lang='lat' dir='ltr'><strong>morte</strong></span> <span class='ocrx_word' id='word_1_108' title='bbox 1038 1424 1165 1500; x_wconf 90' lang='lat' dir='ltr'><strong>quidem</strong></span> <span class='ocrx_word' id='word_1_109' title='bbox 1179 1424 1213 1484; x_wconf 87' lang='lat' dir='ltr'><strong>P.</strong></span> 
     </span>
     <span class='ocr_line' id='line_1_15' title="bbox 232 1507 1215 1587; baseline -0.002 -15"><span class='ocrx_word' id='word_1_110' title='bbox 232 1507 387 1587; x_wconf 75' lang='lat' dir='ltr'><strong>Scipionis</strong></span> <span class='ocrx_word' id='word_1_111' title='bbox 400 1508 555 1582; x_wconf 75' lang='lat' dir='ltr'><strong>exsatiari</strong></span> <span class='ocrx_word' id='word_1_112' title='bbox 570 1508 630 1569; x_wconf 86' lang='lat' dir='ltr'><strong>nisi</strong></span> <span class='ocrx_word' id='word_1_113' title='bbox 643 1515 675 1570; x_wconf 89' lang='lat' dir='ltr'><strong>et</strong></span> <span class='ocrx_word' id='word_1_114' title='bbox 689 1509 788 1586; x_wconf 88' lang='lat' dir='ltr'><strong>ipsius</strong></span> <span class='ocrx_word' id='word_1_115' title='bbox 804 1511 884 1569; x_wconf 85' lang='lat' dir='ltr'><strong>lema</strong></span> <span class='ocrx_word' id='word_1_116' title='bbox 894 1509 1006 1584; x_wconf 85' lang='lat' dir='ltr'><strong>sepulti</strong></span> <span class='ocrx_word' id='word_1_117' title='bbox 1019 1511 1174 1569; x_wconf 85' lang='lat' dir='ltr'><strong>laceretur</strong></span> <span class='ocrx_word' id='word_1_118' title='bbox 1184 1516 1215 1570; x_wconf 89' lang='lat' dir='ltr'><strong>ct</strong></span> 
     </span>
     <span class='ocr_line' id='line_1_16' title="bbox 233 1589 1215 1668; baseline -0.002 -14"><span class='ocrx_word' id='word_1_119' title='bbox 233 1592 470 1668; x_wconf 85' lang='lat' dir='ltr'><strong>lruterinsuper,</strong></span> <span class='ocrx_word' id='word_1_120' title='bbox 485 1589 625 1653; x_wconf 85' lang='lat' dir='ltr'><strong>accessio</strong></span> <span class='ocrx_word' id='word_1_121' title='bbox 637 1592 778 1664; x_wconf 84' lang='lat' dir='ltr'><strong>invidiae,</strong></span> <span class='ocrx_word' id='word_1_122' title='bbox 796 1598 954 1654; x_wconf 83' lang='lat' dir='ltr'><strong>mactetur.</strong></span> <span class='ocrx_word' id='word_1_123' title='bbox 974 1592 1015 1651; x_wconf 80' lang='lat' dir='ltr'><strong>m</strong></span> <span class='ocrx_word' id='word_1_124' title='bbox 1028 1592 1102 1654; x_wconf 83' lang='lat' dir='ltr'><strong>Cato</strong></span> <span class='ocrx_word' id='word_1_125' title='bbox 1114 1590 1215 1653; x_wconf 82' lang='lat' dir='ltr'><strong>suasit</strong></span> 
     </span>
     <span class='ocr_line' id='line_1_17' title="bbox 232 1675 1212 1760; baseline -0.003 -22"><span class='ocrx_word' id='word_1_126' title='bbox 232 1679 588 1760; x_wconf 71' lang='lat' dir='ltr'><strong>rogationem-exstat</strong></span> <span class='ocrx_word' id='word_1_127' title='bbox 611 1676 709 1737; x_wconf 81' lang='lat' dir='ltr'><strong>oratio</strong></span> <span class='ocrx_word' id='word_1_128' title='bbox 736 1676 864 1736; x_wconf 90' lang='lat' dir='ltr'><strong>eiusde</strong></span> <span class='ocrx_word' id='word_1_129' title='bbox 889 1675 1128 1752; x_wconf 77' lang='lat' dir='ltr'><strong>pecuniaregis</strong></span> <span class='ocrx_word' id='word_1_130' title='bbox 1149 1678 1212 1735; x_wconf 81' lang='lat' dir='ltr'><strong>An—</strong></span> 
     </span>
     <span class='ocr_line' id='line_1_18' title="bbox 232 1758 1214 1842; baseline -0.005 -18"><span class='ocrx_word' id='word_1_131' title='bbox 232 1762 390 1835; x_wconf 87' lang='lat' dir='ltr'><strong>tiochi-,</strong></span> <span class='ocrx_word' id='word_1_132' title='bbox 411 1767 443 1821; x_wconf 89' lang='lat' dir='ltr'><strong>et</strong></span> <span class='ocrx_word' id='word_1_133' title='bbox 455 1759 617 1842; x_wconf 82' lang='lat' dir='ltr'><strong>Mummios</strong></span> <span class='ocrx_word' id='word_1_134' title='bbox 637 1758 775 1821; x_wconf 87' lang='lat' dir='ltr'><strong>tribunos</strong></span> <span class='ocrx_word' id='word_1_135' title='bbox 796 1760 975 1820; x_wconf 81' lang='lat' dir='ltr'><strong>auctoritate</strong></span> <span class='ocrx_word' id='word_1_136' title='bbox 989 1759 1151 1833; x_wconf 87' lang='lat' dir='ltr'><strong>deterruit,</strong></span> <span class='ocrx_word' id='word_1_137' title='bbox 1173 1775 1214 1819; x_wconf 90' lang='lat' dir='ltr'><strong>ne</strong></span> 
     </span>
     <span class='ocr_line' id='line_1_19' title="bbox 192 1839 1212 1922; baseline -0.003 -15"><span class='ocrx_word' id='word_1_138' title='bbox 192 1839 197 1848; x_wconf 86' lang='lat'>&#39;</span> <span class='ocrx_word' id='word_1_139' title='bbox 234 1847 474 1906; x_wconf 75' lang='lat' dir='ltr'><strong>adversarentur</strong></span> <span class='ocrx_word' id='word_1_140' title='bbox 482 1843 644 1920; x_wconf 74' lang='lat' dir='ltr'><strong>rogationi.</strong></span> <span class='ocrx_word' id='word_1_141' title='bbox 676 1842 897 1905; x_wconf 87' lang='lat' dir='ltr'><strong>remittentibus</strong></span> <span class='ocrx_word' id='word_1_142' title='bbox 911 1859 986 1919; x_wconf 82' lang='lat' dir='ltr'><strong>ergo</strong></span> <span class='ocrx_word' id='word_1_143' title='bbox 1000 1843 1048 1904; x_wconf 89' lang='lat' dir='ltr'><strong>bis</strong></span> <span class='ocrx_word' id='word_1_144' title='bbox 1062 1844 1212 1922; x_wconf 86' lang='lat' dir='ltr'><strong>interces-</strong></span> 
     </span>
    </p>
   </div>
   <div class='ocr_carea' id='block_1_9' title="bbox 233 1924 1292 2005">
    <p class='ocr_par' dir='ltr' id='par_1_9' title="bbox 233 1924 1292 2005">
     <span class='ocr_line' id='line_1_20' title="bbox 233 1924 1292 2005; baseline -0.005 -15"><span class='ocrx_word' id='word_1_145' title='bbox 233 1929 351 1990; x_wconf 88' lang='lat' dir='ltr'><strong>sionem</strong></span> <span class='ocrx_word' id='word_1_146' title='bbox 375 1943 483 1989; x_wconf 88' lang='lat' dir='ltr'><strong>omneo</strong></span> <span class='ocrx_word' id='word_1_147' title='bbox 503 1927 600 1989; x_wconf 90' lang='lat' dir='ltr'><strong>tribus</strong></span> <span class='ocrx_word' id='word_1_148' title='bbox 621 1927 665 1989; x_wconf 89' lang='lat' dir='ltr'><strong>uti</strong></span> <span class='ocrx_word' id='word_1_149' title='bbox 684 1930 847 2005; x_wconf 74' lang='lat' dir='ltr'><strong>rogassent</strong></span> <span class='ocrx_word' id='word_1_150' title='bbox 865 1927 1030 1988; x_wconf 89' lang='lat' dir='ltr'><strong>iusscmut.</strong></span> <span class='ocrx_word' id='word_1_151' title='bbox 1056 1925 1117 1985; x_wconf 86' lang='lat' dir='ltr'><strong>LV.</strong></span> <span class='ocrx_word' id='word_1_152' title='bbox 1140 1924 1210 1986; x_wconf 90' lang='lat' dir='ltr'><strong>Ser.</strong></span> <span class='ocrx_word' id='word_1_153' title='bbox 1291 1973 1292 2001; x_wconf 57' lang='lat'><strong>,</strong></span> 
     </span>
    </p>
   </div>
   <div class='ocr_carea' id='block_1_10' title="bbox 234 2010 1211 2088">
    <p class='ocr_par' dir='ltr' id='par_1_10' title="bbox 234 2010 1211 2088">
     <span class='ocr_line' id='line_1_21' title="bbox 234 2010 1211 2088; baseline -0.003 -15"><span class='ocrx_word' id='word_1_154' title='bbox 234 2010 369 2087; x_wconf 91' lang='lat' dir='ltr'><strong>Sulpicio</strong></span> <span class='ocrx_word' id='word_1_155' title='bbox 392 2011 504 2073; x_wconf 88' lang='lat' dir='ltr'><strong>deiude</strong></span> <span class='ocrx_word' id='word_1_156' title='bbox 517 2013 684 2085; x_wconf 79' lang='lat' dir='ltr'><strong>referente,</strong></span> <span class='ocrx_word' id='word_1_157' title='bbox 708 2027 799 2088; x_wconf 89' lang='lat' dir='ltr'><strong>quem</strong></span> <span class='ocrx_word' id='word_1_158' title='bbox 813 2011 972 2087; x_wconf 74' lang='lat' dir='ltr'><strong>rogatione</strong></span> <span class='ocrx_word' id='word_1_159' title='bbox 986 2010 1102 2072; x_wconf 81' lang='lat' dir='ltr'><strong>Petillia</strong></span> <span class='ocrx_word' id='word_1_160' title='bbox 1115 2026 1211 2086; x_wconf 74' lang='lat' dir='ltr'><strong>quiae·</strong></span> 
     </span>
    </p>
   </div>
   <div class='ocr_carea' id='block_1_11' title="bbox 1291 1866 1293 1956">
    <p class='ocr_par' dir='ltr' id='par_1_11' title="bbox 1291 1866 1293 1956">
     <span class='ocr_line' id='line_1_22' title="bbox 1291 1866 1293 1956; baseline 0 0"><span class='ocrx_word' id='word_1_161' title='bbox 1291 1866 1293 1956; x_wconf 85' lang='lat' dir='ltr'><strong>l</strong></span> 
     </span>
    </p>
   </div>
   <div class='ocr_carea' id='block_1_12' title="bbox 233 2093 1292 2170">
    <p class='ocr_par' dir='ltr' id='par_1_12' title="bbox 233 2093 1292 2170">
     <span class='ocr_line' id='line_1_23' title="bbox 233 2093 1292 2170; baseline -0.006 -15"><span class='ocrx_word' id='word_1_162' title='bbox 233 2110 301 2157; x_wconf 88' lang='lat' dir='ltr'><strong>rere</strong></span> <span class='ocrx_word' id='word_1_163' title='bbox 325 2095 456 2167; x_wconf 84' lang='lat' dir='ltr'><strong>vellent,</strong></span> <span class='ocrx_word' id='word_1_164' title='bbox 478 2093 511 2169; x_wconf 82' lang='lat' dir='ltr'><strong>Q.</strong></span> <span class='ocrx_word' id='word_1_165' title='bbox 532 2094 704 2157; x_wconf 88' lang='lat' dir='ltr'><strong>Terentium</strong></span> <span class='ocrx_word' id='word_1_166' title='bbox 725 2094 900 2156; x_wconf 75' lang='lat' dir='ltr'><strong>cirileonem</strong></span> <span class='ocrx_word' id='word_1_167' title='bbox 920 2102 1024 2170; x_wconf 87' lang='lat' dir='ltr'><strong>putres</strong></span> <span class='ocrx_word' id='word_1_168' title='bbox 1044 2095 1213 2156; x_wconf 87' lang='lat' dir='ltr'><strong>iusserunt</strong></span> <span class='ocrx_word' id='word_1_169' title='bbox 1291 2130 1292 2149; x_wconf 43' lang='lat' dir='ltr'><strong>i</strong></span> 
     </span>
    </p>
   </div>
   <div class='ocr_carea' id='block_1_13' title="bbox 126 2176 1292 2261">
    <p class='ocr_par' dir='ltr' id='par_1_13' title="bbox 126 2176 1292 2261">
     <span class='ocr_line' id='line_1_24' title="bbox 126 2176 1292 2261; baseline -0.001 -21"><span class='ocrx_word' id='word_1_170' title='bbox 126 2243 131 2253; x_wconf 74' lang='grc'><em>,</em></span> <span class='ocrx_word' id='word_1_171' title='bbox 233 2179 272 2240; x_wconf 84' lang='lat' dir='ltr'><strong>ud</strong></span> <span class='ocrx_word' id='word_1_172' title='bbox 286 2179 368 2240; x_wconf 88' lang='lat' dir='ltr'><strong>hunc</strong></span> <span class='ocrx_word' id='word_1_173' title='bbox 382 2184 566 2254; x_wconf 87' lang='lat' dir='ltr'><strong>praetorem,</strong></span> <span class='ocrx_word' id='word_1_174' title='bbox 588 2180 668 2240; x_wconf 84' lang='lat' dir='ltr'><strong>adeo</strong></span> <span class='ocrx_word' id='word_1_175' title='bbox 683 2180 813 2239; x_wconf 87' lang='lat' dir='ltr'><strong>amicum</strong></span> <span class='ocrx_word' id='word_1_176' title='bbox 828 2177 986 2239; x_wconf 85' lang='lat' dir='ltr'><strong>corneliae</strong></span> <span class='ocrx_word' id='word_1_177' title='bbox 1000 2178 1149 2253; x_wconf 82' lang='lat' dir='ltr'><strong>familiae,</strong></span> <span class='ocrx_word' id='word_1_178' title='bbox 1170 2187 1213 2253; x_wconf 89' lang='lat' dir='ltr'><strong>ut,</strong></span> <span class='ocrx_word' id='word_1_179' title='bbox 1291 2176 1292 2261; x_wconf 56' lang='lat' dir='ltr'><strong>i</strong></span> 
     </span>
    </p>
   </div>
   <div class='ocr_carea' id='block_1_14' title="bbox 233 2261 1292 2339">
    <p class='ocr_par' dir='ltr' id='par_1_14' title="bbox 233 2261 1292 2339">
     <span class='ocr_line' id='line_1_25' title="bbox 233 2261 1292 2339; baseline -0.003 -14"><span class='ocrx_word' id='word_1_180' title='bbox 233 2263 285 2339; x_wconf 86' lang='lat' dir='ltr'><strong>qul</strong></span> <span class='ocrx_word' id='word_1_181' title='bbox 300 2263 416 2324; x_wconf 85' lang='lat' dir='ltr'><strong>Romae</strong></span> <span class='ocrx_word' id='word_1_182' title='bbox 430 2268 581 2323; x_wconf 88' lang='lat' dir='ltr'><strong>mortuum</strong></span> <span class='ocrx_word' id='word_1_183' title='bbox 596 2264 773 2338; x_wconf 84' lang='lat' dir='ltr'><strong>elatumque</strong></span> <span class='ocrx_word' id='word_1_184' title='bbox 783 2262 815 2322; x_wconf 85' lang='lat' dir='ltr'><strong>P.</strong></span> <span class='ocrx_word' id='word_1_185' title='bbox 831 2261 1006 2338; x_wconf 87' lang='lat' dir='ltr'><strong>Scipionem</strong></span> <span class='ocrx_word' id='word_1_186' title='bbox 1015 2291 1060 2302; x_wconf 95' lang='grc'><strong>-</strong></span> <span class='ocrx_word' id='word_1_187' title='bbox 1070 2267 1119 2323; x_wconf 90' lang='lat' dir='ltr'><strong>est</strong></span> <span class='ocrx_word' id='word_1_188' title='bbox 1132 2262 1212 2322; x_wconf 90' lang='lat' dir='ltr'><strong>enlm</strong></span> <span class='ocrx_word' id='word_1_189' title='bbox 1291 2270 1292 2287; x_wconf 62' lang='lat'><em>*</em></span> 
     </span>
    </p>
   </div>
   <div class='ocr_carea' id='block_1_15' title="bbox 177 2342 1212 2505">
    <p class='ocr_par' dir='ltr' id='par_1_15' title="bbox 177 2342 1212 2505">
     <span class='ocr_line' id='line_1_26' title="bbox 177 2342 1212 2422; baseline 0 -16"><span class='ocrx_word' id='word_1_190' title='bbox 177 2410 181 2419; x_wconf 67' lang='grc'><em>,</em></span> <span class='ocrx_word' id='word_1_191' title='bbox 234 2361 270 2408; x_wconf 83' lang='lat' dir='ltr'><strong>ca</strong></span> <span class='ocrx_word' id='word_1_192' title='bbox 292 2342 417 2422; x_wconf 87' lang='lat' dir='ltr'><strong>quoque</strong></span> <span class='ocrx_word' id='word_1_193' title='bbox 439 2346 719 2420; x_wconf 84' lang='lat' dir='ltr'><strong>ieme—tradunt,</strong></span> <span class='ocrx_word' id='word_1_194' title='bbox 740 2346 898 2421; x_wconf 79' lang='lat' dir='ltr'><strong>pileatum,</strong></span> <span class='ocrx_word' id='word_1_195' title='bbox 919 2344 998 2405; x_wconf 89' lang='lat' dir='ltr'><strong>sicut</strong></span> <span class='ocrx_word' id='word_1_196' title='bbox 1011 2343 1042 2403; x_wconf 92' lang='lat' dir='ltr'><strong>iu</strong></span> <span class='ocrx_word' id='word_1_197' title='bbox 1058 2344 1212 2421; x_wconf 86' lang='lat' dir='ltr'><strong>triumpho</strong></span> 
     </span>
     <span class='ocr_line' id='line_1_27' title="bbox 234 2428 1212 2505; baseline -0.001 -16"><span class='ocrx_word' id='word_1_198' title='bbox 234 2430 316 2504; x_wconf 87' lang='lat' dir='ltr'><strong>lerut,</strong></span> <span class='ocrx_word' id='word_1_199' title='bbox 331 2428 361 2489; x_wconf 92' lang='lat' dir='ltr'><strong>iu</strong></span> <span class='ocrx_word' id='word_1_200' title='bbox 376 2429 483 2490; x_wconf 86' lang='lat' dir='ltr'><strong>iuuere</strong></span> <span class='ocrx_word' id='word_1_201' title='bbox 501 2432 625 2504; x_wconf 88' lang='lat' dir='ltr'><strong>quoque</strong></span> <span class='ocrx_word' id='word_1_202' title='bbox 640 2435 709 2490; x_wconf 84' lang='lat' dir='ltr'><strong>unte</strong></span> <span class='ocrx_word' id='word_1_203' title='bbox 724 2431 834 2489; x_wconf 88' lang='lat' dir='ltr'><strong>lectum</strong></span> <span class='ocrx_word' id='word_1_204' title='bbox 848 2429 912 2489; x_wconf 91' lang='lat' dir='ltr'><strong>isse</strong></span> <span class='ocrx_word' id='word_1_205' title='bbox 926 2428 1091 2489; x_wconf 82' lang='lat' dir='ltr'><strong>memoriae</strong></span> <span class='ocrx_word' id='word_1_206' title='bbox 1107 2428 1212 2505; x_wconf 89' lang='lat' dir='ltr'><strong>prodi·</strong></span> 
     </span>
    </p>
   </div>
   <div class='ocr_carea' id='block_1_16' title="bbox 234 2504 1292 2589">
    <p class='ocr_par' dir='ltr' id='par_1_16' title="bbox 234 2504 1292 2589">
     <span class='ocr_line' id='line_1_28' title="bbox 234 2504 1292 2589; baseline 0.001 -18"><span class='ocrx_word' id='word_1_207' title='bbox 234 2512 346 2583; x_wconf 87' lang='lat' dir='ltr'><strong>derint,</strong></span> <span class='ocrx_word' id='word_1_208' title='bbox 368 2519 399 2572; x_wconf 90' lang='lat' dir='ltr'><strong>et</strong></span> <span class='ocrx_word' id='word_1_209' title='bbox 413 2504 451 2572; x_wconf 78' lang='lat' dir='ltr'><strong>ed</strong></span> <span class='ocrx_word' id='word_1_210' title='bbox 475 2519 593 2587; x_wconf 83' lang='lat' dir='ltr'><strong>portum</strong></span> <span class='ocrx_word' id='word_1_211' title='bbox 609 2512 771 2589; x_wconf 33' lang='lat' dir='ltr'><strong>Capenam,</strong></span> <span class='ocrx_word' id='word_1_212' title='bbox 782 2513 913 2573; x_wconf 88' lang='lat' dir='ltr'><strong>mulsum</strong></span> <span class='ocrx_word' id='word_1_213' title='bbox 930 2512 1103 2587; x_wconf 87' lang='lat' dir='ltr'><strong>prosecutis</strong></span> <span class='ocrx_word' id='word_1_214' title='bbox 1117 2513 1214 2572; x_wconf 86' lang='lat' dir='ltr'><strong>lunus</strong></span> <span class='ocrx_word' id='word_1_215' title='bbox 1291 2548 1292 2581; x_wconf 47' lang='lat' dir='ltr'><strong>i</strong></span> 
     </span>
    </p>
   </div>
   <div class='ocr_carea' id='block_1_17' title="bbox 233 2593 1212 3006">
    <p class='ocr_par' dir='ltr' id='par_1_17' title="bbox 233 2593 1212 3006">
     <span class='ocr_line' id='line_1_29' title="bbox 233 2593 1211 2671; baseline 0.004 -19"><span class='ocrx_word' id='word_1_216' title='bbox 233 2593 373 2665; x_wconf 83' lang='lat' dir='ltr'><strong>dedisse,</strong></span> <span class='ocrx_word' id='word_1_217' title='bbox 394 2595 481 2668; x_wconf 67' lang='lat' dir='ltr'><strong>,quod</strong></span> <span class='ocrx_word' id='word_1_218' title='bbox 495 2593 534 2654; x_wconf 89' lang='lat' dir='ltr'><strong>ab</strong></span> <span class='ocrx_word' id='word_1_219' title='bbox 549 2610 586 2655; x_wconf 93' lang='lat' dir='ltr'><strong>eo</strong></span> <span class='ocrx_word' id='word_1_220' title='bbox 601 2594 678 2655; x_wconf 89' lang='lat' dir='ltr'><strong>iuter</strong></span> <span class='ocrx_word' id='word_1_221' title='bbox 691 2593 768 2655; x_wconf 84' lang='lat' dir='ltr'><strong>elios</strong></span> <span class='ocrx_word' id='word_1_222' title='bbox 784 2595 922 2671; x_wconf 83' lang='lat' dir='ltr'><strong>captivos</strong></span> <span class='ocrx_word' id='word_1_223' title='bbox 937 2597 967 2654; x_wconf 88' lang='lat' dir='ltr'><strong>in</strong></span> <span class='ocrx_word' id='word_1_224' title='bbox 981 2596 1088 2655; x_wconf 78' lang='lat' dir='ltr'><strong>Africa</strong></span> <span class='ocrx_word' id='word_1_225' title='bbox 1103 2610 1141 2654; x_wconf 86' lang='lat' dir='ltr'><strong>ex</strong></span> <span class='ocrx_word' id='word_1_226' title='bbox 1155 2595 1211 2656; x_wconf 90' lang='lat' dir='ltr'><strong>ho-</strong></span> 
     </span>
     <span class='ocr_line' id='line_1_30' title="bbox 233 2675 1210 2754; baseline 0.004 -19"><span class='ocrx_word' id='word_1_227' title='bbox 233 2675 330 2737; x_wconf 86' lang='lat' dir='ltr'><strong>stibus</strong></span> <span class='ocrx_word' id='word_1_228' title='bbox 340 2681 483 2751; x_wconf 86' lang='lat' dir='ltr'><strong>receptus</strong></span> <span class='ocrx_word' id='word_1_229' title='bbox 496 2682 594 2746; x_wconf 66' lang='lat' dir='ltr'><strong>esseti</strong></span> <span class='ocrx_word' id='word_1_230' title='bbox 618 2685 671 2738; x_wconf 80' lang='lat' dir='ltr'><strong>eut</strong></span> <span class='ocrx_word' id='word_1_231' title='bbox 684 2678 762 2739; x_wconf 81' lang='lat' dir='ltr'><strong>adeo</strong></span> <span class='ocrx_word' id='word_1_232' title='bbox 775 2679 926 2739; x_wconf 90' lang='lat' dir='ltr'><strong>inimicum</strong></span> <span class='ocrx_word' id='word_1_233' title='bbox 939 2679 1078 2751; x_wconf 89' lang='lat' dir='ltr'><strong>eundem,</strong></span> <span class='ocrx_word' id='word_1_234' title='bbox 1095 2686 1128 2739; x_wconf 87' lang='lat' dir='ltr'><strong>ut</strong></span> <span class='ocrx_word' id='word_1_235' title='bbox 1138 2695 1210 2754; x_wconf 90' lang='lat' dir='ltr'><strong>pro-</strong></span> 
     </span>
     <span class='ocr_line' id='line_1_31' title="bbox 234 2758 1211 2838; baseline 0.004 -18"><span class='ocrx_word' id='word_1_236' title='bbox 234 2765 300 2835; x_wconf 91' lang='lat' dir='ltr'><strong>pter</strong></span> <span class='ocrx_word' id='word_1_237' title='bbox 321 2758 470 2834; x_wconf 79' lang='lat' dir='ltr'><strong>insignem</strong></span> <span class='ocrx_word' id='word_1_238' title='bbox 491 2758 674 2822; x_wconf 85' lang='lat' dir='ltr'><strong>simultatem</strong></span> <span class='ocrx_word' id='word_1_239' title='bbox 694 2762 732 2822; x_wconf 87' lang='lat' dir='ltr'><strong>eb</strong></span> <span class='ocrx_word' id='word_1_240' title='bbox 753 2763 954 2838; x_wconf 79' lang='lat' dir='ltr'><strong>selectione,</strong></span> <span class='ocrx_word' id='word_1_241' title='bbox 978 2777 1059 2838; x_wconf 80' lang='lat' dir='ltr'><strong>quae</strong></span> <span class='ocrx_word' id='word_1_242' title='bbox 1078 2762 1211 2833; x_wconf 79' lang='lat' dir='ltr'><strong>adversa</strong></span> 
     </span>
     <span class='ocr_line' id='line_1_32' title="bbox 234 2841 1211 2922; baseline 0.005 -19"><span class='ocrx_word' id='word_1_243' title='bbox 234 2841 428 2919; x_wconf 86' lang='lat' dir='ltr'><strong>Scipionibus</strong></span> <span class='ocrx_word' id='word_1_244' title='bbox 444 2851 516 2920; x_wconf 83' lang='lat' dir='ltr'><strong>erat,</strong></span> <span class='ocrx_word' id='word_1_245' title='bbox 532 2845 669 2907; x_wconf 90' lang='lat' dir='ltr'><strong>delectus</strong></span> <span class='ocrx_word' id='word_1_246' title='bbox 684 2845 724 2907; x_wconf 92' lang='lat' dir='ltr'><strong>sit</strong></span> <span class='ocrx_word' id='word_1_247' title='bbox 739 2845 931 2922; x_wconf 89' lang='lat' dir='ltr'><strong>potissimum</strong></span> <span class='ocrx_word' id='word_1_248' title='bbox 945 2848 984 2907; x_wconf 87' lang='lat' dir='ltr'><strong>ad</strong></span> <span class='ocrx_word' id='word_1_249' title='bbox 999 2846 1211 2921; x_wconf 76' lang='lat' dir='ltr'><strong>quaestionem</strong></span> 
     </span>
     <span class='ocr_line' id='line_1_33' title="bbox 234 2928 1212 3006; baseline 0.001 -19"><span class='ocrx_word' id='word_1_250' title='bbox 234 2929 437 2989; x_wconf 82' lang='lat' dir='ltr'><strong>exercendam</strong></span> <span class='ocrx_word' id='word_1_251' title='bbox 447 2954 504 3000; x_wconf 69' lang='grc' dir='ltr'><strong>-ς</strong></span> <span class='ocrx_word' id='word_1_252' title='bbox 529 2936 671 2991; x_wconf 88' lang='lat' dir='ltr'><strong>ceterum·</strong></span> <span class='ocrx_word' id='word_1_253' title='bbox 684 2931 723 2991; x_wconf 82' lang='lat' dir='ltr'><strong>sd</strong></span> <span class='ocrx_word' id='word_1_254' title='bbox 742 2931 823 2990; x_wconf 90' lang='lat' dir='ltr'><strong>hunc</strong></span> <span class='ocrx_word' id='word_1_255' title='bbox 837 2929 926 2991; x_wconf 88' lang='lat' dir='ltr'><strong>nimis</strong></span> <span class='ocrx_word' id='word_1_256' title='bbox 941 2946 1072 3006; x_wconf 80' lang='lat' dir='ltr'><strong>aequum</strong></span> <span class='ocrx_word' id='word_1_257' title='bbox 1087 2936 1141 2990; x_wconf 86' lang='lat' dir='ltr'><strong>eut</strong></span> <span class='ocrx_word' id='word_1_258' title='bbox 1156 2928 1212 2989; x_wconf 91' lang='lat' dir='ltr'><strong>ini-</strong></span> 
     </span>
    </p>
   </div>
   <div class='ocr_carea' id='block_1_18' title="bbox 1290 2584 1293 2663">
    <p class='ocr_par' dir='ltr' id='par_1_18' title="bbox 1290 2584 1293 2663">
     <span class='ocr_line' id='line_1_34' title="bbox 1290 2584 1293 2663; baseline 0 0"><span class='ocrx_word' id='word_1_259' title='bbox 1290 2584 1293 2663; x_wconf 83' lang='lat' dir='ltr'><strong>i</strong></span> 
     </span>
    </p>
   </div>
   <div class='ocr_carea' id='block_1_19' title="bbox 235 3012 1293 3090">
    <p class='ocr_par' dir='ltr' id='par_1_19' title="bbox 235 3012 1293 3090">
     <span class='ocr_line' id='line_1_35' title="bbox 235 3012 1293 3090; baseline 0 -19"><span class='ocrx_word' id='word_1_260' title='bbox 235 3026 328 3085; x_wconf 87' lang='lat' dir='ltr'><strong>quum</strong></span> <span class='ocrx_word' id='word_1_261' title='bbox 343 3020 515 3087; x_wconf 83' lang='lat' dir='ltr'><strong>praetorem</strong></span> <span class='ocrx_word' id='word_1_262' title='bbox 531 3028 602 3075; x_wconf 89' lang='lat' dir='ltr'><strong>reus</strong></span> <span class='ocrx_word' id='word_1_263' title='bbox 618 3016 770 3085; x_wconf 87' lang='lat' dir='ltr'><strong>extemplo</strong></span> <span class='ocrx_word' id='word_1_264' title='bbox 786 3016 882 3075; x_wconf 85' lang='lat' dir='ltr'><strong>iactus</strong></span> <span class='ocrx_word' id='word_1_265' title='bbox 894 3015 927 3073; x_wconf 86' lang='lat' dir='ltr'><strong>L.</strong></span> <span class='ocrx_word' id='word_1_266' title='bbox 939 3012 1052 3090; x_wconf 87' lang='lat' dir='ltr'><strong>Scipio.</strong></span> <span class='ocrx_word' id='word_1_267' title='bbox 1076 3013 1214 3072; x_wconf 83' lang='lat' dir='ltr'><strong>simulet</strong></span> <span class='ocrx_word' id='word_1_268' title='bbox 1286 3043 1293 3059; x_wconf 44' lang='grc' dir='ltr'><em>κ</em></span> 
     </span>
    </p>
   </div>
   <div class='ocr_carea' id='block_1_20' title="bbox 158 3092 1215 3592">
    <p class='ocr_par' dir='ltr' id='par_1_20' title="bbox 158 3092 1215 3592">
     <span class='ocr_line' id='line_1_36' title="bbox 199 3092 1212 3173; baseline 0 -18"><span class='ocrx_word' id='word_1_269' title='bbox 199 3132 202 3141; x_wconf 89' lang='lat'>.</span> <span class='ocrx_word' id='word_1_270' title='bbox 235 3092 336 3155; x_wconf 82' lang='lat' dir='ltr'><strong>delato</strong></span> <span class='ocrx_word' id='word_1_271' title='bbox 350 3103 380 3157; x_wconf 91' lang='lat' dir='ltr'><strong>et</strong></span> <span class='ocrx_word' id='word_1_272' title='bbox 400 3103 526 3173; x_wconf 88' lang='lat' dir='ltr'><strong>recepta</strong></span> <span class='ocrx_word' id='word_1_273' title='bbox 540 3097 662 3171; x_wconf 85' lang='lat' dir='ltr'><strong>nomina</strong></span> <span class='ocrx_word' id='word_1_274' title='bbox 676 3099 841 3173; x_wconf 82' lang='lat' dir='ltr'><strong>legatorum</strong></span> <span class='ocrx_word' id='word_1_275' title='bbox 860 3098 941 3169; x_wconf 89' lang='lat' dir='ltr'><strong>eius,</strong></span> <span class='ocrx_word' id='word_1_276' title='bbox 962 3098 1000 3158; x_wconf 84' lang='lat' dir='ltr'><strong>A.</strong></span> <span class='ocrx_word' id='word_1_277' title='bbox 1017 3104 1048 3158; x_wconf 90' lang='lat' dir='ltr'><strong>et</strong></span> <span class='ocrx_word' id='word_1_278' title='bbox 1060 3098 1094 3156; x_wconf 87' lang='lat' dir='ltr'><strong>L.</strong></span> <span class='ocrx_word' id='word_1_279' title='bbox 1109 3097 1212 3156; x_wconf 85' lang='lat' dir='ltr'><strong>Hosti-</strong></span> 
     </span>
     <span class='ocr_line' id='line_1_37' title="bbox 235 3176 1214 3257; baseline 0.005 -22"><span class='ocrx_word' id='word_1_280' title='bbox 235 3176 342 3238; x_wconf 87' lang='lat' dir='ltr'><strong>llomm</strong></span> <span class='ocrx_word' id='word_1_281' title='bbox 361 3178 523 3254; x_wconf 81' lang='lat' dir='ltr'><strong>catonum,</strong></span> <span class='ocrx_word' id='word_1_282' title='bbox 545 3186 576 3241; x_wconf 89' lang='lat' dir='ltr'><strong>et</strong></span> <span class='ocrx_word' id='word_1_283' title='bbox 590 3180 620 3240; x_wconf 82' lang='lat'><strong>0.</strong></span> <span class='ocrx_word' id='word_1_284' title='bbox 635 3181 717 3242; x_wconf 79' lang='lat' dir='ltr'><strong>Furii</strong></span> <span class='ocrx_word' id='word_1_285' title='bbox 731 3182 897 3243; x_wconf 86' lang='lat' dir='ltr'><strong>Aculeonis</strong></span> <span class='ocrx_word' id='word_1_286' title='bbox 918 3181 1106 3257; x_wconf 75' lang='lat' dir='ltr'><strong>quaestoris,</strong></span> <span class='ocrx_word' id='word_1_287' title='bbox 1127 3185 1159 3239; x_wconf 91' lang='lat' dir='ltr'><strong>et</strong></span> <span class='ocrx_word' id='word_1_288' title='bbox 1179 3189 1214 3240; x_wconf 89' lang='lat' dir='ltr'><strong>ut</strong></span> 
     </span>
     <span class='ocr_line' id='line_1_38' title="bbox 235 3260 1214 3341; baseline -0.001 -18"><span class='ocrx_word' id='word_1_289' title='bbox 235 3260 336 3323; x_wconf 79' lang='lat' dir='ltr'><strong>omnia</strong></span> <span class='ocrx_word' id='word_1_290' title='bbox 361 3269 500 3325; x_wconf 75' lang='lat' dir='ltr'><strong>contacte</strong></span> <span class='ocrx_word' id='word_1_291' title='bbox 525 3263 671 3325; x_wconf 79' lang='lat' dir='ltr'><strong>societate</strong></span> <span class='ocrx_word' id='word_1_292' title='bbox 696 3268 853 3341; x_wconf 80' lang='lat' dir='ltr'><strong>peculatus</strong></span> <span class='ocrx_word' id='word_1_293' title='bbox 873 3264 1063 3337; x_wconf 86' lang='lat' dir='ltr'><strong>viderentur,</strong></span> <span class='ocrx_word' id='word_1_294' title='bbox 1091 3264 1214 3324; x_wconf 85' lang='lat' dir='ltr'><strong>scribae</strong></span> 
     </span>
     <span class='ocr_line' id='line_1_39' title="bbox 236 3345 1213 3423; baseline -0.002 -16"><span class='ocrx_word' id='word_1_295' title='bbox 236 3361 359 3423; x_wconf 82' lang='lat' dir='ltr'><strong>quoque</strong></span> <span class='ocrx_word' id='word_1_296' title='bbox 374 3345 434 3408; x_wconf 90' lang='lat' dir='ltr'><strong>duo</strong></span> <span class='ocrx_word' id='word_1_297' title='bbox 450 3354 480 3408; x_wconf 89' lang='lat' dir='ltr'><strong>et</strong></span> <span class='ocrx_word' id='word_1_298' title='bbox 494 3362 656 3409; x_wconf 74' lang='lat' dir='ltr'><strong>accensus.</strong></span> <span class='ocrx_word' id='word_1_299' title='bbox 676 3348 708 3408; x_wconf 92' lang='lat' dir='ltr'><strong>L.</strong></span> <span class='ocrx_word' id='word_1_300' title='bbox 723 3349 870 3410; x_wconf 87' lang='lat' dir='ltr'><strong>Hostilius</strong></span> <span class='ocrx_word' id='word_1_301' title='bbox 885 3356 914 3409; x_wconf 90' lang='lat' dir='ltr'><strong>ct</strong></span> <span class='ocrx_word' id='word_1_302' title='bbox 928 3349 1050 3409; x_wconf 87' lang='lat' dir='ltr'><strong>scribae</strong></span> <span class='ocrx_word' id='word_1_303' title='bbox 1063 3353 1213 3407; x_wconf 85' lang='lat' dir='ltr'><strong>etaccen·</strong></span> 
     </span>
     <span class='ocr_line' id='line_1_40' title="bbox 235 3429 1215 3508; baseline -0.002 -18"><span class='ocrx_word' id='word_1_304' title='bbox 235 3443 299 3503; x_wconf 85' lang='lat' dir='ltr'><strong>sus,</strong></span> <span class='ocrx_word' id='word_1_305' title='bbox 316 3429 494 3507; x_wconf 79' lang='lat' dir='ltr'><strong>priusquam</strong></span> <span class='ocrx_word' id='word_1_306' title='bbox 510 3431 549 3492; x_wconf 86' lang='lat' dir='ltr'><strong>de</strong></span> <span class='ocrx_word' id='word_1_307' title='bbox 560 3430 706 3508; x_wconf 87' lang='lat' dir='ltr'><strong>Scipione</strong></span> <span class='ocrx_word' id='word_1_308' title='bbox 720 3433 862 3494; x_wconf 87' lang='lat' dir='ltr'><strong>iudicium</strong></span> <span class='ocrx_word' id='word_1_309' title='bbox 875 3434 970 3507; x_wconf 87' lang='lat' dir='ltr'><strong>lieret,</strong></span> <span class='ocrx_word' id='word_1_310' title='bbox 986 3431 1118 3494; x_wconf 90' lang='lat' dir='ltr'><strong>absoluti</strong></span> <span class='ocrx_word' id='word_1_311' title='bbox 1130 3437 1215 3504; x_wconf 86' lang='lat' dir='ltr'><strong>sunt,</strong></span> 
     </span>
     <span class='ocr_line' id='line_1_41' title="bbox 158 3509 1214 3592; baseline 0.005 -23"><span class='ocrx_word' id='word_1_312' title='bbox 158 3560 162 3569; x_wconf 92' lang='lat'>.</span> <span class='ocrx_word' id='word_1_313' title='bbox 192 3516 194 3522; x_wconf 86' lang='lat'>&#39;</span> <span class='ocrx_word' id='word_1_314' title='bbox 235 3509 339 3588; x_wconf 87' lang='lat' dir='ltr'><strong>Scipio</strong></span> <span class='ocrx_word' id='word_1_315' title='bbox 360 3521 390 3575; x_wconf 89' lang='lat' dir='ltr'><strong>et</strong></span> <span class='ocrx_word' id='word_1_316' title='bbox 404 3515 440 3576; x_wconf 83' lang='lat' dir='ltr'><strong>A.</strong></span> <span class='ocrx_word' id='word_1_317' title='bbox 455 3515 601 3579; x_wconf 78' lang='lat' dir='ltr'><strong>Hostilius</strong></span> <span class='ocrx_word' id='word_1_318' title='bbox 622 3517 740 3592; x_wconf 79' lang='lat' dir='ltr'><strong>legatus</strong></span> <span class='ocrx_word' id='word_1_319' title='bbox 755 3516 829 3577; x_wconf 77' lang='lat' dir='ltr'><strong>et‘C.</strong></span> <span class='ocrx_word' id='word_1_320' title='bbox 844 3514 953 3576; x_wconf 83' lang='lat' dir='ltr'><strong>Furius</strong></span> <span class='ocrx_word' id='word_1_321' title='bbox 975 3514 1123 3576; x_wconf 68' lang='lat' dir='ltr'><strong>damnatis</strong></span> <span class='ocrx_word' id='word_1_322' title='bbox 1148 3529 1214 3589; x_wconf 92' lang='lat' dir='ltr'><strong>quo</strong></span> 
     </span>
    </p>
   </div>
   <div class='ocr_carea' id='block_1_21' title="bbox 0 0 1307 4000">
    <p class='ocr_par' dir='ltr' id='par_1_21' title="bbox 0 0 1307 4000">
     <span class='ocr_line' id='line_1_42' title="bbox 0 0 1307 4000; baseline 0 0"><span class='ocrx_word' id='word_1_323' title='bbox 0 0 1307 4000; x_wconf 95' lang='lat' dir='ltr'><strong> </strong></span> 
     </span>
    </p>
   </div>
  </div>
 </body>
</html>
