2600 4000
202 194 208 204 ’
240 189 355 295 'nmen
369 231 531 294 xirxvru.
554 234 638 295 cnr.
651 233 808 297 armas.
830 237 911 312 pc.
924 236 986 313 no]
1041 232 1101 297 aar

121 382 240 445 veniret
256 382 287 442 in
302 381 548 457 Peloponnesum
569 383 609 443 ad
626 384 733 444 urbem
745 383 1008 446 Lacedaemonem
1022 386 1054 446 in
1068 386 1105 446 ii-

121 468 193 528 dem
207 465 420 543 dicionemque
431 466 537 542 populi
547 467 677 528 Romani
691 466 912 544 accipiendam.
933 467 1053 529 xxxii.
1072 469 1104 530 id

120 549 175 618 ubi
189 549 280 624 legati
294 548 335 609 ad
344 549 489 611 Achaeos
500 550 687 623 rettulerunt,
704 548 838 612 omnium
850 549 1015 611 civitatium
1026 567 1105 627 quae

115 635 189 695 eius
210 632 329 695 concilii
348 640 435 695 eraut
454 649 608 696 consensu
628 633 742 695 bellum
755 632 1014 696 Lacedaemoniis
1028 633 1104 694 indi·
1229 675 1231 677 -

122 725 203 779 ctum
216 722 272 778 est
290 731 330 777 ne
340 717 494 793 extemplo
504 724 671 793 gereretur,
686 717 784 779 hiems
795 717 941 793 impediit.
955 717 1103 780 incursio·

121 801 211 862 nibus
226 807 326 862 mmen
342 801 455 876 parvis,
470 798 621 864 latrocinii
631 799 729 877 magis
743 817 835 877 quam
844 801 917 862 belli
927 801 1030 874 modo,
1042 817 1105 862 non

3 937 4 940 ,
121 894 202 946 terra
216 890 332 945 tantmn
346 885 404 945 sed
418 884 507 946 etiam
520 884 650 947 navibus
661 901 681 945 a
691 885 767 945 mari
777 886 856 947 lines
867 901 974 947 eorum
985 885 1105 946 vastati.

121 969 172 1029 hic
185 968 331 1029 tumultus
347 969 504 1030 consulem
518 968 766 1046 Peloponnesum
788 968 929 1041 adduxit;
954 969 1106 1044 iussuque

122 1052 189 1114 eius
203 1052 270 1111 lilia
293 1050 423 1113 concilio
441 1050 554 1114 indicto
566 1051 800 1114 Lacedaemonii
815 1053 856 1113 ad
870 1052 1105 1129 disceptandum

121 1135 219 1196 acciti.
241 1149 353 1209 magna
365 1134 407 1195 ibi
421 1152 483 1198 non
498 1135 680 1213 disceptatio
695 1135 788 1197 modo
803 1136 861 1197 sed
872 1136 1027 1198 altercatio
1039 1137 1103 1211 luit,

122 1217 172 1280 cui
187 1218 311 1293 consul,
332 1234 402 1279 cum
414 1219 475 1280 alia
488 1219 564 1281 satis
579 1218 740 1282 ambitiose
753 1225 870 1295 partem
884 1226 1045 1298 utrumque
1059 1221 1103 1281 io·

120 1301 224 1363 vendo
243 1302 359 1363 incerta
378 1302 608 1379 respondisset,
627 1319 691 1365 una
711 1303 953 1381 denuntiatione,
975 1310 1009 1366 ut
1022 1303 1104 1366 bello

124 1377 312 1446 abstinerent
331 1386 432 1448 donec
444 1387 572 1448 Romam
591 1387 632 1448 ad
651 1393 791 1449 senatum
805 1388 924 1464 legatos
939 1388 1105 1461 misissent,
1204 1396 1206 1399 ·

122 1468 215 1530 tinem
235 1467 389 1546 imposuit.
414 1470 566 1547 utrimque
586 1471 695 1547 legatio
715 1470 810 1534 missa
822 1471 950 1534 Romam
966 1478 1023 1534 est
1051 1487 1104 1531 ex-

3 1605 5 1636 3
122 1553 207 1612 sales
219 1568 343 1629 quoque
353 1554 663 1618 Lacedaemoniorum
672 1571 761 1617 suam
772 1571 898 1616 causam
909 1554 1103 1630 legationem-

3 1647 4 1706 l
124 1650 185 1711 que
194 1636 328 1698 Achaeis
341 1636 545 1703 iniunxcmnt.
566 1639 745 1715 Diophanes
756 1645 787 1699 et
796 1638 956 1716 Lycortas,
967 1636 1102 1712 Megalo-

3 1719 4 1738 ¹
123 1718 249 1795 politani
269 1721 375 1795 ambo,
400 1721 556 1799 principes
577 1721 739 1798 legationis
752 1719 948 1780 Achaeorum
967 1719 1103 1780 luerunt=
1123 1741 1126 1748 ·

124 1803 176 1880 qui
192 1803 379 1867 dissidentes
392 1806 424 1866 in
438 1822 473 1867 re
487 1805 609 1883 publica
623 1813 689 1864 tum
703 1816 830 1878 quoque
844 1800 967 1863 minime
979 1801 1058 1862 inter
1068 1817 1105 1863 se

122 1888 331 1951 convenientis
346 1890 500 1950 orationes
514 1888 696 1948 habuerant.
717 1883 895 1960 Diophanes
910 1886 1029 1948 senatui
1041 1882 1103 1945 dis-

122 1971 324 2048 ceptationem
339 1972 472 2032 omnium
485 1985 586 2032 rerum
607 1965 813 2045 permittebatz
831 1985 888 2032 eos
903 1969 1016 2047 optime
1031 1983 1103 2030 con-

122 2054 289 2114 troversias
303 2052 382 2113 inter
390 2052 534 2114 Achaeos
550 2068 586 2113 ac
595 2052 860 2116 Lacedaemonios
871 2053 1010 2115 finituros
1021 2069 1104 2115 esse.

4 2144 5 2207 t
122 2136 272 2214 Lycortas
303 2150 344 2197 ex
373 2135 548 2212 praeceptis
573 2134 820 2213 Philopoemenis
851 2137 1040 2213 postulabat,
1070 2147 1104 2197 ut

4 2232 5 2235 ’
122 2218 256 2295 Achaeis
271 2233 312 2280 ex
325 2218 452 2281 loedere
465 2235 502 2280 ac
515 2219 634 2296 legibus
649 2219 715 2287 suis
731 2236 811 2295 quae
822 2219 1003 2281 decressent
1012 2233 1104 2294 agere

123 2303 243 2376 liceret,
264 2302 495 2379 libertatemque
515 2303 574 2365 sibi
594 2302 753 2376 illibatam,
775 2303 863 2366 cuius
885 2303 946 2379 ipsi
961 2308 1103 2364 auctores

124 2394 242 2459 essent,
264 2393 465 2462 praestarent.
486 2402 615 2464 magnae
635 2386 822 2448 auctoritatis
844 2388 927 2464 apud
947 2387 1103 2447 Romanos

126 2475 186 2531 tum
206 2485 284 2546 gens
303 2471 497 2533 Achaeorum
517 2479 595 2533 erata
617 2470 724 2533 novari
744 2476 845 2531 tamen
868 2470 942 2530 nihil
957 2471 996 2531 de
1009 2470 1103 2530 Lace-

123 2552 292 2616 daemoniis
315 2553 465 2632 placebat
498 2564 631 2616 cetemm
655 2569 841 2631 responsum
860 2555 903 2616 ita
922 2555 1104 2630 perplexum

123 2637 192 2710 luit,
213 2645 248 2700 ut
267 2645 298 2698 et
311 2638 428 2700 Achaei
446 2635 506 2698 sibi
526 2639 565 2699 de
579 2638 811 2700 Lacedaemone
824 2635 1010 2715 permissum
1024 2637 1103 2698 acci·

124 2726 241 2795 pereni,
253 2727 285 2781 ct
297 2717 531 2781 Lacedaemonii
546 2738 607 2782 non
622 2722 725 2782 omnia
739 2737 890 2783 concessa
903 2721 941 2783 iis
955 2721 1104 2797 interpre-

124 2809 267 2863 tarentur.
293 2800 352 2862 hac
371 2808 523 2878 potestate
542 2803 705 2864 immodice
718 2803 835 2864 Achaei
855 2819 892 2865 ac
906 2804 1041 2880 superbe
1055 2803 1105 2865 usi

125 2891 204 2946 sunt.
225 2885 356 2947 XXXlll.
377 2885 605 2961 Philopoemeni
621 2885 815 2948 continuatur
824 2887 1028 2963 magistratus.
1052 2886 1104 2963 qui

124 2971 206 3030 veris
227 2969 311 3031 initio
333 2967 469 3029 exercitu
482 2968 594 3029 indicto
610 2976 712 3030 castra
726 2969 756 3029 in
771 2969 885 3031 tinibus
898 2970 1104 3032 Lacedaemo-

125 3050 243 3116 niorum
254 3051 367 3128 posuit,
378 3054 495 3128 legatos
506 3051 617 3114 deinde
627 3052 709 3114 misit
720 3053 760 3114 ad
771 3053 989 3130 deposcendos
1000 3062 1103 3118 aucto-

124 3151 176 3198 res
191 3136 381 3210 delectionis,
397 3144 429 3197 et
442 3134 591 3198 civitatem
601 3135 631 3196 in
644 3153 722 3212 pace
732 3138 873 3212 laturam,
889 3138 916 3199 si
927 3137 958 3199 id
970 3139 1104 3211 lecisset,

125 3221 307 3298 pollicentis,
321 3220 434 3283 atilios
448 3219 520 3281 nihil
534 3218 648 3282 indicta
663 3236 758 3283 causa
771 3238 932 3298 passuros.
955 3222 1106 3285 silentium

124 3318 201 3378 prae
214 3311 297 3366 metu
312 3311 481 3366 ceterorum
495 3304 565 3365 brit:
588 3321 669 3379 quos
682 3304 858 3367 nominatim
870 3307 1105 3383 depoposcerat,

126 3384 186 3460 ipsi
201 3402 237 3448 se
250 3388 346 3450 ituros
360 3387 495 3465 professi
510 3394 590 3458 sunt,
604 3386 668 3447 lide
681 3396 810 3465 accepta
822 3406 842 3450 a
855 3390 963 3465 legatis
977 3386 1038 3462 vim
1053 3386 1097 3445 ah-

128 3469 266 3547 laturam,
278 3470 377 3532 donec
389 3487 513 3534 causam
525 3467 685 3530 dixissent.
699 3470 800 3533 lerunt
810 3470 1106 3567 etiamalilillustres
