2600 4000
271 227 386 288 LIBER
396 228 500 289 XXXI.
517 228 600 288 GAP.
613 237 657 290 19.
669 238 713 290 20.
726 239 768 291 21.
793 237 829 304 [a.
843 237 874 288 c.
888 237 952 305 2⁰0]
1059 232 1101 296 17

119 399 180 461 que
201 383 291 444 edite.
326 382 446 458 equites
461 380 542 441 mille
555 381 720 456 Numidae,
745 399 814 442 cum
831 383 892 444 duo
907 385 989 444 milia
1003 386 1099 463 daret,

118 467 248 543 accepti.
280 465 350 541 ipse
370 466 401 526 in
421 465 510 526 navis
532 466 739 540 imponendos
761 467 892 539 curavit,
916 473 1028 528 etcum
1043 471 1097 532 du·

118 551 215 613 centis
234 549 355 610 milibus
376 550 512 610 modium
532 550 637 625 tritici,
660 551 800 610 ducentis
822 549 928 611 hordei
949 552 980 610 in
999 553 1097 613 Maee-

117 635 241 697 doniam
267 634 357 695 misit.
392 635 481 695 tertia
507 633 618 708 legalio
645 635 686 695 ad
706 634 882 693 Verminam
903 641 977 694 erat.
1012 635 1101 697 ised

116 721 234 796 primos
255 719 334 779 fines
348 718 435 792 regni
449 718 558 793 legatis
574 718 698 778 obviarn
712 715 916 793 progressus,
937 726 972 779 ut
985 720 1099 780 scribe·

19 842 20 851 ι
114 809 184 864 rent
197 803 257 878 ipsi
272 817 350 878 quas
361 803 475 861 vellent
485 802 573 877 pacis
586 803 794 874 condiciones,
810 802 964 878 permisit:
980 818 1101 863 ornnem

116 903 227 963 paoem
247 886 358 947 bonam
379 885 553 962 iustamque
574 888 641 947 lore
663 885 722 946 sibi
737 902 805 947 cum
819 888 936 961 populo
949 888 1099 950 Romano.

117 973 208 1032 datae
226 972 312 1046 leges
330 970 433 1045 pacis,
454 970 624 1045 iussusque
642 970 683 1030 ad
697 986 764 1030 earn
779 971 1019 1030 confirmandam
1033 973 1099 1032 mit-
1140 976 1143 981 ’

114 1062 181 1115 tere
194 1055 314 1129 legatos
329 1055 467 1116 Romam.

198 1139 262 1198 XX.
284 1139 342 1198 Per
355 1139 437 1198 idem
449 1145 571 1213 tempus
583 1137 616 1195 L.
630 1138 788 1199 Cornelius
799 1139 944 1200 Lentulus
956 1158 1012 1216 pro
1025 1158 1098 1203 con-

115 1224 184 1284 sule
205 1238 244 1281 ex
257 1221 408 1297 Hispania
420 1222 518 1282 rediit.
552 1221 604 1297 qui
620 1238 689 1284 cum
704 1222 734 1282 in
750 1229 859 1284 senatu
870 1240 923 1285 res
938 1226 976 1284 ab
991 1242 1027 1286 se
1041 1242 1098 1301 per

114 1308 227 1368 multos
239 1321 337 1367 annos
345 1306 462 1365 fortiter
474 1305 663 1382 feliciterque
674 1315 777 1382 gestas
785 1308 1097 1385 exposuissetpostu·

115 1393 282 1466 lassetque,
301 1397 335 1451 ut
350 1389 546 1466 triumphanti
559 1391 618 1451 sibi
632 1392 735 1451 invehi
750 1391 855 1452 liceret
869 1393 899 1452 in
914 1393 1030 1469 urbem,
1045 1409 1097 1454 res

114 1474 270 1550 triumpho
285 1475 396 1550 dignas
410 1489 482 1536 esse
497 1475 644 1535 censebat
657 1481 798 1550 senatus,
818 1477 875 1536 sed
890 1478 1063 1552 exemplum
1079 1493 1098 1536 a

103 1558 281 1620 maioribus
307 1574 369 1620 non
393 1559 569 1635 accepisse,
595 1566 630 1620 ut
651 1559 704 1635 qui
725 1574 827 1634 neque
848 1560 976 1620 dictator
996 1575 1098 1636 neque

114 1644 224 1704 consul
251 1659 352 1719 neque
377 1652 502 1718 praetor
527 1658 580 1704 res
605 1644 772 1718 gessisset,
797 1643 1006 1718 triumpharet.
1040 1659 1097 1718 pro

113 1729 243 1788 consule
264 1727 348 1788 illum
361 1727 541 1804 Hispaniam
560 1727 767 1804 provinciam,
789 1741 851 1786 non
873 1728 1031 1787 consulem
1046 1735 1099 1788 aut

19 1862 20 1871 ,
112 1818 287 1887 praetorem
309 1811 487 1873 obtinuisse.
524 1812 745 1872 decurrebatur
758 1816 859 1870 tamen
876 1826 929 1886 eo,
951 1818 985 1873 ut
999 1827 1097 1871 ovans

19 1880 20 1969 f
112 1895 220 1956 urbem
242 1895 344 1970 iniret,
364 1895 572 1957 intercedente
589 1896 632 1954 Ti.
650 1895 832 1970 Sempronio
846 1895 954 1970 Longo
974 1896 1096 1958 tribuno

109 1979 221 2057 plebis,
239 1979 290 2055 qui
302 1979 396 2042 nihilo
408 1981 505 2055 magis
517 1980 549 2040 id
560 1995 647 2041 more
658 1980 807 2041 maiorum
819 1981 940 2042 autulio
953 1982 1096 2057 exemplo

109 2066 247 2126 futurum
262 2063 387 2123 diceret.
410 2070 567 2137 postremo
582 2064 682 2124 victus
697 2079 853 2124 consensu
868 2071 988 2138 patrum
1001 2065 1095 2124 tribu-

109 2165 172 2210 nus
191 2148 305 2214 cessit;
327 2152 411 2204 etex
426 2151 551 2205 senatus
568 2145 710 2205 consulto
723 2146 758 2203 L.
771 2146 918 2206 Lentulus
934 2163 1031 2205 ovans
1046 2164 1095 2205 ur-

108 2233 184 2293 bem
206 2235 255 2289 est
273 2229 443 2302 ingressus.
479 2228 595 2302 argenti
615 2228 683 2288 tulit
702 2244 742 2287 ex
762 2229 878 2301 praeda
898 2229 1097 2304 quadraginta

108 2316 170 2376 tria
190 2312 274 2372 milia
294 2312 415 2387 pondo,
436 2313 503 2372 auri
525 2312 586 2373 duo
607 2311 691 2371 milia
711 2310 934 2387 quadringenta
948 2312 1097 2388 quinqua·

109 2401 204 2475 ginta.
225 2396 370 2457 militibus
386 2412 425 2456 ex
439 2397 557 2472 praeda
572 2403 694 2458 centum
707 2395 814 2471 viginti
828 2412 916 2457 asses
933 2397 1043 2457 divisit.

192 2482 270 2543 xxl.
294 2482 357 2541 lam
379 2481 532 2543 exercitus
548 2480 721 2542 consularis
736 2480 775 2540 ab
788 2480 910 2542 Arretio
926 2482 1095 2542 Ariminum

111 2567 307 2628 transductus
322 2573 401 2638 erat,
428 2574 459 2626 et
474 2567 608 2642 quinque
622 2564 706 2625 milia
720 2565 838 2626 socium
852 2565 950 2626 Latini
964 2567 1095 2627 nominis

110 2667 150 2712 ex
163 2650 261 2710 Gallia
275 2650 305 2709 in
316 2649 465 2710 Etruriam
477 2651 669 2710 transierant.
691 2650 795 2724 itaque
805 2650 964 2725 L.Furius,
976 2652 1095 2726 magnis

109 2733 270 2795 itineribus
285 2733 325 2793 ab
336 2734 472 2793 Arimino
488 2734 638 2795 adversus
651 2734 755 2794 Gallos
767 2734 946 2795 Cremonam
959 2742 1024 2795 tum
1042 2735 1094 2795 ob-

19 2833 20 2856 ;
109 2819 248 2879 sidentes
270 2819 442 2893 profectus,
466 2824 568 2878 eastra
588 2818 670 2877 mille
691 2818 925 2892 quingentorum
946 2834 1095 2894 passuum

19 2909 21 2934 l
109 2902 272 2963 intervallo
294 2901 333 2961 ab
348 2900 439 2962 boste
458 2902 571 2977 posuit.
607 2902 731 2962 occasio
746 2902 870 2975 egregie
882 2902 1095 2977 reigerendae

109 2984 182 3060 luit,
204 2985 231 3045 si
252 2986 391 3060 protinus
413 2986 452 3046 de
467 2984 520 3046 via
540 2986 580 3046 ad
600 2992 702 3047 eastra
722 2986 932 3061 oppugnanda
945 2986 1095 3046 duxisset.

19 3057 21 3086 ¹
110 3068 207 3145 palati
228 3068 345 3145 passim
364 3068 556 3144 vagabantur
576 3085 632 3145 per
647 3085 740 3145 agros
756 3071 839 3130 nullo
855 3070 930 3130 satis
945 3070 1032 3129 firmo
1048 3083 1095 3128 re·

19 3209 20 3212 ,
108 3154 183 3214 licto
205 3152 371 3228 praesidio.
407 3154 578 3214 lassitudini
598 3154 725 3214 militum
744 3153 857 3228 timuit,
880 3154 965 3229 quod
985 3153 1095 3228 raptim

109 3238 238 3299 ductum
252 3252 360 3312 agmen
376 3245 450 3298 emt.
474 3239 550 3299 Galli
566 3240 700 3299 elamore
714 3253 840 3299 suorum
856 3252 895 3296 ex
910 3236 992 3312 agris
1006 3253 1094 3297 reve

108 3319 173 3382 eati
187 3322 303 3383 omissa
317 3322 448 3396 praeda,
472 3322 596 3398 quaein
611 3321 752 3382 manibus
767 3326 841 3394 erat,
868 3328 970 3381 castra
984 3319 1094 3395 repeti·

108 3421 201 3479 vere,
222 3413 252 3466 et
273 3413 399 3481 postero
422 3406 471 3466 die
492 3406 522 3466 in
544 3405 640 3466 aciem
662 3404 832 3481 progressi.
865 3420 923 3464 nee
936 3405 1094 3463 Romanus

108 3503 229 3551 moram
249 3489 407 3564 pugnandi
427 3491 508 3551 lecit.
541 3489 597 3549 sed
619 3489 671 3548 vix
693 3489 825 3564 spatium
840 3485 1008 3546 instruendi
1025 3483 1095 3541 tuit.

155 3589 183 3630 r.
204 3589 267 3632 arur
288 3589 365 3632 raas
388 3572 440 3631 IV.
872 3576 890 3624 2
