2600 4000
311 191 425 255 LIBER
437 193 586 255 XXXVH.
609 194 690 256 CAP.
702 203 746 258 54.
770 202 806 270 [a.
819 202 851 254 c.
865 198 927 275 189]
1045 195 1105 262 311

11 323 12 364 ³
126 353 291 422 antequam
305 342 475 418 haberetis,
491 361 549 406 nec
563 362 654 420 nunc,
670 362 739 407 cum
754 345 838 408 orbis
853 354 1002 407 terrarum
1015 346 1046 408 in
1061 348 1107 409 di·
1228 345 1231 351 ‘

126 428 216 491 cionc
230 434 333 489 vestra
346 426 400 501 sit,
423 444 537 505 cupere
557 428 699 505 potestis.
734 445 791 505 pro
807 429 953 504 dignitate
967 437 998 492 et
1010 431 1107 506 gloria

125 513 211 589 apud
227 527 316 574 omne
328 510 493 574 humanum
508 529 623 588 genus,
639 513 724 588 quod
736 520 873 574 vestrum
884 528 996 575 nomen
1010 513 1106 589 impe·

123 597 265 671 riumque
284 596 369 657 iuxta
388 612 426 657 ac
440 596 518 658 deos
538 595 725 658 immortales
745 595 807 657 iam
825 596 945 672 pridem
966 597 1108 671 intuetur,

124 680 294 756 pugnastis.
324 695 404 756 quae
419 695 530 756 parare
544 688 575 741 et
589 695 737 757 quaerere
757 680 887 742 arduum
909 679 978 755 luit,
1000 682 1105 743 nescio

9 823 10 828 ,
124 780 163 824 an
177 763 255 826 tueri
269 762 425 826 difficilius
439 763 479 825 sit
511 764 611 840 gentis
632 762 861 826 vetustissimae
881 764 1105 827 nobilissimae-

9 873 10 916 l
124 863 186 925 que
199 849 249 909 vel
270 848 351 907 lama
370 863 472 908 rerum
491 854 646 923 gestarum
666 848 716 907 vel
738 848 820 908 omni
841 847 1106 928 commendatione
1147 903 1150 908 .

122 929 318 994 humanitatis
343 929 613 1008 doctrinarumque
640 931 783 993 tuendam
808 932 847 992 ab
872 930 997 994 servitio
1018 929 1104 1008 regio

122 1016 291 1077 libertatern
307 1012 499 1089 suscepistis.
521 1015 581 1078 troc
592 1013 796 1091 patrocinium
809 1024 953 1092 receptae
966 1016 998 1076 in
1012 1015 1105 1077 iidem

122 1106 153 1160 et
172 1099 342 1160 clientelam
366 1104 500 1159 vestram
524 1095 689 1160 uniuersae
712 1099 812 1174 gentis
838 1105 1022 1176 perpetuum
1044 1115 1104 1162 vos

122 1188 282 1260 praestare
306 1182 405 1243 decet.
436 1197 498 1244 non
525 1197 605 1259 quae
629 1181 661 1243 in
681 1183 750 1244 solo
769 1183 863 1244 modo
885 1181 1011 1261 antiquo
1033 1190 1105 1245 sunt

122 1266 259 1327 Graecae
278 1265 377 1342 magis
397 1266 491 1326 urbes
514 1271 586 1327 sunl
607 1282 700 1341 quam
720 1264 861 1329 coloniae
881 1283 1000 1342 earum,
1021 1267 1103 1329 illinc

122 1350 279 1425 quondam
292 1350 452 1426 protectae
471 1350 502 1409 in
516 1347 640 1420 Asiam;
662 1365 720 1411 neo
739 1356 822 1412 terra
842 1359 957 1413 mutata
978 1349 1104 1413 mutavit

6 1453 7 1460 ¹
120 1449 220 1510 genus
235 1443 288 1496 aut
300 1449 413 1495 mores.
442 1440 559 1496 certare
577 1434 630 1511 pio
646 1435 811 1500 certamine
826 1433 990 1497 cuiuslibet
1001 1435 1103 1498 bonae

120 1516 194 1579 artis
209 1533 246 1578 ac
260 1518 380 1580 virtutis
394 1518 462 1579 ausi
477 1533 583 1581 sumus
599 1535 668 1581 curn
683 1518 863 1595 parentibus
876 1534 1019 1596 quaeque
1030 1519 1100 1580 civi-

119 1608 167 1662 tas
187 1607 219 1662 et
238 1600 448 1664 conditoribus
470 1603 545 1664 suis.
578 1602 687 1666 adistis
703 1603 864 1675 Graeciae,
884 1599 993 1662 adistis
1007 1602 1102 1661 Asiae

119 1684 214 1747 urbes
228 1686 383 1763 plerique:
406 1685 466 1748 nisi
481 1688 565 1764 quod
579 1687 703 1763 longius
714 1702 733 1747 a
745 1685 834 1746 vobis
846 1685 1004 1755 absumus,
1021 1686 1104 1745 nulla

118 1766 269 1832 vincimur
281 1771 394 1832 aliare.
414 1770 634 1845 Massiliensis,
650 1785 740 1846 quos,
756 1769 783 1828 si
797 1772 905 1827 natura
918 1765 1010 1827 insita
1020 1767 1102 1830 velut

119 1852 242 1930 ingenio
262 1862 363 1915 terrae
382 1853 464 1914 vinci
485 1860 608 1931 posset,
634 1853 695 1911 iam
715 1850 834 1925 pridem
855 1848 1038 1911 efferassent
1057 1858 1103 1913 tot

118 1934 284 1997 indomitae
299 1936 503 1997 circumfusae
517 1941 640 2012 gentes,
657 1933 687 1993 in
702 1950 740 1995 eo
755 1933 882 2011 honore,
896 1932 928 1995 in
943 1950 980 1995 ea
993 1934 1101 1996 merito

120 2019 265 2094 dignitate
277 2018 419 2081 audimus
434 2019 518 2095 apud
529 2035 586 2079 vos
596 2033 678 2093 esse,
692 2033 729 2079 ao
740 2018 769 2080 si
779 2019 914 2080 medium
924 2017 1101 2081 umbilicum

121 2101 268 2163 Graeciae
282 2102 457 2163 incolerent.
479 2119 542 2163 non
556 2100 637 2162 enim
648 2118 759 2164 sonum
769 2102 863 2164 modo
875 2101 997 2178 linguae
1008 2102 1101 2164 vesli-

119 2192 246 2260 tumque
260 2194 290 2247 el
303 2183 453 2257 habitum,
476 2187 534 2248 sed
548 2193 619 2247 ante
633 2184 737 2248 omnia
749 2201 853 2247 mores
867 2194 899 2247 et
911 2187 997 2260 leges
1012 2192 1043 2245 el
1056 2183 1100 2245 in·

118 2268 243 2346 genium
267 2270 421 2332 sincerum
446 2270 661 2346 integrumque
680 2288 700 2331 a
720 2267 903 2345 contagione
927 2269 1102 2331 accolarum

119 2362 291 2416 servarunt.
313 2352 460 2416 terminus
474 2360 524 2416 est
535 2370 616 2416 nunc
631 2352 750 2431 imperii
763 2353 860 2416 vestri
872 2369 962 2415 mons
972 2354 1100 2415 Taurus.

119 2434 271 2515 quidquid
285 2436 364 2501 intra
378 2453 447 2500 eum
463 2437 620 2501 cardinem
635 2448 692 2513 cst,
707 2436 780 2500 nihil
795 2438 996 2515 longinquum
1010 2436 1101 2498 vobis

116 2521 215 2583 videri
229 2522 329 2585 debet
368 2538 429 2599 quo
449 2539 534 2584 arma
552 2529 658 2584 vestra
676 2529 900 2600 pervenerunt,
921 2522 1031 2584 eodem
1052 2522 1101 2582 ius

117 2605 188 2667 hinc
207 2607 379 2682 proiectum
401 2606 568 2682 perveniat
600 2607 738 2684 barbari,
765 2605 878 2683 quibus
902 2621 960 2682 pro
979 2605 1100 2682 legibus
1155 2644 1157 2646 -

118 2704 241 2765 semper
255 2688 446 2750 dominorum
462 2689 740 2767 importunarum,
760 2706 822 2766 quo
837 2690 987 2767 gaudent,
1008 2703 1099 2765 reges

118 2771 267 2832 habeant=
296 2773 404 2834 Graeci
418 2789 507 2834 suam
521 2776 689 2844 fortunam,
709 2781 832 2836 vestros
847 2774 967 2833 animos
981 2778 1100 2848 gerunt
1192 2843 1194 2846 ,

119 2854 298 2917 domesticis
320 2856 476 2932 quondam
494 2856 612 2918 viribus
633 2854 725 2918 etiam
750 2854 910 2933 imperium
936 2857 1100 2931 amplecte-

117 2939 242 3001 banturr
273 2955 355 3001 nunc
380 2939 540 3016 imperium
563 2939 616 3001 ubi
642 2946 704 3014 est,
731 2938 774 2999 ibi
798 2946 832 3002 ut
855 2938 896 3001 sit
919 2946 1100 3016 perpetuum

117 3028 242 3099 optanl;
268 3023 437 3085 libertatem
451 3023 565 3086 vestris
578 3023 656 3085 tueri
670 3024 762 3084 armis
777 3024 853 3084 satis
873 3021 1001 3096 habent,
1023 3039 1099 3099 quo·

117 3107 199 3168 niam
214 3106 280 3169 suis
293 3123 352 3168 non
378 3117 513 3187 possunt.
546 3114 578 3169 al
597 3108 678 3169 enim
699 3107 851 3183 quaedam
871 3104 1011 3168 civitates
1031 3123 1100 3168 cnm

117 3192 269 3255 Antiocho
287 3204 455 3268 senserunt,
490 3200 522 3254 et
535 3192 613 3253 aliae
626 3192 714 3269 prius
729 3207 799 3253 cum
811 3188 968 3268 Philippo,
984 3196 1016 3252 et
1030 3205 1099 3252 cum

116 3271 236 3352 Pyrrho
250 3277 410 3340 Tarentini.
437 3294 476 3339 ne
491 3276 569 3339 alios
583 3278 720 3353 populos
735 3292 926 3349 enumerem,
949 3272 1099 3348 Gmthago

116 3355 296 3421 liberasum
310 3360 375 3424 suis
387 3361 508 3438 tegibus
518 3367 576 3422 est
598 3358 670 3443 hnic
680 3367 784 3422 vestro
796 3360 939 3434 exemplo
952 3364 1098 3433 quantum

116 3438 271 3518 debeatis,
283 3442 400 3522 videm
424 3451 529 3521 patres
544 3441 719 3519 conscripti.
752 3441 903 3519 inducetis
917 3440 949 3501 in
964 3438 1098 3500 animum
