<?xml version="1.0" encoding="UTF-8"?>
<!DOCTYPE html PUBLIC "-//W3C//DTD XHTML 1.0 Transitional//EN"
    "http://www.w3.org/TR/xhtml1/DTD/xhtml1-transitional.dtd">
<html xmlns="http://www.w3.org/1999/xhtml" xml:lang="en" lang="en">
 <head>
  <title>
</title>
<meta http-equiv="Content-Type" content="text/html;charset=utf-8" />
  <meta name='ocr-system' content='tesseract 3.04.00' />
  <meta name='ocr-capabilities' content='ocr_page ocr_carea ocr_par ocr_line ocrx_word'/>
</head>
<body>
  <div class='ocr_page' id='page_1' title='image "./aburbeconditali00mlgoog_0336.png"; bbox 0 0 2600 4000; ppageno 0'>
   <div class='ocr_carea' id='block_1_1' title="bbox 208 264 1049 341">
    <p class='ocr_par' dir='ltr' id='par_1_1' title="bbox 208 264 1049 341">
     <span class='ocr_line' id='line_1_1' title="bbox 208 264 1049 341; baseline 0 -14"><span class='ocrx_word' id='word_1_1' title='bbox 208 265 270 327; x_wconf 79' lang='lat' dir='ltr'>aaa</span> <span class='ocrx_word' id='word_1_2' title='bbox 353 265 626 325; x_wconf 78' lang='lat' dir='ltr'>umnaxxxvu.</span> <span class='ocrx_word' id='word_1_3' title='bbox 649 264 1049 341; x_wconf 62' lang='lat' dir='ltr'>annectendam]</span> 
     </span>
    </p>
   </div>
   <div class='ocr_carea' id='block_1_2' title="bbox 206 414 1200 3592">
    <p class='ocr_par' dir='ltr' id='par_1_2' title="bbox 206 414 1195 1482">
     <span class='ocr_line' id='line_1_2' title="bbox 207 414 1195 495; baseline 0 -16"><span class='ocrx_word' id='word_1_4' title='bbox 207 416 309 495; x_wconf 89' lang='lat' dir='ltr'>parari</span> <span class='ocrx_word' id='word_1_5' title='bbox 324 416 446 491; x_wconf 78' lang='lat' dir='ltr'>singula</span> <span class='ocrx_word' id='word_1_6' title='bbox 457 414 646 490; x_wconf 88' lang='lat' dir='ltr'>acquirendo</span> <span class='ocrx_word' id='word_1_7' title='bbox 659 415 778 476; x_wconf 78' lang='lat' dir='ltr'><strong>facilius</strong></span> <span class='ocrx_word' id='word_1_8' title='bbox 789 418 931 491; x_wconf 87' lang='lat' dir='ltr'>potuisse</span> <span class='ocrx_word' id='word_1_9' title='bbox 942 432 1034 491; x_wconf 86' lang='lat' dir='ltr'>quam</span> <span class='ocrx_word' id='word_1_10' title='bbox 1044 417 1195 479; x_wconf 84' lang='lat' dir='ltr'>universa</span> 
     </span>
     <span class='ocr_line' id='line_1_3' title="bbox 207 498 1194 577; baseline -0.002 -14"><span class='ocrx_word' id='word_1_11' title='bbox 207 502 303 563; x_wconf 87' lang='lat' dir='ltr'>teneri</span> <span class='ocrx_word' id='word_1_12' title='bbox 324 515 436 577; x_wconf 73' lang='lat' dir='ltr'>possea</span> <span class='ocrx_word' id='word_1_13' title='bbox 458 499 572 575; x_wconf 90' lang='lat' dir='ltr'>quodsi</span> <span class='ocrx_word' id='word_1_14' title='bbox 584 498 680 559; x_wconf 83' lang='lat' dir='ltr'>Asiae</span> <span class='ocrx_word' id='word_1_15' title='bbox 694 513 821 574; x_wconf 82' lang='lat' dir='ltr'>quoque</span> <span class='ocrx_word' id='word_1_16' title='bbox 834 506 952 574; x_wconf 90' lang='lat' dir='ltr'>partem</span> <span class='ocrx_word' id='word_1_17' title='bbox 970 498 1103 574; x_wconf 89' lang='lat' dir='ltr'>aliquam</span> <span class='ocrx_word' id='word_1_18' title='bbox 1118 500 1194 562; x_wconf 88' lang='lat' dir='ltr'>abs-</span> 
     </span>
     <span class='ocr_line' id='line_1_4' title="bbox 206 582 1193 660; baseline -0.004 -13"><span class='ocrx_word' id='word_1_19' title='bbox 206 584 329 647; x_wconf 83' lang='lat' dir='ltr'>trahere</span> <span class='ocrx_word' id='word_1_20' title='bbox 347 583 457 660; x_wconf 87' lang='lat' dir='ltr'>velint,</span> <span class='ocrx_word' id='word_1_21' title='bbox 480 582 647 643; x_wconf 90' lang='lat' dir='ltr'>dummodo</span> <span class='ocrx_word' id='word_1_22' title='bbox 668 598 730 643; x_wconf 90' lang='lat' dir='ltr'>non</span> <span class='ocrx_word' id='word_1_23' title='bbox 750 582 854 643; x_wconf 87' lang='lat' dir='ltr'>dubiis</span> <span class='ocrx_word' id='word_1_24' title='bbox 873 583 1052 658; x_wconf 79' lang='lat' dir='ltr'>regionibus</span> <span class='ocrx_word' id='word_1_25' title='bbox 1072 584 1193 657; x_wconf 85' lang='lat' dir='ltr'>finiant,</span> 
     </span>
     <span class='ocr_line' id='line_1_5' title="bbox 208 665 1195 744; baseline -0.002 -15"><span class='ocrx_word' id='word_1_26' title='bbox 208 670 289 729; x_wconf 84' lang='lat' dir='ltr'>vinci</span> <span class='ocrx_word' id='word_1_27' title='bbox 304 683 393 728; x_wconf 89' lang='lat' dir='ltr'>suam</span> <span class='ocrx_word' id='word_1_28' title='bbox 406 665 635 740; x_wconf 78' lang='lat' dir='ltr'><strong>temperantiam</strong></span> <span class='ocrx_word' id='word_1_29' title='bbox 646 665 785 727; x_wconf 84' lang='lat' dir='ltr'>Romana</span> <span class='ocrx_word' id='word_1_30' title='bbox 800 666 966 744; x_wconf 88' lang='lat' dir='ltr'>cupiditate</span> <span class='ocrx_word' id='word_1_31' title='bbox 975 669 1064 742; x_wconf 89' lang='lat' dir='ltr'>pacis</span> <span class='ocrx_word' id='word_1_32' title='bbox 1074 674 1106 727; x_wconf 87' lang='lat' dir='ltr'>et</span> <span class='ocrx_word' id='word_1_33' title='bbox 1117 682 1195 728; x_wconf 87' lang='lat' dir='ltr'>con-</span> 
     </span>
     <span class='ocr_line' id='line_1_6' title="bbox 209 751 1194 826; baseline -0.002 -13"><span class='ocrx_word' id='word_1_34' title='bbox 209 752 333 815; x_wconf 84' lang='lat' dir='ltr'>cordiae</span> <span class='ocrx_word' id='word_1_35' title='bbox 348 766 443 812; x_wconf 89' lang='lat' dir='ltr'>causa</span> <span class='ocrx_word' id='word_1_36' title='bbox 455 765 560 825; x_wconf 71' lang='lat' dir='ltr'>regem</span> <span class='ocrx_word' id='word_1_37' title='bbox 573 764 749 826; x_wconf 80' lang='lat' dir='ltr'>passuum.</span> <span class='ocrx_word' id='word_1_38' title='bbox 770 764 808 810; x_wconf 89' lang='lat' dir='ltr'>ea</span> <span class='ocrx_word' id='word_1_39' title='bbox 821 765 902 825; x_wconf 86' lang='lat' dir='ltr'>quae</span> <span class='ocrx_word' id='word_1_40' title='bbox 915 752 1016 825; x_wconf 79' lang='lat' dir='ltr'>legato</span> <span class='ocrx_word' id='word_1_41' title='bbox 1028 766 1141 826; x_wconf 83' lang='lat' dir='ltr'>magna</span> <span class='ocrx_word' id='word_1_42' title='bbox 1152 751 1194 811; x_wconf 87' lang='lat' dir='ltr'>ad</span> 
     </span>
     <span class='ocr_line' id='line_1_7' title="bbox 211 832 1194 913; baseline -0.006 -16"><span class='ocrx_word' id='word_1_43' title='bbox 211 852 317 913; x_wconf 81' lang='lat' dir='ltr'>pacem</span> <span class='ocrx_word' id='word_1_44' title='bbox 341 833 563 912; x_wconf 77' lang='lat' dir='ltr'>impetrandam</span> <span class='ocrx_word' id='word_1_45' title='bbox 586 832 783 906; x_wconf 90' lang='lat' dir='ltr'>videbantur,</span> <span class='ocrx_word' id='word_1_46' title='bbox 813 849 910 910; x_wconf 88' lang='lat' dir='ltr'>parva</span> <span class='ocrx_word' id='word_1_47' title='bbox 933 834 1079 895; x_wconf 88' lang='lat' dir='ltr'>Romanis</span> <span class='ocrx_word' id='word_1_48' title='bbox 1106 834 1194 895; x_wconf 62' lang='lat' dir='ltr'>visas</span> 
     </span>
     <span class='ocr_line' id='line_1_8' title="bbox 209 916 1194 994; baseline -0.005 -12"><span class='ocrx_word' id='word_1_49' title='bbox 209 938 280 982; x_wconf 93' lang='lat' dir='ltr'>nam</span> <span class='ocrx_word' id='word_1_50' title='bbox 299 926 330 980; x_wconf 87' lang='lat' dir='ltr'>et</span> <span class='ocrx_word' id='word_1_51' title='bbox 349 919 535 994; x_wconf 84' lang='lat' dir='ltr'>impensam,</span> <span class='ocrx_word' id='word_1_52' title='bbox 562 933 642 992; x_wconf 88' lang='lat' dir='ltr'>quae</span> <span class='ocrx_word' id='word_1_53' title='bbox 663 917 693 977; x_wconf 96' lang='lat' dir='ltr'>in</span> <span class='ocrx_word' id='word_1_54' title='bbox 713 916 826 979; x_wconf 89' lang='lat' dir='ltr'>bellum</span> <span class='ocrx_word' id='word_1_55' title='bbox 848 919 928 979; x_wconf 84' lang='lat' dir='ltr'>iacta</span> <span class='ocrx_word' id='word_1_56' title='bbox 948 924 1046 991; x_wconf 87' lang='lat' dir='ltr'>esset,</span> <span class='ocrx_word' id='word_1_57' title='bbox 1068 934 1194 979; x_wconf 89' lang='lat' dir='ltr'>omnem</span> 
     </span>
     <span class='ocr_line' id='line_1_9' title="bbox 209 1001 1194 1081; baseline -0.005 -16"><span class='ocrx_word' id='word_1_58' title='bbox 209 1011 369 1081; x_wconf 88' lang='lat' dir='ltr'>proestare</span> <span class='ocrx_word' id='word_1_59' title='bbox 388 1017 492 1077; x_wconf 80' lang='lat' dir='ltr'>regem</span> <span class='ocrx_word' id='word_1_60' title='bbox 513 1016 646 1076; x_wconf 86' lang='lat' dir='ltr'>aequum</span> <span class='ocrx_word' id='word_1_61' title='bbox 667 1001 849 1075; x_wconf 81' lang='lat' dir='ltr'>censebant,</span> <span class='ocrx_word' id='word_1_62' title='bbox 870 1002 957 1062; x_wconf 89' lang='lat' dir='ltr'>cuius</span> <span class='ocrx_word' id='word_1_63' title='bbox 973 1001 1194 1077; x_wconf 89' lang='lat' dir='ltr'>culpabellum</span> 
     </span>
     <span class='ocr_line' id='line_1_10' title="bbox 209 1084 1194 1159; baseline -0.003 -10"><span class='ocrx_word' id='word_1_64' title='bbox 209 1087 374 1149; x_wconf 82' lang='lat' dir='ltr'>excitatum</span> <span class='ocrx_word' id='word_1_65' title='bbox 389 1093 488 1157; x_wconf 78' lang='lat' dir='ltr'>esset3</span> <span class='ocrx_word' id='word_1_66' title='bbox 510 1092 541 1145; x_wconf 92' lang='lat' dir='ltr'>et</span> <span class='ocrx_word' id='word_1_67' title='bbox 553 1101 616 1146; x_wconf 91' lang='lat' dir='ltr'>non</span> <span class='ocrx_word' id='word_1_68' title='bbox 630 1086 715 1146; x_wconf 92' lang='lat' dir='ltr'>Ionia</span> <span class='ocrx_word' id='word_1_69' title='bbox 725 1085 819 1146; x_wconf 93' lang='lat' dir='ltr'>modo</span> <span class='ocrx_word' id='word_1_70' title='bbox 830 1092 923 1159; x_wconf 86' lang='lat' dir='ltr'>atque</span> <span class='ocrx_word' id='word_1_71' title='bbox 935 1084 1067 1146; x_wconf 81' lang='lat' dir='ltr'>Aeolide</span> <span class='ocrx_word' id='word_1_72' title='bbox 1077 1085 1194 1146; x_wconf 91' lang='lat' dir='ltr'>deduci</span> 
     </span>
     <span class='ocr_line' id='line_1_11' title="bbox 210 1168 1195 1245; baseline -0.001 -14"><span class='ocrx_word' id='word_1_73' title='bbox 210 1169 325 1232; x_wconf 85' lang='lat' dir='ltr'>debere</span> <span class='ocrx_word' id='word_1_74' title='bbox 344 1171 429 1244; x_wconf 80' lang='lat' dir='ltr'>regia</span> <span class='ocrx_word' id='word_1_75' title='bbox 445 1169 616 1245; x_wconf 89' lang='lat' dir='ltr'>praesidia,</span> <span class='ocrx_word' id='word_1_76' title='bbox 636 1170 694 1230; x_wconf 90' lang='lat' dir='ltr'>sed</span> <span class='ocrx_word' id='word_1_77' title='bbox 714 1170 794 1229; x_wconf 89' lang='lat' dir='ltr'>sicut</span> <span class='ocrx_word' id='word_1_78' title='bbox 808 1169 936 1230; x_wconf 81' lang='lat' dir='ltr'>Graecia</span> <span class='ocrx_word' id='word_1_79' title='bbox 949 1168 1049 1231; x_wconf 91' lang='lat' dir='ltr'>omnis</span> <span class='ocrx_word' id='word_1_80' title='bbox 1063 1168 1195 1230; x_wconf 89' lang='lat' dir='ltr'>liberata</span> 
     </span>
     <span class='ocr_line' id='line_1_12' title="bbox 210 1252 1194 1330; baseline -0.004 -15"><span class='ocrx_word' id='word_1_81' title='bbox 210 1258 303 1330; x_wconf 83' lang='lat' dir='ltr'>esset,</span> <span class='ocrx_word' id='word_1_82' title='bbox 318 1253 360 1312; x_wconf 90' lang='lat' dir='ltr'>ita</span> <span class='ocrx_word' id='word_1_83' title='bbox 375 1268 455 1328; x_wconf 87' lang='lat' dir='ltr'>quae</span> <span class='ocrx_word' id='word_1_84' title='bbox 468 1253 499 1313; x_wconf 91' lang='lat' dir='ltr'>in</span> <span class='ocrx_word' id='word_1_85' title='bbox 511 1254 589 1313; x_wconf 79' lang='lat' dir='ltr'>Asia</span> <span class='ocrx_word' id='word_1_86' title='bbox 602 1254 664 1313; x_wconf 92' lang='lat' dir='ltr'>sint</span> <span class='ocrx_word' id='word_1_87' title='bbox 677 1268 785 1313; x_wconf 87' lang='lat' dir='ltr'>omnes</span> <span class='ocrx_word' id='word_1_88' title='bbox 799 1252 921 1314; x_wconf 90' lang='lat' dir='ltr'>liberari</span> <span class='ocrx_word' id='word_1_89' title='bbox 936 1253 1040 1313; x_wconf 89' lang='lat' dir='ltr'>urbes.</span> <span class='ocrx_word' id='word_1_90' title='bbox 1061 1252 1093 1313; x_wconf 94' lang='lat' dir='ltr'>id</span> <span class='ocrx_word' id='word_1_91' title='bbox 1105 1252 1194 1313; x_wconf 90' lang='lat' dir='ltr'>aliter</span> 
     </span>
     <span class='ocr_line' id='line_1_13' title="bbox 210 1336 1194 1413; baseline 0 -16"><span class='ocrx_word' id='word_1_92' title='bbox 210 1338 278 1398; x_wconf 87' lang='lat' dir='ltr'>fieri</span> <span class='ocrx_word' id='word_1_93' title='bbox 292 1352 354 1397; x_wconf 91' lang='lat' dir='ltr'>non</span> <span class='ocrx_word' id='word_1_94' title='bbox 370 1351 476 1413; x_wconf 90' lang='lat' dir='ltr'>posse,</span> <span class='ocrx_word' id='word_1_95' title='bbox 492 1352 584 1411; x_wconf 87' lang='lat' dir='ltr'>quam</span> <span class='ocrx_word' id='word_1_96' title='bbox 598 1347 632 1398; x_wconf 92' lang='lat' dir='ltr'>ut</span> <span class='ocrx_word' id='word_1_97' title='bbox 646 1343 691 1399; x_wconf 77' lang='lat' dir='ltr'>cte</span> <span class='ocrx_word' id='word_1_98' title='bbox 701 1336 833 1398; x_wconf 87' lang='lat' dir='ltr'>Taurum</span> <span class='ocrx_word' id='word_1_99' title='bbox 842 1342 976 1397; x_wconf 88' lang='lat' dir='ltr'>montem</span> <span class='ocrx_word' id='word_1_100' title='bbox 987 1337 1194 1411; x_wconf 87' lang='lat' dir='ltr'>possessione</span> 
     </span>
     <span class='ocr_line' id='line_1_14' title="bbox 209 1420 1185 1482; baseline 0 -1"><span class='ocrx_word' id='word_1_101' title='bbox 209 1422 305 1482; x_wconf 79' lang='lat' dir='ltr'>Asiae</span> <span class='ocrx_word' id='word_1_102' title='bbox 318 1420 489 1481; x_wconf 78' lang='lat' dir='ltr'>Antiochus</span> <span class='ocrx_word' id='word_1_103' title='bbox 505 1421 603 1481; x_wconf 89' lang='lat' dir='ltr'>cedat.</span> <span class='ocrx_word' id='word_1_104' title='bbox 1182 1454 1185 1460; x_wconf 92' lang='lat'>·</span> 
     </span>
    </p>

    <p class='ocr_par' dir='ltr' id='par_1_3' title="bbox 207 1503 1200 3592">
     <span class='ocr_line' id='line_1_15' title="bbox 294 1503 1194 1580; baseline 0.001 -15"><span class='ocrx_word' id='word_1_105' title='bbox 294 1504 429 1565; x_wconf 86' lang='lat' dir='ltr'>XXXVI.</span> <span class='ocrx_word' id='word_1_106' title='bbox 455 1504 587 1578; x_wconf 80' lang='lat' dir='ltr'>Legatus</span> <span class='ocrx_word' id='word_1_107' title='bbox 614 1511 779 1580; x_wconf 84' lang='lat' dir='ltr'>postquam</span> <span class='ocrx_word' id='word_1_108' title='bbox 802 1504 876 1564; x_wconf 86' lang='lat' dir='ltr'>nibil</span> <span class='ocrx_word' id='word_1_109' title='bbox 900 1505 991 1578; x_wconf 87' lang='lat' dir='ltr'>aequi</span> <span class='ocrx_word' id='word_1_110' title='bbox 1010 1504 1041 1564; x_wconf 91' lang='lat' dir='ltr'>in</span> <span class='ocrx_word' id='word_1_111' title='bbox 1062 1503 1194 1566; x_wconf 90' lang='lat' dir='ltr'>consilio</span> 
     </span>
     <span class='ocr_line' id='line_1_16' title="bbox 207 1587 1193 1666; baseline -0.004 -14"><span class='ocrx_word' id='word_1_112' title='bbox 207 1595 375 1666; x_wconf 90' lang='lat' dir='ltr'>impetrare</span> <span class='ocrx_word' id='word_1_113' title='bbox 400 1604 435 1648; x_wconf 91' lang='lat' dir='ltr'>se</span> <span class='ocrx_word' id='word_1_114' title='bbox 456 1588 616 1662; x_wconf 89' lang='lat' dir='ltr'>censebat,</span> <span class='ocrx_word' id='word_1_115' title='bbox 639 1587 888 1664; x_wconf 87' lang='lat' dir='ltr'>privatim-sic</span> <span class='ocrx_word' id='word_1_116' title='bbox 907 1588 987 1647; x_wconf 91' lang='lat' dir='ltr'>enim</span> <span class='ocrx_word' id='word_1_117' title='bbox 1009 1587 1193 1663; x_wconf 85' lang='lat' dir='ltr'>imperatum</span> 
     </span>
     <span class='ocr_line' id='line_1_17' title="bbox 211 1671 1194 1749; baseline -0.001 -15"><span class='ocrx_word' id='word_1_118' title='bbox 211 1682 276 1736; x_wconf 89' lang='lat' dir='ltr'>erat</span> <span class='ocrx_word' id='word_1_119' title='bbox 286 1673 370 1733; x_wconf 81' lang='grc' dir='ltr'>-Ρ,</span> <span class='ocrx_word' id='word_1_120' title='bbox 379 1671 532 1749; x_wconf 88' lang='lat' dir='ltr'>Scipionis</span> <span class='ocrx_word' id='word_1_121' title='bbox 541 1678 691 1748; x_wconf 86' lang='lat' dir='ltr'>temptare</span> <span class='ocrx_word' id='word_1_122' title='bbox 700 1672 832 1732; x_wconf 91' lang='lat' dir='ltr'>animum</span> <span class='ocrx_word' id='word_1_123' title='bbox 843 1678 892 1732; x_wconf 90' lang='lat' dir='ltr'>est</span> <span class='ocrx_word' id='word_1_124' title='bbox 902 1677 1040 1732; x_wconf 89' lang='lat' dir='ltr'>conatus.</span> <span class='ocrx_word' id='word_1_125' title='bbox 1057 1672 1194 1733; x_wconf 88' lang='lat' dir='ltr'>omnium</span> 
     </span>
     <span class='ocr_line' id='line_1_18' title="bbox 212 1753 1192 1835; baseline -0.003 -16"><span class='ocrx_word' id='word_1_126' title='bbox 212 1759 342 1835; x_wconf 91' lang='lat' dir='ltr'>primum</span> <span class='ocrx_word' id='word_1_127' title='bbox 366 1758 462 1819; x_wconf 89' lang='lat' dir='ltr'>filium</span> <span class='ocrx_word' id='word_1_128' title='bbox 487 1757 515 1818; x_wconf 92' lang='lat' dir='ltr'>ei</span> <span class='ocrx_word' id='word_1_129' title='bbox 542 1757 609 1818; x_wconf 89' lang='lat' dir='ltr'>sine</span> <span class='ocrx_word' id='word_1_130' title='bbox 634 1755 733 1832; x_wconf 92' lang='lat' dir='ltr'>pretio</span> <span class='ocrx_word' id='word_1_131' title='bbox 758 1755 947 1817; x_wconf 89' lang='lat' dir='ltr'>redditurum</span> <span class='ocrx_word' id='word_1_132' title='bbox 969 1770 1072 1831; x_wconf 82' lang='lat' dir='ltr'>regern</span> <span class='ocrx_word' id='word_1_133' title='bbox 1098 1753 1192 1827; x_wconf 66' lang='lat' dir='ltr'>dixin</span> 
     </span>
     <span class='ocr_line' id='line_1_19' title="bbox 212 1838 1193 1918; baseline -0.004 -14"><span class='ocrx_word' id='word_1_134' title='bbox 212 1843 324 1904; x_wconf 91' lang='lat' dir='ltr'>deinde</span> <span class='ocrx_word' id='word_1_135' title='bbox 343 1845 469 1918; x_wconf 79' lang='lat' dir='ltr'>ignarus</span> <span class='ocrx_word' id='word_1_136' title='bbox 487 1847 517 1901; x_wconf 91' lang='lat' dir='ltr'>et</span> <span class='ocrx_word' id='word_1_137' title='bbox 533 1841 624 1901; x_wconf 88' lang='lat' dir='ltr'>animi</span> <span class='ocrx_word' id='word_1_138' title='bbox 639 1838 793 1915; x_wconf 92' lang='lat' dir='ltr'>Scipionis</span> <span class='ocrx_word' id='word_1_139' title='bbox 809 1845 840 1899; x_wconf 92' lang='lat' dir='ltr'>et</span> <span class='ocrx_word' id='word_1_140' title='bbox 852 1840 947 1900; x_wconf 91' lang='lat' dir='ltr'>moris</span> <span class='ocrx_word' id='word_1_141' title='bbox 960 1839 1104 1912; x_wconf 87' lang='lat' dir='ltr'>Romani,</span> <span class='ocrx_word' id='word_1_142' title='bbox 1124 1840 1193 1900; x_wconf 87' lang='lat' dir='ltr'>ann&#39;</span> 
     </span>
     <span class='ocr_line' id='line_1_20' title="bbox 214 1922 1192 2002; baseline -0.006 -14"><span class='ocrx_word' id='word_1_143' title='bbox 214 1926 335 2002; x_wconf 88' lang='lat' dir='ltr'>pondus</span> <span class='ocrx_word' id='word_1_144' title='bbox 349 1927 458 2001; x_wconf 81' lang='lat' dir='ltr'>ingens</span> <span class='ocrx_word' id='word_1_145' title='bbox 473 1926 627 2001; x_wconf 80' lang='lat' dir='ltr'>pollicitus</span> <span class='ocrx_word' id='word_1_146' title='bbox 641 1931 704 1998; x_wconf 89' lang='lat' dir='ltr'>est,</span> <span class='ocrx_word' id='word_1_147' title='bbox 725 1931 755 1984; x_wconf 91' lang='lat' dir='ltr'>et</span> <span class='ocrx_word' id='word_1_148' title='bbox 768 1923 892 1984; x_wconf 91' lang='lat' dir='ltr'>nomine</span> <span class='ocrx_word' id='word_1_149' title='bbox 905 1930 1021 1983; x_wconf 88' lang='lat' dir='ltr'>tantum</span> <span class='ocrx_word' id='word_1_150' title='bbox 1035 1922 1122 1998; x_wconf 78' lang='lat' dir='ltr'>regio</span> <span class='ocrx_word' id='word_1_151' title='bbox 1137 1938 1192 1982; x_wconf 89' lang='lat' dir='ltr'>ex-</span> 
     </span>
     <span class='ocr_line' id='line_1_21' title="bbox 213 2006 1186 2086; baseline -0.003 -17"><span class='ocrx_word' id='word_1_152' title='bbox 213 2017 303 2086; x_wconf 87' lang='lat' dir='ltr'>cepto</span> <span class='ocrx_word' id='word_1_153' title='bbox 323 2011 501 2071; x_wconf 87' lang='lat' dir='ltr'>societatem</span> <span class='ocrx_word' id='word_1_154' title='bbox 522 2009 621 2070; x_wconf 92' lang='lat' dir='ltr'>omnis</span> <span class='ocrx_word' id='word_1_155' title='bbox 642 2009 744 2084; x_wconf 82' lang='lat' dir='ltr'>regni,</span> <span class='ocrx_word' id='word_1_156' title='bbox 766 2009 793 2069; x_wconf 89' lang='lat' dir='ltr'>si</span> <span class='ocrx_word' id='word_1_157' title='bbox 814 2023 871 2082; x_wconf 90' lang='lat' dir='ltr'>per</span> <span class='ocrx_word' id='word_1_158' title='bbox 885 2022 954 2068; x_wconf 82' lang='lat' dir='ltr'>eunt</span> <span class='ocrx_word' id='word_1_159' title='bbox 969 2022 1077 2083; x_wconf 88' lang='lat' dir='ltr'>pacem</span> <span class='ocrx_word' id='word_1_160' title='bbox 1094 2006 1186 2082; x_wconf 87' lang='lat' dir='ltr'>impe·</span> 
     </span>
     <span class='ocr_line' id='line_1_22' title="bbox 213 2089 1194 2170; baseline -0.003 -17"><span class='ocrx_word' id='word_1_161' title='bbox 213 2100 332 2155; x_wconf 79' lang='lat' dir='ltr'>trassel.</span> <span class='ocrx_word' id='word_1_162' title='bbox 355 2094 395 2154; x_wconf 89' lang='lat' dir='ltr'>ad</span> <span class='ocrx_word' id='word_1_163' title='bbox 407 2108 445 2157; x_wconf 85' lang='lat' dir='ltr'>ea</span> <span class='ocrx_word' id='word_1_164' title='bbox 456 2093 560 2169; x_wconf 89' lang='lat' dir='ltr'>Scipio</span> <span class='ocrx_word' id='word_1_165' title='bbox 575 2093 680 2170; x_wconf 87' lang='lat' dir='ltr'>„quod</span> <span class='ocrx_word' id='word_1_166' title='bbox 691 2094 846 2153; x_wconf 90' lang='lat' dir='ltr'>Romanos</span> <span class='ocrx_word' id='word_1_167' title='bbox 859 2089 967 2164; x_wconf 88' lang='lat' dir='ltr'>omnis,</span> <span class='ocrx_word' id='word_1_168' title='bbox 984 2091 1070 2167; x_wconf 88' lang='lat' dir='ltr'>quod</span> <span class='ocrx_word' id='word_1_169' title='bbox 1079 2105 1138 2163; x_wconf 88' lang='lat' dir='ltr'>me,</span> <span class='ocrx_word' id='word_1_170' title='bbox 1153 2097 1194 2151; x_wconf 86' lang='lat' dir='ltr'>ad</span> 
     </span>
     <span class='ocr_line' id='line_1_23' title="bbox 214 2175 1195 2254; baseline -0.006 -14"><span class='ocrx_word' id='word_1_171' title='bbox 214 2194 304 2254; x_wconf 89' lang='lat' dir='ltr'>quem</span> <span class='ocrx_word' id='word_1_172' title='bbox 318 2179 433 2239; x_wconf 90' lang='lat' dir='ltr'>missus</span> <span class='ocrx_word' id='word_1_173' title='bbox 447 2192 491 2251; x_wconf 91' lang='lat' dir='ltr'>es,</span> <span class='ocrx_word' id='word_1_174' title='bbox 507 2179 647 2253; x_wconf 80' lang='lat' dir='ltr'>ignoras,</span> <span class='ocrx_word' id='word_1_175' title='bbox 670 2177 769 2236; x_wconf 90' lang='lat' dir='ltr'>minus</span> <span class='ocrx_word' id='word_1_176' title='bbox 783 2176 891 2248; x_wconf 88' lang='lat' dir='ltr'>miror,</span> <span class='ocrx_word' id='word_1_177' title='bbox 914 2191 982 2235; x_wconf 90' lang='lat' dir='ltr'>cum</span> <span class='ocrx_word' id='word_1_178' title='bbox 995 2182 1026 2237; x_wconf 89' lang='lat' dir='ltr'>te</span> <span class='ocrx_word' id='word_1_179' title='bbox 1039 2175 1195 2235; x_wconf 80' lang='lat' dir='ltr'>fortunam</span> 
     </span>
     <span class='ocr_line' id='line_1_24' title="bbox 215 2259 1198 2339; baseline -0.006 -15"><span class='ocrx_word' id='word_1_180' title='bbox 215 2265 281 2324; x_wconf 90' lang='lat' dir='ltr'>eius</span> <span class='ocrx_word' id='word_1_181' title='bbox 296 2280 315 2321; x_wconf 91' lang='lat' dir='ltr'>a</span> <span class='ocrx_word' id='word_1_182' title='bbox 330 2280 391 2339; x_wconf 88' lang='lat' dir='ltr'>quo</span> <span class='ocrx_word' id='word_1_183' title='bbox 413 2262 501 2323; x_wconf 90' lang='lat' dir='ltr'>venis</span> <span class='ocrx_word' id='word_1_184' title='bbox 521 2262 663 2338; x_wconf 80' lang='lat' dir='ltr'>ignorare</span> <span class='ocrx_word' id='word_1_185' title='bbox 684 2276 814 2320; x_wconf 88' lang='lat' dir='ltr'>cernam.</span> <span class='ocrx_word' id='word_1_186' title='bbox 850 2259 1044 2338; x_wconf 81' lang='lat' dir='ltr'>Lysimachia</span> <span class='ocrx_word' id='word_1_187' title='bbox 1058 2259 1198 2318; x_wconf 91' lang='lat' dir='ltr'>tenenda</span> 
     </span>
     <span class='ocr_line' id='line_1_25' title="bbox 215 2340 1197 2421; baseline -0.005 -14"><span class='ocrx_word' id='word_1_188' title='bbox 215 2353 291 2421; x_wconf 89' lang='lat' dir='ltr'>erat,</span> <span class='ocrx_word' id='word_1_189' title='bbox 308 2362 348 2407; x_wconf 87' lang='lat' dir='ltr'>ne</span> <span class='ocrx_word' id='word_1_190' title='bbox 366 2346 590 2407; x_wconf 84' lang='lat' dir='ltr'>Chersonesum</span> <span class='ocrx_word' id='word_1_191' title='bbox 609 2340 807 2420; x_wconf 86' lang='lat' dir='ltr'>intraremus,</span> <span class='ocrx_word' id='word_1_192' title='bbox 828 2352 880 2405; x_wconf 92' lang='lat' dir='ltr'>aut</span> <span class='ocrx_word' id='word_1_193' title='bbox 899 2343 938 2403; x_wconf 88' lang='lat' dir='ltr'>ad</span> <span class='ocrx_word' id='word_1_194' title='bbox 958 2343 1197 2417; x_wconf 87' lang='lat' dir='ltr'>Hellespontum</span> 
     </span>
     <span class='ocr_line' id='line_1_26' title="bbox 215 2427 1196 2502; baseline -0.006 -11"><span class='ocrx_word' id='word_1_195' title='bbox 215 2430 434 2502; x_wconf 90' lang='lat' dir='ltr'>obsistendum,</span> <span class='ocrx_word' id='word_1_196' title='bbox 449 2444 489 2489; x_wconf 88' lang='lat' dir='ltr'>ne</span> <span class='ocrx_word' id='word_1_197' title='bbox 499 2429 529 2488; x_wconf 93' lang='lat' dir='ltr'>in</span> <span class='ocrx_word' id='word_1_198' title='bbox 540 2429 646 2489; x_wconf 79' lang='lat' dir='ltr'>Asiam</span> <span class='ocrx_word' id='word_1_199' title='bbox 657 2429 863 2500; x_wconf 88' lang='lat' dir='ltr'>traiceremus,</span> <span class='ocrx_word' id='word_1_200' title='bbox 879 2427 905 2487; x_wconf 92' lang='lat' dir='ltr'>si</span> <span class='ocrx_word' id='word_1_201' title='bbox 917 2442 1026 2502; x_wconf 87' lang='lat' dir='ltr'>pacem</span> <span class='ocrx_word' id='word_1_202' title='bbox 1037 2434 1196 2501; x_wconf 86' lang='lat' dir='ltr'>tamquam</span> 
     </span>
     <span class='ocr_line' id='line_1_27' title="bbox 215 2510 1196 2584; baseline -0.003 -10"><span class='ocrx_word' id='word_1_203' title='bbox 215 2514 254 2574; x_wconf 84' lang='lat' dir='ltr'>ab</span> <span class='ocrx_word' id='word_1_204' title='bbox 268 2512 406 2572; x_wconf 91' lang='lat' dir='ltr'>sollicitis</span> <span class='ocrx_word' id='word_1_205' title='bbox 422 2512 461 2570; x_wconf 93' lang='lat' dir='ltr'>de</span> <span class='ocrx_word' id='word_1_206' title='bbox 474 2511 546 2570; x_wconf 89' lang='lat' dir='ltr'>belli</span> <span class='ocrx_word' id='word_1_207' title='bbox 561 2516 672 2570; x_wconf 89' lang='lat' dir='ltr'>eventu</span> <span class='ocrx_word' id='word_1_208' title='bbox 687 2510 807 2584; x_wconf 89' lang='lat' dir='ltr'>petituri</span> <span class='ocrx_word' id='word_1_209' title='bbox 821 2511 922 2571; x_wconf 90' lang='lat' dir='ltr'>eratis.</span> <span class='ocrx_word' id='word_1_210' title='bbox 950 2525 1101 2572; x_wconf 90' lang='lat' dir='ltr'>concesso</span> <span class='ocrx_word' id='word_1_211' title='bbox 1117 2525 1196 2571; x_wconf 89' lang='lat' dir='ltr'>vero</span> 
     </span>
     <span class='ocr_line' id='line_1_28' title="bbox 214 2593 1196 2668; baseline -0.001 -13"><span class='ocrx_word' id='word_1_212' title='bbox 214 2597 245 2655; x_wconf 90' lang='lat' dir='ltr'>in</span> <span class='ocrx_word' id='word_1_213' title='bbox 260 2594 366 2654; x_wconf 85' lang='lat' dir='ltr'>Asiam</span> <span class='ocrx_word' id='word_1_214' title='bbox 381 2594 517 2665; x_wconf 88' lang='lat' dir='ltr'>transitu,</span> <span class='ocrx_word' id='word_1_215' title='bbox 532 2599 563 2653; x_wconf 90' lang='lat' dir='ltr'>et</span> <span class='ocrx_word' id='word_1_216' title='bbox 576 2608 638 2651; x_wconf 86' lang='lat' dir='ltr'>rron</span> <span class='ocrx_word' id='word_1_217' title='bbox 654 2594 753 2653; x_wconf 91' lang='lat' dir='ltr'>solum</span> <span class='ocrx_word' id='word_1_218' title='bbox 769 2593 863 2654; x_wconf 85' lang='lat' dir='ltr'>irenis</span> <span class='ocrx_word' id='word_1_219' title='bbox 878 2595 934 2655; x_wconf 90' lang='lat' dir='ltr'>sed</span> <span class='ocrx_word' id='word_1_220' title='bbox 949 2595 1041 2655; x_wconf 88' lang='lat' dir='ltr'>etiam</span> <span class='ocrx_word' id='word_1_221' title='bbox 1055 2595 1126 2668; x_wconf 83' lang='lat' dir='ltr'>iugo</span> <span class='ocrx_word' id='word_1_222' title='bbox 1142 2609 1196 2654; x_wconf 88' lang='lat' dir='ltr'>ac·</span> 
     </span>
     <span class='ocr_line' id='line_1_29' title="bbox 216 2675 1196 2753; baseline -0.003 -14"><span class='ocrx_word' id='word_1_223' title='bbox 216 2685 323 2753; x_wconf 90' lang='lat' dir='ltr'>cepto,</span> <span class='ocrx_word' id='word_1_224' title='bbox 341 2691 422 2751; x_wconf 89' lang='lat' dir='ltr'>quae</span> <span class='ocrx_word' id='word_1_225' title='bbox 434 2675 617 2751; x_wconf 89' lang='lat' dir='ltr'>disceptatio</span> <span class='ocrx_word' id='word_1_226' title='bbox 632 2692 672 2737; x_wconf 88' lang='lat' dir='ltr'>ex</span> <span class='ocrx_word' id='word_1_227' title='bbox 687 2692 802 2752; x_wconf 90' lang='lat' dir='ltr'>aequo,</span> <span class='ocrx_word' id='word_1_228' title='bbox 819 2693 887 2738; x_wconf 90' lang='lat' dir='ltr'>cum</span> <span class='ocrx_word' id='word_1_229' title='bbox 902 2677 1062 2753; x_wconf 88' lang='lat' dir='ltr'>imperinm</span> <span class='ocrx_word' id='word_1_230' title='bbox 1077 2677 1196 2752; x_wconf 91' lang='lat' dir='ltr'>patien-</span> 
     </span>
     <span class='ocr_line' id='line_1_30' title="bbox 217 2758 1197 2836; baseline -0.001 -14"><span class='ocrx_word' id='word_1_231' title='bbox 217 2762 288 2822; x_wconf 91' lang='lat' dir='ltr'>dum</span> <span class='ocrx_word' id='word_1_232' title='bbox 304 2758 358 2834; x_wconf 90' lang='lat' dir='ltr'>sit,</span> <span class='ocrx_word' id='word_1_233' title='bbox 379 2759 485 2820; x_wconf 90' lang='lat' dir='ltr'>relicta</span> <span class='ocrx_word' id='word_1_234' title='bbox 499 2767 567 2821; x_wconf 79' lang='lat' dir='ltr'>estl</span> <span class='ocrx_word' id='word_1_235' title='bbox 588 2775 645 2835; x_wconf 82' lang='lat' dir='ltr'>ego</span> <span class='ocrx_word' id='word_1_236' title='bbox 660 2775 698 2820; x_wconf 87' lang='lat' dir='ltr'>ex</span> <span class='ocrx_word' id='word_1_237' title='bbox 713 2760 918 2824; x_wconf 85' lang='lat' dir='ltr'>munificentia</span> <span class='ocrx_word' id='word_1_238' title='bbox 931 2762 1015 2836; x_wconf 83' lang='lat' dir='ltr'>regia</span> <span class='ocrx_word' id='word_1_239' title='bbox 1028 2760 1197 2821; x_wconf 89' lang='lat' dir='ltr'>maximum</span> 
     </span>
     <span class='ocr_line' id='line_1_31' title="bbox 216 2842 1197 2921; baseline -0.001 -16"><span class='ocrx_word' id='word_1_240' title='bbox 216 2846 330 2906; x_wconf 91' lang='lat' dir='ltr'>donum</span> <span class='ocrx_word' id='word_1_241' title='bbox 350 2842 445 2904; x_wconf 88' lang='lat' dir='ltr'>filium</span> <span class='ocrx_word' id='word_1_242' title='bbox 461 2843 598 2917; x_wconf 89' lang='lat' dir='ltr'>habebo,</span> <span class='ocrx_word' id='word_1_243' title='bbox 620 2843 688 2906; x_wconf 89' lang='lat' dir='ltr'>aliis</span> <span class='ocrx_word' id='word_1_244' title='bbox 703 2845 780 2907; x_wconf 90' lang='lat' dir='ltr'>deos</span> <span class='ocrx_word' id='word_1_245' title='bbox 795 2860 906 2919; x_wconf 87' lang='lat' dir='ltr'>precor</span> <span class='ocrx_word' id='word_1_246' title='bbox 920 2861 959 2905; x_wconf 91' lang='lat' dir='ltr'>ne</span> <span class='ocrx_word' id='word_1_247' title='bbox 973 2860 1117 2921; x_wconf 76' lang='lat' dir='ltr'>uniquam</span> <span class='ocrx_word' id='word_1_248' title='bbox 1132 2844 1197 2906; x_wconf 86' lang='lat' dir='ltr'>ior·</span> 
     </span>
     <span class='ocr_line' id='line_1_32' title="bbox 217 2927 1197 3004; baseline -0.002 -15"><span class='ocrx_word' id='word_1_249' title='bbox 217 2935 289 2989; x_wconf 89' lang='lat' dir='ltr'>tuna</span> <span class='ocrx_word' id='word_1_250' title='bbox 309 2935 398 3003; x_wconf 82' lang='lat' dir='ltr'>egeat</span> <span class='ocrx_word' id='word_1_251' title='bbox 416 2943 500 2999; x_wconf 81' lang='lat' dir='ltr'>mea3</span> <span class='ocrx_word' id='word_1_252' title='bbox 529 2927 648 2989; x_wconf 90' lang='lat' dir='ltr'>animus</span> <span class='ocrx_word' id='word_1_253' title='bbox 670 2934 752 2989; x_wconf 89' lang='lat' dir='ltr'>certe</span> <span class='ocrx_word' id='word_1_254' title='bbox 771 2944 833 2990; x_wconf 91' lang='lat' dir='ltr'>non</span> <span class='ocrx_word' id='word_1_255' title='bbox 854 2929 964 3003; x_wconf 82' lang='lat' dir='ltr'>egebit.</span> <span class='ocrx_word' id='word_1_256' title='bbox 993 2945 1050 3004; x_wconf 90' lang='lat' dir='ltr'>pro</span> <span class='ocrx_word' id='word_1_257' title='bbox 1064 2934 1149 2989; x_wconf 88' lang='lat' dir='ltr'>tanto</span> <span class='ocrx_word' id='word_1_258' title='bbox 1165 2928 1197 2987; x_wconf 93' lang='lat' dir='ltr'>in</span> 
     </span>
     <span class='ocr_line' id='line_1_33' title="bbox 216 3010 1199 3088; baseline 0.001 -17"><span class='ocrx_word' id='word_1_259' title='bbox 216 3027 265 3071; x_wconf 92' lang='lat' dir='ltr'>me</span> <span class='ocrx_word' id='word_1_260' title='bbox 278 3027 404 3071; x_wconf 90' lang='lat' dir='ltr'>munere</span> <span class='ocrx_word' id='word_1_261' title='bbox 417 3017 533 3086; x_wconf 78' lang='lat' dir='ltr'>gratum</span> <span class='ocrx_word' id='word_1_262' title='bbox 548 3026 598 3072; x_wconf 87' lang='lat' dir='ltr'>me</span> <span class='ocrx_word' id='word_1_263' title='bbox 612 3011 643 3071; x_wconf 87' lang='lat' dir='ltr'>in</span> <span class='ocrx_word' id='word_1_264' title='bbox 658 3027 694 3072; x_wconf 90' lang='lat' dir='ltr'>se</span> <span class='ocrx_word' id='word_1_265' title='bbox 708 3027 780 3073; x_wconf 90' lang='lat' dir='ltr'>esse</span> <span class='ocrx_word' id='word_1_266' title='bbox 791 3010 909 3088; x_wconf 82' lang='lat' dir='ltr'>sentiet,</span> <span class='ocrx_word' id='word_1_267' title='bbox 924 3012 952 3073; x_wconf 90' lang='lat' dir='ltr'>si</span> <span class='ocrx_word' id='word_1_268' title='bbox 964 3012 1112 3087; x_wconf 87' lang='lat' dir='ltr'>privatam</span> <span class='ocrx_word' id='word_1_269' title='bbox 1125 3027 1199 3086; x_wconf 81' lang='lat' dir='ltr'>gra-</span> 
     </span>
     <span class='ocr_line' id='line_1_34' title="bbox 217 3092 1200 3171; baseline 0.001 -16"><span class='ocrx_word' id='word_1_270' title='bbox 217 3095 288 3156; x_wconf 89' lang='lat' dir='ltr'>tiam</span> <span class='ocrx_word' id='word_1_271' title='bbox 300 3110 356 3170; x_wconf 92' lang='lat' dir='ltr'>pro</span> <span class='ocrx_word' id='word_1_272' title='bbox 368 3092 487 3169; x_wconf 91' lang='lat' dir='ltr'>privato</span> <span class='ocrx_word' id='word_1_273' title='bbox 498 3094 648 3156; x_wconf 88' lang='lat' dir='ltr'>beneficio</span> <span class='ocrx_word' id='word_1_274' title='bbox 657 3095 857 3156; x_wconf 84' lang='lat' dir='ltr'>desiderabit:</span> <span class='ocrx_word' id='word_1_275' title='bbox 872 3095 1061 3171; x_wconf 83' lang='lat' dir='ltr'>publicanae</span> <span class='ocrx_word' id='word_1_276' title='bbox 1073 3095 1200 3157; x_wconf 87' lang='lat' dir='ltr'>habebo</span> 
     </span>
     <span class='ocr_line' id='line_1_35' title="bbox 218 3177 1200 3255; baseline 0.001 -16"><span class='ocrx_word' id='word_1_277' title='bbox 218 3178 382 3254; x_wconf 87' lang='lat' dir='ltr'>quiequam</span> <span class='ocrx_word' id='word_1_278' title='bbox 396 3178 435 3238; x_wconf 88' lang='lat' dir='ltr'>ab</span> <span class='ocrx_word' id='word_1_279' title='bbox 449 3178 500 3238; x_wconf 91' lang='lat' dir='ltr'>illo</span> <span class='ocrx_word' id='word_1_280' title='bbox 515 3193 573 3238; x_wconf 89' lang='lat' dir='ltr'>nec</span> <span class='ocrx_word' id='word_1_281' title='bbox 587 3177 678 3239; x_wconf 90' lang='lat' dir='ltr'>dabo.</span> <span class='ocrx_word' id='word_1_282' title='bbox 699 3179 785 3253; x_wconf 86' lang='lat' dir='ltr'>quod</span> <span class='ocrx_word' id='word_1_283' title='bbox 797 3179 828 3238; x_wconf 89' lang='lat' dir='ltr'>in</span> <span class='ocrx_word' id='word_1_284' title='bbox 843 3180 1018 3254; x_wconf 87' lang='lat' dir='ltr'>praesentia</span> <span class='ocrx_word' id='word_1_285' title='bbox 1032 3182 1106 3240; x_wconf 88' lang='lat' dir='ltr'>dare</span> <span class='ocrx_word' id='word_1_286' title='bbox 1121 3195 1200 3255; x_wconf 90' lang='lat' dir='ltr'>pos-</span> 
     </span>
     <span class='ocr_line' id='line_1_36' title="bbox 217 3260 1200 3339; baseline 0.004 -18"><span class='ocrx_word' id='word_1_287' title='bbox 217 3262 290 3333; x_wconf 87' lang='lat' dir='ltr'>sim,</span> <span class='ocrx_word' id='word_1_288' title='bbox 306 3261 398 3321; x_wconf 85' lang='lat' dir='ltr'>fidele</span> <span class='ocrx_word' id='word_1_289' title='bbox 412 3260 572 3321; x_wconf 89' lang='lat' dir='ltr'>consilium</span> <span class='ocrx_word' id='word_1_290' title='bbox 586 3267 643 3321; x_wconf 90' lang='lat' dir='ltr'>est.</span> <span class='ocrx_word' id='word_1_291' title='bbox 675 3261 739 3337; x_wconf 89' lang='lat' dir='ltr'>abi,</span> <span class='ocrx_word' id='word_1_292' title='bbox 762 3263 867 3324; x_wconf 89' lang='lat' dir='ltr'>nuntia</span> <span class='ocrx_word' id='word_1_293' title='bbox 881 3264 1090 3339; x_wconf 86' lang='lat' dir='ltr'>meisverbis‚</span> <span class='ocrx_word' id='word_1_294' title='bbox 1113 3263 1200 3325; x_wconf 92' lang='lat' dir='ltr'>bello</span> 
     </span>
     <span class='ocr_line' id='line_1_37' title="bbox 217 3343 1199 3418; baseline 0.001 -13"><span class='ocrx_word' id='word_1_295' title='bbox 217 3344 356 3418; x_wconf 89' lang='lat' dir='ltr'>absistat,</span> <span class='ocrx_word' id='word_1_296' title='bbox 372 3344 456 3417; x_wconf 87' lang='lat' dir='ltr'>pacis</span> <span class='ocrx_word' id='word_1_297' title='bbox 472 3343 682 3405; x_wconf 89' lang='lat' dir='ltr'>condicionem</span> <span class='ocrx_word' id='word_1_298' title='bbox 697 3346 810 3406; x_wconf 91' lang='lat' dir='ltr'>nullam</span> <span class='ocrx_word' id='word_1_299' title='bbox 823 3351 975 3407; x_wconf 84' lang='lat' dir='ltr'>recuset.“</span> <span class='ocrx_word' id='word_1_300' title='bbox 995 3347 1070 3407; x_wconf 90' lang='lat' dir='ltr'>nihil</span> <span class='ocrx_word' id='word_1_301' title='bbox 1083 3362 1120 3406; x_wconf 91' lang='lat' dir='ltr'>ea</span> <span class='ocrx_word' id='word_1_302' title='bbox 1130 3362 1199 3407; x_wconf 88' lang='lat' dir='ltr'>mo·</span> 
     </span>
     <span class='ocr_line' id='line_1_38' title="bbox 217 3427 1196 3507; baseline 0.003 -20"><span class='ocrx_word' id='word_1_303' title='bbox 217 3434 328 3489; x_wconf 89' lang='lat' dir='ltr'>verunt</span> <span class='ocrx_word' id='word_1_304' title='bbox 340 3442 452 3501; x_wconf 81' lang='lat' dir='ltr'>regem,</span> <span class='ocrx_word' id='word_1_305' title='bbox 466 3433 561 3487; x_wconf 90' lang='lat' dir='ltr'>tutam</span> <span class='ocrx_word' id='word_1_306' title='bbox 577 3429 643 3490; x_wconf 84' lang='lat' dir='ltr'>iore</span> <span class='ocrx_word' id='word_1_307' title='bbox 656 3427 727 3488; x_wconf 88' lang='lat' dir='ltr'>belli</span> <span class='ocrx_word' id='word_1_308' title='bbox 742 3430 837 3489; x_wconf 86' lang='lat' dir='ltr'>aleam</span> <span class='ocrx_word' id='word_1_309' title='bbox 852 3437 965 3504; x_wconf 86' lang='lat' dir='ltr'>ratum,</span> <span class='ocrx_word' id='word_1_310' title='bbox 985 3431 1110 3507; x_wconf 88' lang='lat' dir='ltr'>quando</span> <span class='ocrx_word' id='word_1_311' title='bbox 1125 3446 1196 3506; x_wconf 77' lang='lat' dir='ltr'>per</span> 
     </span>
     <span class='ocr_line' id='line_1_39' title="bbox 217 3509 1197 3592; baseline 0.003 -21"><span class='ocrx_word' id='word_1_312' title='bbox 217 3512 289 3573; x_wconf 87' lang='lat' dir='ltr'>inde</span> <span class='ocrx_word' id='word_1_313' title='bbox 309 3527 346 3572; x_wconf 88' lang='lat' dir='ltr'>ae</span> <span class='ocrx_word' id='word_1_314' title='bbox 369 3510 448 3570; x_wconf 87' lang='lat' dir='ltr'>victo</span> <span class='ocrx_word' id='word_1_315' title='bbox 471 3509 530 3570; x_wconf 90' lang='lat' dir='ltr'>iam</span> <span class='ocrx_word' id='word_1_316' title='bbox 545 3510 602 3571; x_wconf 89' lang='lat' dir='ltr'>sibi</span> <span class='ocrx_word' id='word_1_317' title='bbox 617 3512 702 3585; x_wconf 79' lang='lat' dir='ltr'>leges</span> <span class='ocrx_word' id='word_1_318' title='bbox 717 3510 896 3573; x_wconf 88' lang='lat' dir='ltr'>dicerentur.</span> <span class='ocrx_word' id='word_1_319' title='bbox 930 3513 1045 3575; x_wconf 90' lang='lat' dir='ltr'>omissa</span> <span class='ocrx_word' id='word_1_320' title='bbox 1058 3513 1153 3592; x_wconf 85' lang='lat' dir='ltr'>igitur</span> <span class='ocrx_word' id='word_1_321' title='bbox 1167 3516 1197 3575; x_wconf 91' lang='lat' dir='ltr'>in</span> 
     </span>
    </p>
   </div>
   <div class='ocr_carea' id='block_1_3' title="bbox 0 0 1310 4000">
    <p class='ocr_par' dir='ltr' id='par_1_4' title="bbox 0 0 1310 4000">
     <span class='ocr_line' id='line_1_40' title="bbox 0 0 1310 4000; baseline 0 0"><span class='ocrx_word' id='word_1_322' title='bbox 0 0 1310 4000; x_wconf 95' lang='lat' dir='ltr'> </span> 
     </span>
    </p>
   </div>
  </div>
 </body>
</html>
