2600 4000
207 210 269 273 ais
354 209 600 303 tucamur.
620 166 759 273 caulo
772 220 815 272 sn
836 217 872 284 n.
885 216 920 269 n.
933 213 1033 289 0.st

206 366 322 436 rassct,
344 376 424 435 quac
444 375 494 420 res
508 359 693 421 Antiochum
710 366 740 419 et
754 359 885 421 Aetolo's
900 359 1127 436 coniunxisset,
1148 377 1189 423 ex

205 448 375 522 legatorum
382 458 525 504 sermone
535 444 675 519 potuisse
686 458 851 519 apparere=
864 444 1037 505 mentiendo
1048 444 1080 504 in
1088 443 1188 506 vicem

206 530 411 604 iactandoque
430 527 529 602 vires,
554 543 632 602 quas
650 542 713 609 non
732 525 860 599 habent,
883 527 1011 588 inflasse
1029 543 1112 589 vana
1130 545 1189 605 spe

206 622 300 690 atque
313 611 437 673 inflatos
452 626 538 685 esse,
553 611 647 694 „dum
661 610 692 670 hi
707 610 747 671 ab
761 625 797 671 se
807 611 921 672 victum
931 610 1115 687 Philippum,
1129 629 1188 673 sua

205 699 316 759 uirtute
342 701 499 773 protectos
522 695 695 768 Romanos,
729 700 760 754 et
784 710 864 768 quae
887 695 981 756 modo
1006 695 1187 771 audiebatis,

206 788 346 852 narrant3
369 796 427 841 vos
443 786 623 854 ceterasque
638 778 776 840 civitates
792 786 822 838 et
841 785 949 854 gentes
967 794 1057 839 suam
1070 788 1187 841 sectam

206 883 278 928 esse
300 871 477 927 secuturosz
499 879 555 924 rex
573 869 681 924 conha
702 862 838 937 peditum
863 863 1063 938 equitumque
1086 864 1186 937 nubes

206 952 311 1023 iactat,
332 956 363 1009 et
383 948 551 1009 consternit
566 947 663 1007 maria
683 946 836 1007 classibus
851 947 926 1008 suis.
958 951 1006 1006 est
1019 953 1122 1007 autern
1134 963 1187 1008 rcs

207 1031 359 1095 simillima
372 1047 467 1092 cenae
478 1030 689 1093 chalcidensis
700 1029 833 1105 hospitis
844 1030 914 1104 mei,
929 1029 1059 1091 hominis
1071 1039 1102 1091 ct
1112 1031 1187 1092 boui

180 1176 182 1179 ,
207 1125 237 1178 et
251 1116 319 1176 scili
335 1114 556 1189 convivatoris,
572 1115 655 1190 apud
670 1130 762 1190 quem
776 1113 928 1176 solstitiali
938 1122 1077 1190 tempore
1092 1115 1187 1176 comi-

206 1212 252 1262 ter
266 1199 385 1275 accepti
400 1215 468 1260 cum
484 1199 677 1273 miraremur,
691 1200 774 1260 unde
784 1197 827 1258 illi
839 1212 877 1260 co
888 1204 1028 1274 tempore
1038 1198 1110 1258 anni
1125 1205 1187 1260 tam

206 1283 291 1344 varia
305 1290 336 1344 et
349 1284 442 1344 multa
456 1283 593 1356 venatio,
618 1282 711 1342 homo
732 1298 795 1343 non
816 1298 909 1358 quam
922 1283 973 1344 isti
987 1289 1060 1344 sunt
1071 1282 1186 1358 glorio-

207 1383 278 1441 sus,
293 1366 437 1427 renidens
453 1366 655 1426 condimentis
669 1366 711 1425 ait
718 1366 896 1428 varietatem
909 1365 992 1428 illam
1006 1374 1037 1427 et
1049 1365 1186 1442 speciem

206 1448 323 1512 serinac
337 1451 438 1512 carnis
453 1465 493 1509 ex
507 1457 667 1510 mansueto
682 1466 738 1511 suc
753 1451 894 1511 iactam.“
915 1450 976 1512 hoc
996 1449 1057 1511 dici
1070 1458 1142 1525 apte
1156 1452 1187 1511 in

208 1533 316 1611 copias
330 1535 422 1610 regis,
439 1548 519 1609 quae
533 1534 625 1609 paulo
640 1540 711 1594 ante
724 1532 855 1596 iactatae
870 1541 955 1607 sunt,
972 1550 1078 1610 posse.
1100 1535 1188 1596 uaria

207 1621 287 1680 enirn
301 1634 416 1694 genera
429 1632 583 1679 minorum
597 1623 628 1676 et
640 1619 735 1678 multa
748 1618 873 1679 nomina
887 1618 1022 1693 gentium
1035 1619 1186 1680 inaudita·

207 1721 289 1777 rum,
310 1702 415 1765 Dahas
435 1709 465 1763 et
484 1701 594 1761 Medos
615 1707 646 1761 et
660 1700 811 1786 Cadusios
833 1709 864 1763 et
881 1701 1062 1781 Elymaeos,
1085 1702 1187 1781 Syros

208 1789 307 1850 omnis
322 1802 402 1859 esse,
417 1786 501 1847 haud
515 1785 608 1860 paulo
623 1784 846 1861 mancipiorum
859 1787 968 1847 melius
983 1791 1110 1862 propter
1122 1802 1186 1848 ser·

207 1872 280 1932 vilia
298 1871 420 1946 ingenia
441 1885 532 1945 quam
557 1868 684 1930 militum
704 1885 811 1945 genus.
845 1877 895 1943 „et
915 1870 1029 1931 utinam
1045 1869 1188 1931 subicere

209 1954 319 2016 vestris
328 1954 434 2029 oculis,
445 1951 567 2028 Achaei,
575 1968 703 2029 possem
714 1953 980 2016 concursationem
990 1954 1072 2030 regis
1084 1955 1187 2030 magni

208 2040 246 2098 ab
270 2036 464 2098 Demetriade
489 2052 570 2098 nunc
593 2037 727 2100 Lamiam
756 2039 786 2099 in
811 2038 972 2100 concilium
997 2040 1187 2113 Aetolorum,

208 2138 289 2183 nunc
314 2122 502 2183 chalcidem=
540 2121 686 2184 videretis
705 2122 759 2181 vix
779 2122 907 2183 duarum
927 2124 1006 2183 male
1026 2123 1187 2198 plenarum

209 2208 447 2283 legiuncularum
472 2205 568 2267 instar
591 2206 623 2265 in
648 2206 758 2267 castris
782 2205 882 2281 regim
916 2206 1061 2267 videretis
1081 2222 1188 2282 regem

208 2307 290 2353 nunc
310 2291 532 2352 mendicantem
553 2304 654 2365 prope
678 2291 861 2351 immeritum
880 2290 919 2351 ab
939 2291 1073 2365 Aetolis,
1101 2292 1188 2367 quod

207 2376 292 2436 militi
307 2375 502 2446 admetiatur,
518 2388 600 2432 nunc
612 2379 733 2433 mutuas
745 2374 893 2449 pecunias
905 2375 1012 2435 fenore
1026 2375 1056 2433 in
1071 2375 1188 2450 stipen-

208 2460 290 2519 dium
306 2463 517 2532 quaerentem,
538 2470 620 2514 nunc
640 2455 681 2514 ud
701 2463 807 2530 portas
823 2456 974 2518 chalcidis
990 2464 1135 2531 stantem,
1157 2464 1189 2518 et

208 2557 280 2600 nox
294 2540 366 2598 inda
387 2540 563 2611 exclusum,
583 2537 656 2597 nihil
678 2539 761 2600 aliud
781 2556 873 2615 quam
886 2541 998 2601 Aulide
1018 2548 1111 2617 atque
1123 2542 1186 2602 Eu·

207 2624 276 2697 ripo
291 2620 436 2696 spectatis
456 2620 487 2680 in
502 2620 654 2682 Aetoliam
674 2622 863 2684 redeuntem.
891 2626 971 2685 male
991 2626 1189 2686 crediderunt

208 2714 238 2766 et
251 2704 421 2766 Antiochus
437 2702 554 2767 Aetolis
569 2712 599 2767 et
611 2705 715 2768 Aetoli
727 2707 831 2782 regiae
845 2707 986 2769 vanitatiz
1008 2710 1187 2785 quominus

209 2804 265 2851 vos
280 2788 381 2864 decipi
396 2787 529 2865 debetis,
545 2790 602 2851 sed
617 2797 763 2866 expertae
778 2791 881 2865 potius
893 2798 1113 2868 spectataeque
1123 2793 1186 2853 Ro·

209 2888 365 2934 manomm
380 2871 452 2933 fidei
469 2873 604 2935 credere.
637 2890 708 2935 nam
729 2874 813 2950 quod
828 2874 974 2950 optimum
989 2891 1061 2936 esse
1075 2875 1187 2950 dicant,

207 2972 271 3018 non
290 2956 442 3034 interponi
463 2974 521 3019 vos
540 2958 637 3032 bello,
660 2958 732 3019 nihil
754 2960 845 3019 immo
866 2965 928 3019 tam
945 2959 1076 3020 alienum
1091 2960 1187 3020 rebus

125 3119 127 3121 η
207 3040 319 3102 vestris
333 3048 396 3103 cst=
420 3042 535 3117 quippe
556 3043 623 3101 sine
637 3042 748 3117 gratia,
770 3042 837 3103 sine
851 3042 997 3118 dignitate
1016 3043 1188 3119 praemium

206 3124 332 3186 victoris
353 3125 466 3186 eritis.“
500 3126 534 3185 L.
563 3141 621 3185 ncc
642 3126 776 3187 absurde
795 3125 949 3188 adversus
968 3134 1118 3203 utrosque
1137 3143 1187 3187 re·

208 3208 375 3283 spondisse
388 3210 473 3269 visus
485 3214 541 3280 est,
560 3215 591 3269 et
601 3208 691 3270 facile
702 3216 769 3271 erat
779 3209 948 3272 orationem
958 3212 1044 3286 apud
1054 3211 1188 3271 laventis

207 3292 316 3368 aequis
331 3292 457 3353 auribus
471 3291 579 3368 accipi.
599 3294 686 3374 nulla
698 3293 778 3354 enim
791 3309 850 3355 nec
864 3294 1047 3370 disceptatio
1061 3310 1120 3355 nec
1132 3296 1188 3355 du-

207 3375 313 3438 bitatio
328 3377 398 3452 luit,
419 3374 493 3451 quin
509 3391 615 3438 omnes
631 3377 760 3438 eosdem
773 3378 856 3454 genti
868 3378 1066 3440 Achaeorum
1079 3379 1190 3440 hostes

206 3467 237 3519 et
248 3460 381 3535 amicos,
398 3474 477 3534 quos
489 3461 624 3535 populus
634 3461 793 3522 Romanus
805 3462 992 3538 censuisset,
1008 3462 1191 3540 iudicarent,
