2600 4000
227 240 288 304 128
401 239 516 300 LIBER
529 238 662 299 XXXIV.
686 236 770 298 CAP.
786 244 811 298 4.
830 243 869 311 [a.
881 242 914 297 U.
927 259 951 296 c.
961 240 1026 311 557]

223 390 374 454 illecebris
385 390 528 465 repletas,
541 395 571 448 et
580 388 683 463 regias
694 388 785 448 eliam
795 394 989 448 attrectamus
1000 403 1202 464 ganas,·-eo

222 477 293 552 plus
313 473 440 547 borreo,
462 488 501 532 ne
522 472 592 532 illae
610 471 709 546 magis
730 486 782 531 res
802 487 861 532 nos
882 470 1019 546 ceperint
1032 486 1125 547 quam
1140 489 1201 534 nos

222 560 298 620 illas.
321 557 440 632 iniesta,
461 555 532 615 mihi
547 555 676 625 credite,
698 554 787 629 signa
801 555 840 615 ab
855 553 1020 632 Syracusis
1034 554 1116 615 iliata
1130 563 1201 618 suni

222 641 292 703 huic
305 640 383 702 urbi.
409 640 469 700 iarn
484 639 573 699 nimis
587 638 700 699 multos
714 637 806 698 sudio
821 637 955 699 Corindd
969 644 1000 699 et
1012 637 1202 701 Athenarum

222 730 399 786 ornamenta
413 722 565 784 laudantis
582 721 795 796 mirantisque,
816 726 847 781 et
860 721 994 782 antefixa
1006 720 1113 783 ilctiiia
1126 722 1201 785 deo·

221 826 288 871 rum
302 809 509 869 Romanorum
530 805 668 866 ridentis.
698 819 757 879 ego
778 804 836 865 hos
849 807 930 866 malo
946 804 1096 881 propitios
1111 807 1199 879 deos,

222 900 252 953 et
265 892 307 953 ita
325 905 419 967 spero
438 890 571 962 iuturus,
593 888 620 949 si
635 889 666 948 iu
680 888 745 948 suis
759 903 884 948 manere
898 888 1025 950 sedibus
1039 889 1200 964 patiemur.

222 982 341 1052 patrum
357 980 532 1035 nostrorum
545 973 693 1033 memoria
708 987 765 1048 per
778 973 910 1047 legatum
925 970 1048 1034 cineam
1061 971 1201 1052 Pyrrhus

224 1074 284 1120 non
308 1058 443 1118 virorum
467 1056 560 1118 modo
585 1056 642 1117 sed
666 1055 756 1116 etiam
779 1055 939 1116 mulierum
964 1055 1082 1117 animos
1108 1058 1201 1119 donis

223 1141 387 1216 temptavit.
420 1140 555 1203 nondum
576 1141 627 1200 lex
649 1139 749 1215 Oppia
768 1139 808 1199 ad
824 1139 1028 1200 coercendam
1048 1140 1202 1202 luxuriam

221 1224 399 1285 muliebrem
412 1225 473 1285 iaia
487 1230 566 1284 erat:
587 1229 688 1286 tamen
704 1224 789 1284 nulia
803 1222 930 1298 aceepit.
964 1238 1056 1298 quam
1071 1238 1199 1286 causam

222 1307 318 1369 luisse
340 1308 495 1369 censetis?
515 1307 623 1368 eadem
642 1307 700 1367 fuit
720 1321 800 1381 quae
813 1306 981 1367 maioribus
995 1307 1109 1368 nostris
1124 1308 1199 1370 nihil

222 1393 261 1451 de
279 1392 338 1452 bac
352 1406 387 1452 re
401 1392 470 1467 lege
485 1389 653 1451 sanciendi.
684 1391 768 1452 nulia
782 1396 848 1452 erat
859 1389 994 1464 luxuria,
1016 1405 1096 1465 quae
1108 1407 1194 1453 coer·

222 1481 351 1537 seretur.
385 1475 465 1536 sicut
488 1480 558 1535 ante
581 1474 707 1535 morbos
733 1488 865 1534 necesse
888 1480 945 1535 est
963 1474 1104 1549 cognitos
1124 1490 1199 1537 esse

221 1574 312 1634 quam
335 1559 471 1619 remedia
490 1556 611 1632 eorum,
636 1557 683 1617 sic
703 1557 885 1633 cupiditates
912 1557 996 1633 prius
1016 1563 1106 1619 natae
1126 1567 1200 1621 sunt

222 1658 313 1718 quom
329 1644 431 1719 leges,
453 1657 534 1718 quae
547 1640 584 1700 iis
600 1641 724 1701 modum
738 1642 881 1701 iacerent.
918 1640 993 1716 quid
1007 1640 1106 1717 legem
1119 1643 1197 1704 Lici-

220 1728 301 1787 niam
314 1726 458 1788 excitavit
473 1725 512 1785 de
527 1724 701 1801 quingentis
715 1724 871 1799 iugeribus
887 1723 946 1786 nisi
960 1724 1069 1799 ingens
1084 1725 1197 1800 cupide

220 1825 312 1885 agros
328 1808 546 1872 continuandi?
560 1808 633 1884 quid
644 1809 744 1884 legem
755 1806 887 1868 Cinciam
899 1809 938 1869 de
949 1807 1040 1869 donis
1051 1815 1080 1869 et
1091 1825 1198 1870 mune-

221 1894 319 1967 ribus,
340 1893 399 1953 nisi
419 1893 490 1968 quia
510 1892 668 1968 vectigalis
689 1892 749 1952 iam
762 1898 794 1951 et
808 1891 1007 1966 stipendiaria
1020 1893 1110 1968 plebs
1125 1908 1200 1954 esse

220 1975 339 2036 senatui
359 1981 525 2052 coeperat?
550 1976 654 2052 itaque
674 1975 797 2037 minime
810 1975 919 2037 mirum
932 1981 1052 2038 estnec
1066 1975 1199 2053 Oppiam

219 2073 277 2119 nec
288 2059 378 2119 aliam
387 2061 479 2121 ullam
490 2067 553 2121 tum
564 2061 662 2136 legem
674 2060 877 2121 desideratam
886 2075 968 2135 esse,
981 2076 1060 2134 quae
1072 2062 1199 2122 modum

220 2143 391 2219 sumptibus
417 2143 576 2206 mulierum
599 2145 729 2218 iaceret,
753 2159 823 2204 cum
847 2159 955 2205 surum
978 2150 1009 2205 et
1028 2161 1198 2220 purpuram

218 2228 289 2288 daia
308 2234 339 2289 et
359 2229 459 2290 oblata
479 2230 558 2291 ultro
579 2245 641 2289 non
663 2228 863 2303 acciplebant.
900 2227 927 2288 si
947 2243 1027 2289 nunc
1048 2244 1116 2290 cum
1136 2229 1197 2290 iliis

218 2311 308 2373 donis
330 2312 437 2374 Cineas
458 2312 565 2372 urbem
586 2312 772 2384 circumiret,
793 2311 901 2373 stantis
920 2311 950 2372 in
972 2311 1095 2387 publico
1110 2313 1197 2373 inve·

217 2395 315 2455 nisset
330 2410 410 2471 quae
425 2395 608 2468 acciperent.
636 2400 729 2470 atque
743 2409 802 2468 ego
817 2395 1031 2457 nonnullarum
1046 2395 1197 2472 cupidita·

217 2478 291 2537 tium
305 2492 344 2537 ne
360 2492 484 2537 causam
499 2476 623 2551 quidem
637 2484 690 2536 aut
703 2477 852 2538 rationem
866 2479 942 2540 inire
957 2494 1095 2554 possum.
1123 2495 1197 2541 nam

218 2566 264 2633 ut,
288 2559 372 2633 quod
393 2559 442 2619 aiii
456 2559 559 2630 liceat,
580 2558 634 2619 tibi
648 2575 711 2620 non
724 2559 816 2621 licere
831 2562 946 2639 aliquid
961 2564 1094 2625 fortasse
1107 2568 1197 2625 natu·

217 2641 288 2701 ralis
313 2647 366 2701 aut
384 2641 513 2716 pudoris
535 2650 587 2702 ant
607 2640 823 2716 indignationis
844 2645 969 2720 babeat,
994 2647 1041 2708 sic
1061 2651 1196 2722 aequato

216 2724 350 2785 omnium
365 2725 448 2785 cultu
462 2724 537 2800 qnid
553 2740 758 2802 unaquaeque
771 2735 907 2790 vestrum
922 2737 1045 2792 veretur
1058 2745 1098 2790 ne
1112 2731 1142 2790 in
1157 2745 1196 2790 se

217 2806 445 2883 conspiciamur
464 2809 618 2884 pessimus
640 2809 764 2885 quidem
785 2812 887 2886 pudor
907 2820 955 2874 est
973 2816 1023 2875 vel
1044 2813 1194 2891 porsinae

216 2892 284 2952 niae
297 2892 348 2953 vel
361 2892 565 2969 paupertatis:
589 2894 646 2955 sed
660 2899 823 2971 utrumque
837 2896 887 2956 lex
902 2897 990 2958 vobis
1006 2897 1108 2973 demit,
1124 2913 1193 2958 cum

216 2973 247 3034 id
271 2976 354 3050 qued
374 2976 487 3036 babere
504 2992 566 3038 non
582 2978 652 3038 iicet
666 2993 728 3038 non
742 2978 871 3040 habetis.
903 2980 1075 3055 ‚„‚hanc““
1096 2981 1194 3056 inquit

214 3057 362 3133 „„ipsam
381 3061 633 3137 exaequationem
652 3077 714 3122 non
735 3062 800 3122 iero
816 3062 868 3124 iiia
881 3065 1031 3140 locuples.
1061 3082 1117 3127 cur
1130 3081 1193 3126 non

215 3140 344 3216 insignis
358 3159 433 3203 auro
449 3150 480 3205 et
494 3159 630 3218 purpura
645 3146 842 3221 conspicior-t
869 3162 923 3208 cur
937 3156 1104 3224 paupertas
1119 3146 1193 3210 alia·

214 3240 281 3285 rum
296 3226 354 3286 sub
374 3226 433 3286 hac
446 3226 523 3302 legis
538 3227 643 3302 specie
658 3229 745 3304 latet,
765 3237 800 3291 ut
815 3232 899 3307 quod
912 3231 1027 3293 babere
1041 3248 1103 3295 non
1117 3247 1190 3308 pos-

215 3313 294 3381 sunt,
309 3309 477 3385 habiturae,
492 3310 520 3370 si
535 3310 647 3387 liceret,
664 3313 760 3374 luisse
773 3313 1003 3376 videanturt““
1025 3315 1117 3378 vultis
1132 3317 1193 3378 boc

215 3397 367 3453 ceriameu
382 3393 530 3454 uxoribus
544 3395 656 3456 vestris
670 3396 800 3469 inicere,
822 3398 968 3476 Quirites,
988 3406 1022 3461 ut
1036 3399 1147 3462 divites
1160 3398 1194 3461 id

214 3472 327 3536 babere
342 3477 435 3538 velint
449 3477 535 3554 quod
549 3479 631 3539 nulia
646 3480 706 3541 alia
719 3481 833 3556 possita
856 3499 1011 3558 pauperes
1026 3499 1066 3545 ne
1075 3484 1121 3546 eb
1132 3483 1195 3545 boc

1284 1509 1293 1998 i

1283 2690 1293 3158 l
