2600 4000
212 225 275 291 soa
344 224 630 285 umunxxxvut
652 223 735 286 cnr.
750 228 850 288 ron
872 229 910 298 [a.
923 227 1073 288 v.‹.so⁵t

211 377 313 455 capiat
326 382 452 452 pectora
463 381 580 436 vestrm
603 392 675 436 nurn
687 382 828 437 senatum
840 392 966 452 quoque
977 377 1109 439 debello
1121 393 1197 441 con·

210 460 270 523 suli
291 475 353 521 uon
375 460 494 536 placett
514 475 576 520 nou
596 459 635 520 ad
650 460 799 535 populum
813 459 898 534 terri,
920 460 1016 520 velint
1028 458 1197 525 iubeantne

211 561 283 607 cum
303 544 395 605 Gallis
416 543 529 604 bellurn
548 543 635 618 gerit
656 542 749 604 modo
771 550 853 604 certe
873 545 1018 605 consules
1035 545 1197 608 Graeciam

211 636 304 705 atque
317 626 424 688 Asiam
444 625 598 689 volebant.
631 634 731 687 tamen
753 625 1026 703 perseverantibus
1039 629 1132 690 vobis
1145 631 1196 691 Li·

210 727 303 789 gures
317 709 507 787 provinciam
521 711 689 771 decernere
703 711 785 773 dicto
800 711 960 771 audientes
976 711 1109 774 ruenmt
1130 729 1197 773 me·

210 796 268 858 rito
283 810 357 871 ergo
372 810 391 855 a
407 794 497 855 vobis
511 809 664 870 prospere
678 794 758 856 bello
773 802 862 870 gesto
876 793 1063 870 triumphum
1078 803 1196 873 petent,

213 880 326 958 quibus
340 877 516 939 auctoribus
531 883 726 953 gesserunt.“

293 962 411 1023 XLVII.
431 961 512 1022 Talis
528 962 625 1021 oratio
639 960 721 1022 Furii
736 968 767 1022 et
779 960 901 1021 Aemilii
915 960 980 1022 luit.
1001 961 1147 1023 Manlium
1162 964 1194 1024 in

211 1135 301 1188 antea
315 1128 456 1190 solebant
468 1128 651 1204 triumphum
664 1127 889 1205 postulantibus
902 1128 1071 1203 adversari,
1085 1134 1193 1203 patres

211 1212 394 1287 conscripti3
417 1212 528 1287 quibus
543 1227 602 1289 ego
617 1213 744 1288 gratiam
759 1211 867 1287 habeo,
885 1212 970 1288 quod
981 1227 1038 1273 seu
1049 1211 1119 1271 milri
1130 1228 1191 1275 seu

210 1293 409 1369 magnitudini
422 1310 523 1356 rerum
538 1304 693 1372 gestarum
708 1297 768 1357 hoc
783 1295 948 1370 dederunt,
965 1300 998 1355 ut
1013 1312 1074 1357 non
1088 1297 1191 1358 solum

211 1376 330 1440 silentio
345 1379 581 1453 comprobarent
593 1378 741 1441 honorem
755 1395 870 1454 meum,
890 1381 947 1441 sed
961 1380 1076 1439 referre
1090 1380 1182 1441 etiam

211 1462 238 1524 si
253 1477 333 1537 opus
352 1467 451 1537 esset,
471 1462 647 1524 viderentur
667 1465 766 1539 parati
784 1478 872 1524 esse=
895 1478 935 1524 ex
950 1463 1055 1524 decern
1070 1465 1192 1540 tegatis,

211 1543 238 1607 si
253 1542 312 1606 diis
332 1545 448 1621 placet,
469 1545 552 1621 quod
567 1547 727 1607 consilium
743 1548 973 1623 dispensandae
986 1546 1192 1607 cohonestan-

211 1632 332 1706 daeque
351 1627 498 1691 victoriae
518 1628 752 1704 imperatoribus
770 1630 902 1693 maiores
918 1630 1068 1691 dederunt
1082 1631 1200 1705 nostri,

213 1713 409 1776 adversarios
420 1712 530 1774 habeo.
550 1713 584 1773 L.
591 1713 700 1775 Furius
712 1722 743 1776 et
752 1713 785 1773 L.
792 1715 941 1776 Aemilius
954 1729 1076 1775 currum
1086 1713 1189 1774 trium-

212 1798 333 1876 phalem
347 1813 396 1858 me
411 1798 619 1859 conscendere
633 1797 804 1874 prohibent,
821 1812 965 1859 coronam
977 1797 1128 1872 insignem
1140 1813 1190 1857 ca·

211 1881 266 1958 piti
281 1881 454 1954 detrahuut3
478 1896 557 1957 quos
571 1896 639 1957 ego,
655 1880 683 1943 si
696 1882 807 1942 tribuni
823 1898 873 1942 me
888 1879 1076 1956 triumphare
1085 1879 1191 1955 probi·

212 1965 334 2039 bereut,
351 1970 447 2026 testes
462 1965 606 2027 citaturus
620 1966 662 2028 lui
677 1982 779 2029 rerum
794 1982 813 2027 a
826 1980 876 2027 nte
889 1973 1055 2042 gestarum.
1076 1964 1190 2026 nultius

212 2047 352 2124 equidem
368 2046 490 2108 invideo
505 2047 628 2123 honori,
650 2057 754 2126 patres
770 2049 944 2125 conscripti.
978 2065 1037 2111 vos
1051 2050 1192 2111 tribunos

211 2131 312 2208 plebei
326 2147 433 2208 nuper,
447 2132 531 2194 viros
548 2133 645 2194 fortes
655 2150 693 2195 ac
704 2140 855 2210 suenuos,
871 2132 1074 2208 impedientes
1087 2133 1121 2208 Q.
1132 2133 1192 2194 Fa·

211 2215 253 2277 bii
272 2215 424 2278 Labeonis
447 2216 630 2292 triumphum
656 2218 834 2279 auctoritate
858 2223 962 2278 vestra
983 2217 1194 2278 deterruistist
1281 2287 1286 2294 ,

210 2299 413 2377 triumphavit,
430 2315 519 2376 quem
534 2316 594 2362 non
610 2301 723 2363 bellum
737 2301 881 2362 iniustum
898 2301 1046 2376 gessisse,
1062 2302 1122 2362 sed
1135 2300 1194 2363 ho·

212 2393 288 2445 stem
304 2385 426 2446 omnino
441 2400 501 2445 non
516 2384 634 2446 vidisse
647 2385 759 2446 inimici
773 2385 941 2447 iactabant:
966 2398 1034 2460 ego,
1050 2385 1103 2460 qui
1122 2401 1194 2446 curn

212 2473 332 2528 centurn
344 2467 464 2528 milibus
479 2469 739 2531 ferocissimorum
753 2467 885 2529 bostium
900 2469 995 2544 signis
1011 2469 1130 2530 collatis
1146 2477 1191 2531 to·

212 2549 290 2610 tiens
310 2552 459 2625 pugnavi,
481 2551 533 2624 qui
552 2551 622 2625 plus
640 2552 841 2626 quadraginta
854 2552 936 2613 milia
948 2546 1106 2613 hominum
1123 2552 1193 2628 cepi

211 2638 263 2692 aut
273 2631 381 2705 occidi,
395 2633 446 2707 qui
458 2629 529 2692 bina
541 2639 641 2694 castra
654 2649 760 2695 eorum
771 2635 956 2712 expugnavi,
968 2636 1021 2712 qui
1033 2637 1109 2698 citra
1120 2637 1195 2711 iuga

210 2710 300 2776 lauri
320 2713 422 2776 omnia
442 2715 598 2790 pacatiora
616 2735 708 2794 quam
724 2725 805 2780 terra
819 2721 905 2781 ltalia
919 2727 967 2780 est
980 2720 1107 2796 reliqui,
1128 2737 1193 2782 non

211 2797 363 2876 triumpho
374 2800 466 2862 modo
479 2801 612 2879 lraudor,
624 2803 681 2864 sed
694 2819 818 2865 causam
830 2805 914 2880 apud
925 2821 992 2880 vos,
1000 2811 1104 2879 patres
1118 2820 1195 2866 con·

212 2884 327 2960 scripti,
339 2886 554 2947 accusantibus
565 2889 642 2949 meis
652 2886 721 2964 ipse
733 2888 930 2964 legatisdico.
946 2888 1061 2963 duplex
1072 2903 1195 2960 eorum,

211 2973 245 3027 ut
258 2968 522 3044 animadvertistis,
539 2978 643 3045 patres
661 2972 836 3048 conscripti,
852 2970 1009 3032 accusatio
1025 2971 1095 3031 luit:
1121 2989 1195 3032 nam

211 3065 269 3111 nec
288 3053 456 3127 gerendum
478 3053 550 3113 mihi
572 3055 669 3117 luisse
683 3056 795 3116 bellurn
811 3071 880 3118 cum
895 3056 1005 3131 Gallis,
1026 3062 1057 3116 et
1070 3062 1197 3129 gestum

211 3141 325 3195 temere
344 3141 436 3212 atque
456 3137 664 3213 imprudenter
680 3140 830 3202 dixemnt
865 3156 929 3201 non
943 3146 1030 3200 erant
1044 3138 1122 3199 Galli
1136 3139 1196 3200 ho·

210 3224 290 3293 ates,
313 3219 368 3279 sed
383 3226 415 3281 tu
430 3235 485 3282 eos
499 3230 628 3297 pacatos
643 3221 792 3298 imperata
805 3224 953 3286 iacientes
967 3223 1100 3285 violasti.
1130 3240 1198 3285 noa

212 3317 280 3362 sum
295 3304 503 3377 postulaturus
518 3321 536 3363 a
551 3305 650 3381 vobis,
666 3315 770 3382 patres
782 3308 957 3384 conscripti,
972 3314 1006 3368 ut
1017 3322 1097 3381 quae
1108 3322 1198 3368 com-

211 3385 339 3447 muniter
365 3385 404 3446 de
424 3385 606 3449 immanitate
630 3390 732 3465 gentis
752 3391 909 3452 Gallorum
930 3391 970 3452 de
989 3390 1199 3454 infestissimo

211 3468 283 3530 odlo
303 3466 335 3531 in
354 3484 464 3532 nomen
485 3470 656 3534 Romanum
676 3473 778 3547 scitis,
800 3490 838 3535 ea
858 3474 898 3535 de
917 3474 979 3535 illis
996 3490 1124 3549 quoquc
1141 3476 1200 3552 qui
