2600 4000
306 237 421 299 LIBER
433 239 551 298 XXXII·
573 239 656 299 CAP.
671 247 735 303 8.9.
758 247 794 314 [a.
807 248 839 306 C.
851 248 913 315 198]
1054 243 1095 308 5³

126 386 236 450 nuxiliu
256 403 315 449 nec
335 390 423 465 ipsos
443 389 594 451 missuros
614 392 717 452 Attalo
737 390 888 452 adversus
901 393 1095 474 Antiochum,

121 474 235 535 socium
248 480 280 534 et
290 474 420 534 amicum
431 474 538 552 populi
547 474 687 550 Romani,
702 488 760 534 nec
769 475 864 535 Attali
874 477 987 537 auxilia
994 486 1093 541 reten-

119 563 202 619 turos
212 558 293 620 ultm
303 558 466 635 quamrcgi
480 559 674 619 commodum
687 563 780 619 esset
810 573 933 635 semper
946 563 1094 636 populum

119 643 285 704 Romanum
307 641 415 703 aliems
434 643 529 703 rebus
551 640 675 704 arbitrio
696 641 797 702 alieno
811 658 918 702 usuum
938 651 970 705 et
982 646 1093 720 princi·

118 726 200 803 pium
213 735 242 789 ct
254 727 348 787 linem
362 726 393 786 in
413 732 597 803 potestatem
610 725 765 802 ipsorum,
789 726 841 802 qui
856 742 916 802 ope
930 744 989 789 sua
1001 731 1094 791 velint

118 810 235 874 adiutos
248 812 415 884 Romanos,
434 826 514 871 esse.
546 812 665 886 legatos
680 810 720 870 ad
732 810 919 872 Antiochum
931 813 1091 888 missuros,

117 897 166 971 qui
186 895 326 957 nuntient
337 895 430 957 Attali
450 895 636 970 naviumque
657 895 725 955 eius
744 898 775 954 et
788 893 914 956 militum
929 912 1025 973 opera
1039 898 1091 959 ad·

117 995 220 1041 uersus
233 979 409 1055 Philippum
423 994 613 1043 communem
627 978 747 1039 bostem
761 979 804 1039 uti
817 982 966 1055 populum
978 981 1090 1043 Romu·

116 1079 200 1136 num3
222 1071 344 1140 gramm
358 1079 427 1125 eum
440 1065 589 1125 iacturum
603 1062 731 1136 secuturi,
746 1062 774 1122 si
787 1078 883 1138 regno
893 1065 986 1125 Attali
996 1065 1089 1126 absti-

116 1156 183 1209 ncat
205 1149 353 1224 belloque
377 1147 521 1218 absistat;
552 1163 685 1223 aequum
709 1161 781 1207 esse
802 1148 907 1209 socios
922 1156 953 1210 et
973 1152 1088 1213 amicos

114 1231 823 1309 populiRomaniregesintensequoqucipsos
833 1248 1087 1309 pacemservare.

193 1318 244 1383 tx.
269 1316 434 1377 Consulem
444 1317 476 1375 T.
494 1315 663 1390 Quinctium
678 1316 720 1376 ite
732 1316 836 1378 habito
852 1317 973 1392 dilectu,
985 1326 1018 1379 ut
1032 1334 1087 1381 eos

114 1400 174 1461 lere
186 1403 307 1478 legeret
320 1400 416 1477 quiin
429 1401 576 1477 Hispania
589 1408 641 1462 aut
649 1401 756 1460 Attica
768 1402 954 1462 meruissent
966 1411 1086 1478 specta

112 1491 159 1545 tue
178 1486 300 1547 virtutis
321 1485 447 1561 milites,
468 1493 684 1561 properantem
697 1485 729 1544 in
744 1485 933 1559 pruvinciam
946 1487 1087 1562 prodigia

113 1570 246 1631 nuntiata
271 1576 364 1646 atque
386 1585 493 1632 eorum
516 1568 691 1646 procuratio
712 1570 829 1630 Romae
849 1577 1019 1631 tenuerunt
1048 1572 1089 1634 du

112 1654 195 1715 caelo
217 1661 301 1716 tacta
314 1662 400 1715 cram
413 1656 464 1715 viu
476 1654 599 1730 publica
611 1653 714 1725 Veiis,
738 1655 838 1714 lorum
852 1660 884 1714 et
896 1653 990 1714 aedes
1005 1654 1087 1715 lovis

111 1735 252 1813 Lanuvii,
267 1738 406 1800 Herculis
422 1739 516 1800 aedes
530 1739 668 1811 Ardeae,
684 1736 808 1813 Capuae
822 1754 928 1799 miuus
943 1743 974 1799 et
986 1745 1086 1799 turres

82 1872 86 1881 .
111 1827 139 1881 et
158 1823 256 1884 aedes
281 1838 361 1898 quae
374 1822 453 1884 Alba
478 1823 595 1885 dicitur.
629 1823 752 1883 <caelum
772 1822 883 1883 ardere
903 1822 1004 1883 visum
1023 1830 1086 1885 crat

110 1905 231 1968 Arretii.
261 1913 342 1967 terra
354 1907 478 1968 Velitris
500 1906 589 1967 trium
608 1907 747 1982 iugerum
768 1908 868 1983 spatio
891 1923 1023 1969 caverna
1041 1906 1085 1967 in-

110 1992 189 2065 genti
217 1990 390 2052 desederat.
423 1990 557 2052 Suessae
581 1990 747 2051 Auruncae
770 1992 950 2054 nuntiabant
973 2008 1086 2068 agnum

109 2088 177 2134 cum
195 2074 319 2134 duobus
343 2075 494 2150 capitibus
508 2083 626 2146 natum,
648 2080 680 2134 et
693 2074 861 2136 Sinuessae
875 2091 1003 2151 porcum
1017 2092 1087 2136 cum

108 2157 244 2219 humano
271 2156 381 2232 capite.
415 2171 520 2218 eorum
546 2156 755 2232 prodigiorum
780 2173 876 2218 causa
903 2159 1086 2233 supplicatio

108 2254 207 2301 unum
221 2239 303 2299 diem
316 2240 433 2317 habite,
455 2248 486 2302 et
499 2241 643 2302 consules
657 2238 751 2301 rebus
767 2238 879 2300 divinis
894 2256 1019 2317 operam
1034 2241 1086 2300 de

108 2324 230 2399 derum,
244 2324 434 2402 placatisque
446 2323 505 2386 diis
516 2323 647 2401 proiecti
657 2324 688 2384 in
699 2324 875 2400 provincias
886 2333 965 2386 sunt.
981 2324 1086 2385 Aelius

109 2423 178 2470 cum
202 2408 311 2471 Helvio
335 2417 477 2485 praetore
501 2409 533 2470 in
559 2409 702 2481 Calliam3
736 2409 967 2487 exercitumque
993 2409 1031 2470 ab
1051 2409 1085 2469 L.

110 2492 237 2554 Lentrdo
251 2501 427 2571 accepturu,
443 2510 534 2571 quem
548 2492 699 2555 dimittere
714 2494 858 2567 debebat,
877 2495 1011 2570 praetori
1025 2502 1085 2555 tra-

112 2577 199 2653 didit,
221 2579 291 2654 ipse
304 2579 394 2642 novis
409 2579 580 2655 legionibus
596 2595 674 2655 quas
695 2594 802 2639 secum
816 2580 1001 2651 adduxerat,
1020 2579 1084 2639 bel·

110 2660 170 2721 lum
191 2670 345 2737 gesturus.
378 2678 479 2740 neque
499 2662 704 2724 memorabilis
724 2663 770 2723 rei
793 2664 957 2740 quicquam
977 2663 1084 2738 gessit

112 2750 140 2805 et
151 2746 183 2805 T.
201 2747 359 2822 Quinctius
381 2747 457 2809 alter
477 2748 586 2809 consul
600 2748 748 2809 maturius
763 2748 987 2824 quampriores
1002 2745 1085 2807 soliti

112 2838 195 2893 eram
215 2834 376 2906 consules,
400 2830 597 2893 aBrundisio
618 2846 688 2892 cum
700 2832 896 2906 tramisissct,
919 2831 1083 2909 Corcyram

112 2915 204 2976 tenuit
226 2931 296 2976 cum
318 2923 388 2978 octo
409 2915 532 2978 milibus
548 2916 698 2991 peditum,
722 2916 876 2992 equitibus
892 2914 1083 2991 octingentis.

111 2995 147 3057 ab
163 2999 300 3079 Corcyra
317 3000 349 3060 in
370 2999 512 3077 proxima
523 3000 608 3075 Epiri
630 3000 842 3077 quinqueremi
855 2999 986 3072 traiecit,
1011 3006 1041 3059 ct
1053 2998 1085 3057 in

113 3088 210 3143 castra
223 3084 363 3145 Romana
382 3084 502 3160 magnis
523 3083 682 3145 itineribus
705 3084 876 3154 contendit3
905 3083 977 3143 inde
991 3080 1083 3142 Villio

113 3162 236 3228 dimisso
251 3184 369 3244 paucos
384 3177 520 3231 moratus
533 3169 611 3242 dies,
635 3169 708 3229 dum
722 3183 757 3229 se
772 3167 882 3243 copiae
895 3165 934 3228 ab
950 3166 1085 3242 Corcyra

113 3249 367 3328 adsequerentur,
383 3252 544 3314 consilium
557 3250 677 3327 babuit,
692 3260 793 3313 utrum
805 3258 890 3313 recto
906 3249 1014 3310 itinere
1028 3259 1082 3323 pel

114 3341 210 3396 casua
221 3336 355 3399 hostium
368 3335 431 3398 vim
445 3338 547 3397 lacere
561 3343 734 3411 conaretur,
753 3352 791 3396 an
806 3350 845 3396 ne
858 3338 1004 3409 temptata
1019 3329 1084 3406 qui·

115 3418 180 3477 deur
200 3435 234 3480 re
253 3421 328 3483 tanti
352 3420 468 3483 laboris
489 3436 526 3481 ac
548 3418 678 3496 periculi
698 3435 754 3495 per
765 3418 960 3479 Dassaretios
982 3413 1083 3488 potius

116 3496 311 3580 Lyncumque
331 3511 396 3565 tuto
411 3504 540 3564 circuitu
555 3502 767 3563 Macedonium
780 3502 915 3561 intraret.
946 3495 1085 3553 vicisset·
