<?xml version="1.0" encoding="UTF-8"?>
<!DOCTYPE html PUBLIC "-//W3C//DTD XHTML 1.0 Transitional//EN"
    "http://www.w3.org/TR/xhtml1/DTD/xhtml1-transitional.dtd">
<html xmlns="http://www.w3.org/1999/xhtml" xml:lang="en" lang="en">
 <head>
  <title>
</title>
<meta http-equiv="Content-Type" content="text/html;charset=utf-8" />
  <meta name='ocr-system' content='tesseract 3.04.00' />
  <meta name='ocr-capabilities' content='ocr_page ocr_carea ocr_par ocr_line ocrx_word'/>
</head>
<body>
  <div class='ocr_page' id='page_1' title='image "./aburbeconditali00mlgoog_0156.png"; bbox 0 0 2600 4000; ppageno 0'>
   <div class='ocr_carea' id='block_1_1' title="bbox 209 257 1048 334">
    <p class='ocr_par' dir='ltr' id='par_1_1' title="bbox 209 257 1048 334">
     <span class='ocr_line' id='line_1_1' title="bbox 209 257 1048 334; baseline -0.008 -9"><span class='ocrx_word' id='word_1_1' title='bbox 209 260 270 325; x_wconf 76' lang='lat'><strong>112</strong></span> <span class='ocrx_word' id='word_1_2' title='bbox 342 258 457 322; x_wconf 81' lang='lat' dir='ltr'><strong>LIBER</strong></span> <span class='ocrx_word' id='word_1_3' title='bbox 470 257 603 319; x_wconf 85' lang='lat' dir='ltr'>XXXIII.</span> <span class='ocrx_word' id='word_1_4' title='bbox 625 257 708 319; x_wconf 81' lang='lat' dir='ltr'><strong>CAP.</strong></span> <span class='ocrx_word' id='word_1_5' title='bbox 720 265 763 320; x_wconf 69' lang='lat'><strong>³4.</strong></span> <span class='ocrx_word' id='word_1_6' title='bbox 777 264 821 334; x_wconf 71' lang='lat'><strong>35.</strong></span> <span class='ocrx_word' id='word_1_7' title='bbox 845 264 881 331; x_wconf 78' lang='lat' dir='ltr'><strong>[a.</strong></span> <span class='ocrx_word' id='word_1_8' title='bbox 897 261 931 316; x_wconf 88' lang='lat' dir='ltr'><strong>U.</strong></span> <span class='ocrx_word' id='word_1_9' title='bbox 946 279 972 316; x_wconf 90' lang='lat' dir='ltr'><strong>e.</strong></span> <span class='ocrx_word' id='word_1_10' title='bbox 982 263 1048 329; x_wconf 71' lang='lat'>⁶56]</span> 
     </span>
    </p>
   </div>
   <div class='ocr_carea' id='block_1_2' title="bbox 156 408 1187 828">
    <p class='ocr_par' dir='ltr' id='par_1_2' title="bbox 156 408 1187 828">
     <span class='ocr_line' id='line_1_2' title="bbox 207 408 1186 484; baseline -0.007 -5"><span class='ocrx_word' id='word_1_11' title='bbox 207 415 240 478; x_wconf 92' lang='lat' dir='ltr'><strong>in</strong></span> <span class='ocrx_word' id='word_1_12' title='bbox 250 415 388 478; x_wconf 81' lang='lat' dir='ltr'><strong>ubertate</strong></span> <span class='ocrx_word' id='word_1_13' title='bbox 402 429 474 475; x_wconf 89' lang='lat' dir='ltr'><strong>esse</strong></span> <span class='ocrx_word' id='word_1_14' title='bbox 485 413 599 474; x_wconf 90' lang='lat' dir='ltr'><strong>debere</strong></span> <span class='ocrx_word' id='word_1_15' title='bbox 610 410 710 473; x_wconf 89' lang='lat' dir='ltr'><strong>omnis</strong></span> <span class='ocrx_word' id='word_1_16' title='bbox 721 410 835 484; x_wconf 88' lang='lat' dir='ltr'><strong>ubique</strong></span> <span class='ocrx_word' id='word_1_17' title='bbox 849 408 984 470; x_wconf 85' lang='lat' dir='ltr'><strong>Graecas</strong></span> <span class='ocrx_word' id='word_1_18' title='bbox 996 409 1101 471; x_wconf 89' lang='lat' dir='ltr'><strong>urbes.</strong></span> <span class='ocrx_word' id='word_1_19' title='bbox 1115 418 1186 472; x_wconf 86' lang='lat' dir='ltr'><strong>unte</strong></span> 
     </span>
     <span class='ocr_line' id='line_1_3' title="bbox 209 492 1187 571; baseline -0.009 -7"><span class='ocrx_word' id='word_1_20' title='bbox 209 500 312 564; x_wconf 90' lang='lat' dir='ltr'><strong>omnia</strong></span> <span class='ocrx_word' id='word_1_21' title='bbox 326 497 544 570; x_wconf 88' lang='lat' dir='ltr'><strong>denuntiatum,</strong></span> <span class='ocrx_word' id='word_1_22' title='bbox 560 512 600 557; x_wconf 92' lang='lat' dir='ltr'><strong>ne</strong></span> <span class='ocrx_word' id='word_1_23' title='bbox 614 494 646 556; x_wconf 90' lang='lat' dir='ltr'><strong>in</strong></span> <span class='ocrx_word' id='word_1_24' title='bbox 660 495 816 571; x_wconf 76' lang='lat' dir='ltr'><strong>Europam</strong></span> <span class='ocrx_word' id='word_1_25' title='bbox 829 502 882 555; x_wconf 92' lang='lat' dir='ltr'><strong>aut</strong></span> <span class='ocrx_word' id='word_1_26' title='bbox 895 492 965 568; x_wconf 89' lang='lat' dir='ltr'><strong>ipse</strong></span> <span class='ocrx_word' id='word_1_27' title='bbox 977 492 1123 555; x_wconf 77' lang='lat' dir='ltr'><strong>transiret</strong></span> <span class='ocrx_word' id='word_1_28' title='bbox 1135 501 1187 555; x_wconf 88' lang='lat' dir='ltr'><strong>aut</strong></span> 
     </span>
     <span class='ocr_line' id='line_1_4' title="bbox 156 574 1186 662; baseline -0.009 -14"><span class='ocrx_word' id='word_1_29' title='bbox 156 645 159 650; x_wconf 23' lang='lat'><strong>⁴</strong></span> <span class='ocrx_word' id='word_1_30' title='bbox 176 647 182 658; x_wconf 76' lang='grc'>,</span> <span class='ocrx_word' id='word_1_31' title='bbox 208 583 317 662; x_wconf 88' lang='lat' dir='ltr'><strong>copias</strong></span> <span class='ocrx_word' id='word_1_32' title='bbox 331 583 483 644; x_wconf 88' lang='lat' dir='ltr'><strong>traiceret.</strong></span> <span class='ocrx_word' id='word_1_33' title='bbox 524 577 661 641; x_wconf 84' lang='lat' dir='ltr'><strong>dimissis</strong></span> <span class='ocrx_word' id='word_1_34' title='bbox 675 578 757 654; x_wconf 87' lang='lat' dir='ltr'><strong>regis</strong></span> <span class='ocrx_word' id='word_1_35' title='bbox 771 576 880 652; x_wconf 88' lang='lat' dir='ltr'><strong>legatis</strong></span> <span class='ocrx_word' id='word_1_36' title='bbox 895 585 1067 639; x_wconf 86' lang='lat' dir='ltr'><strong>conventus</strong></span> <span class='ocrx_word' id='word_1_37' title='bbox 1082 574 1186 639; x_wconf 87' lang='lat' dir='ltr'><strong>eivita-</strong></span> 
     </span>
     <span class='ocr_line' id='line_1_5' title="bbox 207 660 1187 744; baseline -0.01 -13"><span class='ocrx_word' id='word_1_38' title='bbox 207 677 272 731; x_wconf 89' lang='lat' dir='ltr'><strong>tum</strong></span> <span class='ocrx_word' id='word_1_39' title='bbox 286 668 483 744; x_wconf 82' lang='lat' dir='ltr'><strong>gentiumque</strong></span> <span class='ocrx_word' id='word_1_40' title='bbox 496 671 545 725; x_wconf 89' lang='lat' dir='ltr'><strong>est</strong></span> <span class='ocrx_word' id='word_1_41' title='bbox 558 663 664 723; x_wconf 91' lang='lat' dir='ltr'><strong>haberi</strong></span> <span class='ocrx_word' id='word_1_42' title='bbox 678 668 825 737; x_wconf 69' lang='lat' dir='ltr'><strong>coeptus,</strong></span> <span class='ocrx_word' id='word_1_43' title='bbox 838 676 941 737; x_wconf 91' lang='lat' dir='ltr'><strong>eoque</strong></span> <span class='ocrx_word' id='word_1_44' title='bbox 954 660 1103 723; x_wconf 85' lang='lat' dir='ltr'><strong>matmius</strong></span> <span class='ocrx_word' id='word_1_45' title='bbox 1117 677 1187 736; x_wconf 89' lang='lat' dir='ltr'><strong>per·</strong></span> 
     </span>
     <span class='ocr_line' id='line_1_6' title="bbox 208 742 1187 828; baseline -0.008 -14"><span class='ocrx_word' id='word_1_46' title='bbox 208 752 371 828; x_wconf 77' lang='lat' dir='ltr'><strong>agebatur,</strong></span> <span class='ocrx_word' id='word_1_47' title='bbox 388 749 473 826; x_wconf 92' lang='lat' dir='ltr'><strong>quod</strong></span> <span class='ocrx_word' id='word_1_48' title='bbox 486 748 612 809; x_wconf 83' lang='lat' dir='ltr'><strong>decreto</strong></span> <span class='ocrx_word' id='word_1_49' title='bbox 627 746 736 807; x_wconf 90' lang='lat' dir='ltr'><strong>decem</strong></span> <span class='ocrx_word' id='word_1_50' title='bbox 749 746 921 822; x_wconf 79' lang='lat' dir='ltr'><strong>legatorum</strong></span> <span class='ocrx_word' id='word_1_51' title='bbox 934 743 1073 806; x_wconf 86' lang='lat' dir='ltr'><strong>civitates</strong></span> <span class='ocrx_word' id='word_1_52' title='bbox 1089 742 1187 806; x_wconf 88' lang='lat' dir='ltr'><strong>nomi—</strong></span> 
     </span>
    </p>
   </div>
   <div class='ocr_carea' id='block_1_3' title="bbox 207 827 1188 1995">
    <p class='ocr_par' dir='ltr' id='par_1_3' title="bbox 207 827 1188 1995">
     <span class='ocr_line' id='line_1_7' title="bbox 208 827 1187 910; baseline -0.008 -14"><span class='ocrx_word' id='word_1_53' title='bbox 208 833 303 896; x_wconf 92' lang='lat' dir='ltr'><strong>natim</strong></span> <span class='ocrx_word' id='word_1_54' title='bbox 323 831 605 910; x_wconf 84' lang='lat' dir='ltr'><strong>pronuntiabantur.</strong></span> <span class='ocrx_word' id='word_1_55' title='bbox 641 827 758 891; x_wconf 87' lang='lat' dir='ltr'><strong>Orestis</strong></span> <span class='ocrx_word' id='word_1_56' title='bbox 772 861 814 873; x_wconf 93' lang='lat'>—</span> <span class='ocrx_word' id='word_1_57' title='bbox 827 827 1032 889; x_wconf 76' lang='lat' dir='ltr'><strong>Macedonum</strong></span> <span class='ocrx_word' id='word_1_58' title='bbox 1052 845 1091 891; x_wconf 89' lang='lat' dir='ltr'><strong>ea</strong></span> <span class='ocrx_word' id='word_1_59' title='bbox 1110 844 1187 905; x_wconf 90' lang='lat' dir='ltr'><strong>gens</strong></span> 
     </span>
     <span class='ocr_line' id='line_1_8' title="bbox 208 912 1184 993; baseline -0.008 -12"><span class='ocrx_word' id='word_1_60' title='bbox 208 928 258 981; x_wconf 89' lang='lat' dir='ltr'><strong>est</strong></span> <span class='ocrx_word' id='word_1_61' title='bbox 270 952 322 991; x_wconf 90' lang='lat'><strong>—,</strong></span> <span class='ocrx_word' id='word_1_62' title='bbox 338 917 423 993; x_wconf 93' lang='lat' dir='ltr'><strong>quod</strong></span> <span class='ocrx_word' id='word_1_63' title='bbox 436 913 526 992; x_wconf 90' lang='lat' dir='ltr'><strong>primi</strong></span> <span class='ocrx_word' id='word_1_64' title='bbox 539 915 578 974; x_wconf 90' lang='lat' dir='ltr'><strong>ab</strong></span> <span class='ocrx_word' id='word_1_65' title='bbox 589 929 664 989; x_wconf 88' lang='lat' dir='ltr'><strong>rege</strong></span> <span class='ocrx_word' id='word_1_66' title='bbox 678 913 880 986; x_wconf 87' lang='lat' dir='ltr'><strong>deiecissent,</strong></span> <span class='ocrx_word' id='word_1_67' title='bbox 895 927 971 973; x_wconf 90' lang='lat' dir='ltr'><strong>suae</strong></span> <span class='ocrx_word' id='word_1_68' title='bbox 985 913 1071 988; x_wconf 88' lang='lat' dir='ltr'><strong>leges</strong></span> <span class='ocrx_word' id='word_1_69' title='bbox 1085 912 1184 973; x_wconf 87' lang='lat' dir='ltr'><strong>reddi-</strong></span> 
     </span>
     <span class='ocr_line' id='line_1_9' title="bbox 207 994 1185 1076; baseline -0.007 -12"><span class='ocrx_word' id='word_1_70' title='bbox 207 1011 268 1064; x_wconf 83' lang='lat' dir='ltr'><strong>tae.</strong></span> <span class='ocrx_word' id='word_1_71' title='bbox 288 1001 448 1076; x_wconf 83' lang='lat' dir='ltr'><strong>Magnetes</strong></span> <span class='ocrx_word' id='word_1_72' title='bbox 463 1004 494 1058; x_wconf 94' lang='lat' dir='ltr'><strong>et</strong></span> <span class='ocrx_word' id='word_1_73' title='bbox 505 997 670 1058; x_wconf 78' lang='lat' dir='ltr'><strong>Perrhaebi</strong></span> <span class='ocrx_word' id='word_1_74' title='bbox 680 996 858 1072; x_wconf 87' lang='lat' dir='ltr'><strong>etDolopes</strong></span> <span class='ocrx_word' id='word_1_75' title='bbox 871 994 960 1063; x_wconf 85' lang='lat' dir='ltr'><strong>liberi</strong></span> <span class='ocrx_word' id='word_1_76' title='bbox 975 1011 1102 1072; x_wconf 93' lang='lat' dir='ltr'><strong>quoque</strong></span> <span class='ocrx_word' id='word_1_77' title='bbox 1114 1011 1185 1071; x_wconf 88' lang='lat' dir='ltr'><strong>pro-</strong></span> 
     </span>
     <span class='ocr_line' id='line_1_10' title="bbox 208 1076 1184 1157; baseline -0.006 -13"><span class='ocrx_word' id='word_1_78' title='bbox 208 1082 346 1145; x_wconf 91' lang='lat' dir='ltr'><strong>nuntiati.</strong></span> <span class='ocrx_word' id='word_1_79' title='bbox 367 1082 585 1144; x_wconf 82' lang='lat' dir='ltr'><strong>Thessalorum</strong></span> <span class='ocrx_word' id='word_1_80' title='bbox 598 1080 683 1157; x_wconf 89' lang='lat' dir='ltr'><strong>genti</strong></span> <span class='ocrx_word' id='word_1_81' title='bbox 693 1076 995 1157; x_wconf 85' lang='lat' dir='ltr'><strong>praeterlibertatem</strong></span> <span class='ocrx_word' id='word_1_82' title='bbox 1005 1094 1184 1141; x_wconf 80' lang='lat' dir='ltr'><strong>concessae.</strong></span> 
     </span>
     <span class='ocr_line' id='line_1_11' title="bbox 208 1162 1184 1240; baseline -0.005 -13"><span class='ocrx_word' id='word_1_83' title='bbox 208 1165 327 1227; x_wconf 83' lang='lat' dir='ltr'><strong>Achaei</strong></span> <span class='ocrx_word' id='word_1_84' title='bbox 339 1163 499 1228; x_wconf 71' lang='lat' dir='ltr'><strong>Phthiotae</strong></span> <span class='ocrx_word' id='word_1_85' title='bbox 514 1164 592 1240; x_wconf 89' lang='lat' dir='ltr'><strong>dati,</strong></span> <span class='ocrx_word' id='word_1_86' title='bbox 608 1163 722 1226; x_wconf 84' lang='lat' dir='ltr'><strong>Thebis</strong></span> <span class='ocrx_word' id='word_1_87' title='bbox 736 1162 914 1226; x_wconf 79' lang='lat' dir='ltr'><strong>Phthioticis</strong></span> <span class='ocrx_word' id='word_1_88' title='bbox 928 1169 958 1224; x_wconf 92' lang='lat' dir='ltr'><strong>et</strong></span> <span class='ocrx_word' id='word_1_89' title='bbox 970 1162 1117 1224; x_wconf 68' lang='lat' dir='ltr'><strong>Pharsdo</strong></span> <span class='ocrx_word' id='word_1_90' title='bbox 1132 1178 1184 1224; x_wconf 86' lang='lat' dir='ltr'><strong>ex·</strong></span> 
     </span>
     <span class='ocr_line' id='line_1_12' title="bbox 209 1247 1187 1326; baseline -0.005 -14"><span class='ocrx_word' id='word_1_91' title='bbox 209 1257 309 1326; x_wconf 84' lang='lat' dir='ltr'><strong>cepta.</strong></span> <span class='ocrx_word' id='word_1_92' title='bbox 347 1250 477 1311; x_wconf 90' lang='lat' dir='ltr'><strong>Aetolos</strong></span> <span class='ocrx_word' id='word_1_93' title='bbox 497 1248 537 1309; x_wconf 91' lang='lat' dir='ltr'><strong>de</strong></span> <span class='ocrx_word' id='word_1_94' title='bbox 550 1248 696 1310; x_wconf 86' lang='lat' dir='ltr'><strong>Pharsalo</strong></span> <span class='ocrx_word' id='word_1_95' title='bbox 714 1256 746 1310; x_wconf 88' lang='lat' dir='ltr'><strong>et</strong></span> <span class='ocrx_word' id='word_1_96' title='bbox 763 1247 907 1309; x_wconf 88' lang='lat' dir='ltr'><strong>Leucade</strong></span> <span class='ocrx_word' id='word_1_97' title='bbox 925 1247 1134 1324; x_wconf 83' lang='lat' dir='ltr'><strong>postulantes,</strong></span> <span class='ocrx_word' id='word_1_98' title='bbox 1153 1254 1187 1307; x_wconf 90' lang='lat' dir='ltr'><strong>ut</strong></span> 
     </span>
     <span class='ocr_line' id='line_1_13' title="bbox 208 1328 1186 1407; baseline -0.004 -12"><span class='ocrx_word' id='word_1_99' title='bbox 208 1350 250 1395; x_wconf 88' lang='lat' dir='ltr'><strong>ex</strong></span> <span class='ocrx_word' id='word_1_100' title='bbox 270 1334 397 1395; x_wconf 86' lang='lat' dir='ltr'><strong>loedere</strong></span> <span class='ocrx_word' id='word_1_101' title='bbox 418 1332 477 1393; x_wconf 90' lang='lat' dir='ltr'><strong>sibi</strong></span> <span class='ocrx_word' id='word_1_102' title='bbox 501 1331 748 1407; x_wconf 85' lang='lat' dir='ltr'><strong>restituerentur,</strong></span> <span class='ocrx_word' id='word_1_103' title='bbox 772 1332 814 1392; x_wconf 93' lang='lat' dir='ltr'><strong>ad</strong></span> <span class='ocrx_word' id='word_1_104' title='bbox 838 1338 979 1394; x_wconf 86' lang='lat' dir='ltr'><strong>senatum</strong></span> <span class='ocrx_word' id='word_1_105' title='bbox 1004 1328 1186 1394; x_wconf 85' lang='lat' dir='ltr'><strong>reiecerunt.</strong></span> 
     </span>
     <span class='ocr_line' id='line_1_14' title="bbox 207 1414 1187 1491; baseline 0 -14"><span class='ocrx_word' id='word_1_106' title='bbox 207 1417 385 1478; x_wconf 86' lang='lat' dir='ltr'><strong>Phocenses</strong></span> <span class='ocrx_word' id='word_1_107' title='bbox 398 1416 650 1491; x_wconf 86' lang='lat' dir='ltr'><strong>Locrensesque,</strong></span> <span class='ocrx_word' id='word_1_108' title='bbox 671 1416 751 1476; x_wconf 91' lang='lat' dir='ltr'><strong>sicut</strong></span> <span class='ocrx_word' id='word_1_109' title='bbox 765 1422 835 1491; x_wconf 84' lang='lat' dir='ltr'><strong>ante</strong></span> <span class='ocrx_word' id='word_1_110' title='bbox 849 1416 984 1491; x_wconf 85' lang='lat' dir='ltr'><strong>fuerant,</strong></span> <span class='ocrx_word' id='word_1_111' title='bbox 999 1414 1120 1476; x_wconf 88' lang='lat' dir='ltr'><strong>adiecta</strong></span> <span class='ocrx_word' id='word_1_112' title='bbox 1133 1414 1187 1477; x_wconf 88' lang='lat' dir='ltr'><strong>de·</strong></span> 
     </span>
     <span class='ocr_line' id='line_1_15' title="bbox 210 1495 1187 1575; baseline -0.003 -14"><span class='ocrx_word' id='word_1_113' title='bbox 210 1500 285 1562; x_wconf 90' lang='lat' dir='ltr'><strong>creti</strong></span> <span class='ocrx_word' id='word_1_114' title='bbox 299 1498 480 1561; x_wconf 88' lang='lat' dir='ltr'><strong>auctoritute</strong></span> <span class='ocrx_word' id='word_1_115' title='bbox 494 1496 532 1560; x_wconf 88' lang='lat' dir='ltr'><strong>iis</strong></span> <span class='ocrx_word' id='word_1_116' title='bbox 548 1496 787 1560; x_wconf 84' lang='lat' dir='ltr'><strong>contribuemmt</strong></span> <span class='ocrx_word' id='word_1_117' title='bbox 809 1497 971 1560; x_wconf 85' lang='lat' dir='ltr'><strong>Corinthus</strong></span> <span class='ocrx_word' id='word_1_118' title='bbox 985 1507 1018 1560; x_wconf 89' lang='lat' dir='ltr'><strong>et</strong></span> <span class='ocrx_word' id='word_1_119' title='bbox 1030 1495 1187 1575; x_wconf 78' lang='lat' dir='ltr'><strong>Triphylia</strong></span> 
     </span>
     <span class='ocr_line' id='line_1_16' title="bbox 209 1580 1188 1658; baseline -0.003 -13"><span class='ocrx_word' id='word_1_120' title='bbox 209 1591 240 1645; x_wconf 88' lang='lat' dir='ltr'><strong>et</strong></span> <span class='ocrx_word' id='word_1_121' title='bbox 258 1584 378 1645; x_wconf 89' lang='lat' dir='ltr'><strong>Heraea</strong></span> <span class='ocrx_word' id='word_1_122' title='bbox 402 1616 446 1631; x_wconf 83' lang='lat'><strong>-</strong></span> <span class='ocrx_word' id='word_1_123' title='bbox 468 1582 675 1658; x_wconf 88' lang='lat' dir='ltr'><strong>Peloponnesi</strong></span> <span class='ocrx_word' id='word_1_124' title='bbox 696 1589 727 1643; x_wconf 90' lang='lat' dir='ltr'><strong>et</strong></span> <span class='ocrx_word' id='word_1_125' title='bbox 745 1580 816 1657; x_wconf 90' lang='lat' dir='ltr'><strong>ipsa</strong></span> <span class='ocrx_word' id='word_1_126' title='bbox 835 1582 910 1643; x_wconf 89' lang='lat' dir='ltr'><strong>urbs</strong></span> <span class='ocrx_word' id='word_1_127' title='bbox 930 1589 979 1644; x_wconf 89' lang='lat' dir='ltr'><strong>est</strong></span> <span class='ocrx_word' id='word_1_128' title='bbox 1007 1617 1045 1628; x_wconf 92' lang='lat'><em>-</em></span> <span class='ocrx_word' id='word_1_129' title='bbox 1067 1580 1188 1642; x_wconf 84' lang='lat' dir='ltr'><strong>redditu</strong></span> 
     </span>
     <span class='ocr_line' id='line_1_17' title="bbox 208 1661 1186 1741; baseline -0.003 -14"><span class='ocrx_word' id='word_1_130' title='bbox 208 1668 353 1729; x_wconf 86' lang='lat' dir='ltr'><strong>Achaeis.</strong></span> <span class='ocrx_word' id='word_1_131' title='bbox 396 1666 507 1728; x_wconf 88' lang='lat' dir='ltr'><strong>Oreum</strong></span> <span class='ocrx_word' id='word_1_132' title='bbox 528 1673 559 1727; x_wconf 93' lang='lat' dir='ltr'><strong>et</strong></span> <span class='ocrx_word' id='word_1_133' title='bbox 577 1664 727 1727; x_wconf 84' lang='lat' dir='ltr'><strong>Eretriam</strong></span> <span class='ocrx_word' id='word_1_134' title='bbox 741 1665 849 1726; x_wconf 89' lang='lat' dir='ltr'><strong>decem</strong></span> <span class='ocrx_word' id='word_1_135' title='bbox 863 1663 956 1741; x_wconf 88' lang='lat' dir='ltr'><strong>legati</strong></span> <span class='ocrx_word' id='word_1_136' title='bbox 968 1661 1098 1727; x_wconf 84' lang='lat' dir='ltr'><strong>Eumeni</strong></span> <span class='ocrx_word' id='word_1_137' title='bbox 1110 1662 1186 1740; x_wconf 88' lang='lat' dir='ltr'><strong>regi,</strong></span> 
     </span>
     <span class='ocr_line' id='line_1_18' title="bbox 208 1746 1185 1826; baseline -0.003 -14"><span class='ocrx_word' id='word_1_138' title='bbox 208 1750 303 1812; x_wconf 81' lang='lat' dir='ltr'><strong>Attali</strong></span> <span class='ocrx_word' id='word_1_139' title='bbox 319 1750 399 1826; x_wconf 81' lang='lat' dir='ltr'><strong>illio,</strong></span> <span class='ocrx_word' id='word_1_140' title='bbox 420 1750 543 1811; x_wconf 87' lang='lat' dir='ltr'><strong>dabant.</strong></span> <span class='ocrx_word' id='word_1_141' title='bbox 585 1746 785 1810; x_wconf 88' lang='lat' dir='ltr'><strong>dissentiente</strong></span> <span class='ocrx_word' id='word_1_142' title='bbox 806 1749 946 1823; x_wconf 80' lang='lat' dir='ltr'><strong>Quinctio</strong></span> <span class='ocrx_word' id='word_1_143' title='bbox 961 1765 1000 1809; x_wconf 87' lang='lat' dir='ltr'><strong>ea</strong></span> <span class='ocrx_word' id='word_1_144' title='bbox 1012 1766 1074 1810; x_wconf 88' lang='lat' dir='ltr'><strong>una</strong></span> <span class='ocrx_word' id='word_1_145' title='bbox 1087 1764 1139 1810; x_wconf 89' lang='lat' dir='ltr'><strong>res</strong></span> <span class='ocrx_word' id='word_1_146' title='bbox 1154 1746 1185 1809; x_wconf 91' lang='lat' dir='ltr'><strong>in</strong></span> 
     </span>
     <span class='ocr_line' id='line_1_19' title="bbox 209 1830 1186 1895; baseline -0.003 -1"><span class='ocrx_word' id='word_1_147' title='bbox 209 1833 366 1895; x_wconf 90' lang='lat' dir='ltr'><strong>arbitrium</strong></span> <span class='ocrx_word' id='word_1_148' title='bbox 380 1840 506 1895; x_wconf 89' lang='lat' dir='ltr'><strong>senatus</strong></span> <span class='ocrx_word' id='word_1_149' title='bbox 519 1832 634 1895; x_wconf 89' lang='lat' dir='ltr'><strong>reiecta</strong></span> <span class='ocrx_word' id='word_1_150' title='bbox 647 1840 709 1894; x_wconf 76' lang='lat' dir='ltr'><strong>cst:</strong></span> <span class='ocrx_word' id='word_1_151' title='bbox 725 1842 851 1894; x_wconf 89' lang='lat' dir='ltr'><strong>senatus</strong></span> <span class='ocrx_word' id='word_1_152' title='bbox 866 1832 1035 1895; x_wconf 83' lang='lat' dir='ltr'><strong>libertatem</strong></span> <span class='ocrx_word' id='word_1_153' title='bbox 1048 1831 1097 1893; x_wconf 88' lang='lat' dir='ltr'><strong>his</strong></span> <span class='ocrx_word' id='word_1_154' title='bbox 1113 1830 1186 1892; x_wconf 88' lang='lat' dir='ltr'><strong>civi·</strong></span> 
     </span>
     <span class='ocr_line' id='line_1_20' title="bbox 209 1914 1187 1995; baseline -0.004 -16"><span class='ocrx_word' id='word_1_155' title='bbox 209 1916 323 1979; x_wconf 90' lang='lat' dir='ltr'><strong>tatibus</strong></span> <span class='ocrx_word' id='word_1_156' title='bbox 335 1916 429 1990; x_wconf 89' lang='lat' dir='ltr'><strong>dedit,</strong></span> <span class='ocrx_word' id='word_1_157' title='bbox 444 1917 573 1994; x_wconf 82' lang='lat' dir='ltr'><strong>Carysto</strong></span> <span class='ocrx_word' id='word_1_158' title='bbox 583 1917 713 1978; x_wconf 84' lang='lat' dir='ltr'><strong>adiecta</strong></span> <span class='ocrx_word' id='word_1_159' title='bbox 734 1915 874 1978; x_wconf 88' lang='lat' dir='ltr'><strong>Pleurato</strong></span> <span class='ocrx_word' id='word_1_160' title='bbox 885 1916 1065 1995; x_wconf 80' lang='lat' dir='ltr'><strong>Lychnidus</strong></span> <span class='ocrx_word' id='word_1_161' title='bbox 1076 1914 1187 1977; x_wconf 90' lang='lat' dir='ltr'><strong>etPar-</strong></span> 
     </span>
    </p>
   </div>
   <div class='ocr_carea' id='block_1_4' title="bbox 208 1997 1295 2078">
    <p class='ocr_par' dir='ltr' id='par_1_4' title="bbox 208 1997 1295 2078">
     <span class='ocr_line' id='line_1_21' title="bbox 208 1997 1295 2078; baseline 0 -18"><span class='ocrx_word' id='word_1_162' title='bbox 208 1999 285 2061; x_wconf 87' lang='lat' dir='ltr'><strong>thini</strong></span> <span class='ocrx_word' id='word_1_163' title='bbox 305 1999 383 2061; x_wconf 80' lang='lat' dir='ltr'><strong>dati:</strong></span> <span class='ocrx_word' id='word_1_164' title='bbox 406 1999 579 2078; x_wconf 90' lang='lat' dir='ltr'><strong>Illyriorum</strong></span> <span class='ocrx_word' id='word_1_165' title='bbox 598 2008 729 2078; x_wconf 86' lang='lat' dir='ltr'><strong>utraque</strong></span> <span class='ocrx_word' id='word_1_166' title='bbox 748 2017 825 2077; x_wconf 85' lang='lat' dir='ltr'><strong>gens</strong></span> <span class='ocrx_word' id='word_1_167' title='bbox 841 2002 899 2063; x_wconf 91' lang='lat' dir='ltr'><strong>sub</strong></span> <span class='ocrx_word' id='word_1_168' title='bbox 921 1999 1043 2064; x_wconf 91' lang='lat' dir='ltr'><strong>dicione</strong></span> <span class='ocrx_word' id='word_1_169' title='bbox 1055 1997 1188 2077; x_wconf 92' lang='lat' dir='ltr'><strong>Philippi</strong></span> <span class='ocrx_word' id='word_1_170' title='bbox 1294 2044 1295 2053; x_wconf 44' lang='lat'><strong>,</strong></span> 
     </span>
    </p>
   </div>
   <div class='ocr_carea' id='block_1_5' title="bbox 148 2083 1187 2496">
    <p class='ocr_par' dir='ltr' id='par_1_5' title="bbox 148 2083 1187 2246">
     <span class='ocr_line' id='line_1_22' title="bbox 148 2083 1187 2162; baseline -0.001 -18"><span class='ocrx_word' id='word_1_171' title='bbox 148 2121 151 2126; x_wconf 96' lang='lat'>-</span> <span class='ocrx_word' id='word_1_172' title='bbox 209 2085 340 2146; x_wconf 85' lang='lat' dir='ltr'><strong>fuerant</strong></span> <span class='ocrx_word' id='word_1_173' title='bbox 361 2084 595 2162; x_wconf 80' lang='lat' dir='ltr'><strong>Amynandrum</strong></span> <span class='ocrx_word' id='word_1_174' title='bbox 605 2093 712 2147; x_wconf 87' lang='lat' dir='ltr'><strong>tenere</strong></span> <span class='ocrx_word' id='word_1_175' title='bbox 722 2083 880 2147; x_wconf 88' lang='lat' dir='ltr'><strong>iusserunt</strong></span> <span class='ocrx_word' id='word_1_176' title='bbox 890 2086 1025 2160; x_wconf 89' lang='lat' dir='ltr'><strong>castella,</strong></span> <span class='ocrx_word' id='word_1_177' title='bbox 1040 2101 1120 2162; x_wconf 89' lang='lat' dir='ltr'><strong>quac</strong></span> <span class='ocrx_word' id='word_1_178' title='bbox 1130 2100 1187 2160; x_wconf 88' lang='lat' dir='ltr'><strong>per</strong></span> 
     </span>
     <span class='ocr_line' id='line_1_23' title="bbox 208 2166 868 2246; baseline 0 -17"><span class='ocrx_word' id='word_1_179' title='bbox 208 2166 282 2229; x_wconf 90' lang='lat' dir='ltr'><strong>belli</strong></span> <span class='ocrx_word' id='word_1_180' title='bbox 296 2177 418 2245; x_wconf 90' lang='lat' dir='ltr'><strong>tempus</strong></span> <span class='ocrx_word' id='word_1_181' title='bbox 432 2167 572 2246; x_wconf 88' lang='lat' dir='ltr'><strong>Philippo</strong></span> <span class='ocrx_word' id='word_1_182' title='bbox 587 2177 678 2246; x_wconf 86' lang='lat' dir='ltr'><strong>capta</strong></span> <span class='ocrx_word' id='word_1_183' title='bbox 692 2169 868 2232; x_wconf 89' lang='lat' dir='ltr'><strong>ademisset.</strong></span> 
     </span>
    </p>

    <p class='ocr_par' dir='ltr' id='par_1_6' title="bbox 208 2250 1187 2496">
     <span class='ocr_line' id='line_1_24' title="bbox 274 2250 1186 2329; baseline 0.001 -16"><span class='ocrx_word' id='word_1_184' title='bbox 274 2290 278 2295; x_wconf 96' lang='lat'>-</span> <span class='ocrx_word' id='word_1_185' title='bbox 292 2253 413 2314; x_wconf 87' lang='lat' dir='ltr'>XXXV.</span> <span class='ocrx_word' id='word_1_186' title='bbox 433 2252 567 2315; x_wconf 87' lang='lat' dir='ltr'><strong>Dimisso</strong></span> <span class='ocrx_word' id='word_1_187' title='bbox 584 2261 739 2315; x_wconf 90' lang='lat' dir='ltr'><strong>conventu</strong></span> <span class='ocrx_word' id='word_1_188' title='bbox 753 2254 861 2314; x_wconf 89' lang='lat' dir='ltr'><strong>decem</strong></span> <span class='ocrx_word' id='word_1_189' title='bbox 874 2250 981 2328; x_wconf 87' lang='lat' dir='ltr'><strong>legati,</strong></span> <span class='ocrx_word' id='word_1_190' title='bbox 1004 2251 1107 2329; x_wconf 87' lang='lat' dir='ltr'><strong>partiti</strong></span> <span class='ocrx_word' id='word_1_191' title='bbox 1120 2270 1186 2314; x_wconf 90' lang='lat' dir='ltr'><strong>mu—</strong></span> 
     </span>
     <span class='ocr_line' id='line_1_25' title="bbox 209 2333 1187 2412; baseline 0 -15"><span class='ocrx_word' id='word_1_192' title='bbox 209 2336 260 2397; x_wconf 88' lang='lat' dir='ltr'><strong>nia</strong></span> <span class='ocrx_word' id='word_1_193' title='bbox 270 2333 349 2398; x_wconf 87' lang='lat' dir='ltr'><strong>inter</strong></span> <span class='ocrx_word' id='word_1_194' title='bbox 361 2353 405 2411; x_wconf 92' lang='lat' dir='ltr'><strong>se,</strong></span> <span class='ocrx_word' id='word_1_195' title='bbox 420 2337 461 2397; x_wconf 89' lang='lat' dir='ltr'><strong>ad</strong></span> <span class='ocrx_word' id='word_1_196' title='bbox 473 2336 649 2397; x_wconf 89' lang='lat' dir='ltr'><strong>liberandas</strong></span> <span class='ocrx_word' id='word_1_197' title='bbox 662 2353 737 2397; x_wconf 89' lang='lat' dir='ltr'><strong>suae</strong></span> <span class='ocrx_word' id='word_1_198' title='bbox 752 2336 885 2412; x_wconf 90' lang='lat' dir='ltr'><strong>quisque</strong></span> <span class='ocrx_word' id='word_1_199' title='bbox 896 2336 1031 2411; x_wconf 83' lang='lat' dir='ltr'><strong>regionis</strong></span> <span class='ocrx_word' id='word_1_200' title='bbox 1046 2337 1187 2401; x_wconf 84' lang='lat' dir='ltr'><strong>civitates</strong></span> 
     </span>
     <span class='ocr_line' id='line_1_26' title="bbox 208 2418 1180 2496; baseline 0 -16"><span class='ocrx_word' id='word_1_201' title='bbox 208 2419 428 2493; x_wconf 88' lang='lat' dir='ltr'><strong>discesserunt,</strong></span> <span class='ocrx_word' id='word_1_202' title='bbox 442 2419 474 2477; x_wconf 91' lang='lat' dir='ltr'><strong>P.</strong></span> <span class='ocrx_word' id='word_1_203' title='bbox 484 2419 631 2481; x_wconf 88' lang='lat' dir='ltr'><strong>Lentulus</strong></span> <span class='ocrx_word' id='word_1_204' title='bbox 641 2419 812 2496; x_wconf 82' lang='lat' dir='ltr'><strong>Bargylias,</strong></span> <span class='ocrx_word' id='word_1_205' title='bbox 825 2420 859 2480; x_wconf 91' lang='lat' dir='ltr'><strong>L.</strong></span> <span class='ocrx_word' id='word_1_206' title='bbox 872 2418 1033 2483; x_wconf 86' lang='lat' dir='ltr'><strong>Stertinius</strong></span> <span class='ocrx_word' id='word_1_207' title='bbox 1043 2420 1180 2495; x_wconf 85' lang='lat' dir='ltr'><strong>Hephae</strong></span> 
     </span>
    </p>
   </div>
   <div class='ocr_carea' id='block_1_6' title="bbox 114 2500 1185 2577">
    <p class='ocr_par' dir='ltr' id='par_1_7' title="bbox 114 2500 1185 2577">
     <span class='ocr_line' id='line_1_27' title="bbox 114 2500 1185 2577; baseline -0.001 -14"><span class='ocrx_word' id='word_1_208' title='bbox 114 2546 116 2549; x_wconf 87' lang='lat'>-</span> <span class='ocrx_word' id='word_1_209' title='bbox 209 2501 298 2563; x_wconf 89' lang='lat' dir='ltr'><strong>stiam</strong></span> <span class='ocrx_word' id='word_1_210' title='bbox 312 2510 342 2562; x_wconf 89' lang='lat' dir='ltr'><strong>et</strong></span> <span class='ocrx_word' id='word_1_211' title='bbox 354 2501 488 2562; x_wconf 88' lang='lat' dir='ltr'><strong>Thasum</strong></span> <span class='ocrx_word' id='word_1_212' title='bbox 503 2509 533 2560; x_wconf 91' lang='lat' dir='ltr'><strong>et</strong></span> <span class='ocrx_word' id='word_1_213' title='bbox 545 2500 692 2561; x_wconf 89' lang='lat' dir='ltr'><strong>Thraciae</strong></span> <span class='ocrx_word' id='word_1_214' title='bbox 706 2503 808 2577; x_wconf 87' lang='lat' dir='ltr'><strong>urbes,</strong></span> <span class='ocrx_word' id='word_1_215' title='bbox 820 2502 971 2564; x_wconf 89' lang='lat' dir='ltr'><strong>P.Villius</strong></span> <span class='ocrx_word' id='word_1_216' title='bbox 986 2511 1016 2564; x_wconf 91' lang='lat' dir='ltr'><strong>et</strong></span> <span class='ocrx_word' id='word_1_217' title='bbox 1028 2503 1062 2563; x_wconf 89' lang='lat' dir='ltr'><strong>L.</strong></span> <span class='ocrx_word' id='word_1_218' title='bbox 1073 2505 1185 2565; x_wconf 91' lang='lat' dir='ltr'><strong>Teren·</strong></span> 
     </span>
    </p>
   </div>
   <div class='ocr_carea' id='block_1_7' title="bbox 207 2581 1186 2816">
    <p class='ocr_par' dir='ltr' id='par_1_8' title="bbox 207 2581 1186 2816">
     <span class='ocr_line' id='line_1_28' title="bbox 208 2581 1182 2662; baseline 0.002 -17"><span class='ocrx_word' id='word_1_219' title='bbox 208 2583 268 2645; x_wconf 90' lang='lat' dir='ltr'><strong>tius</strong></span> <span class='ocrx_word' id='word_1_220' title='bbox 288 2586 329 2643; x_wconf 89' lang='lat' dir='ltr'><strong>ed</strong></span> <span class='ocrx_word' id='word_1_221' title='bbox 348 2599 453 2658; x_wconf 88' lang='lat' dir='ltr'><strong>regern</strong></span> <span class='ocrx_word' id='word_1_222' title='bbox 473 2581 675 2658; x_wconf 83' lang='lat' dir='ltr'><strong>Antiochum,</strong></span> <span class='ocrx_word' id='word_1_223' title='bbox 700 2584 753 2646; x_wconf 82' lang='lat' dir='ltr'><strong>Gn.</strong></span> <span class='ocrx_word' id='word_1_224' title='bbox 770 2584 929 2649; x_wconf 85' lang='lat' dir='ltr'><strong>Cornelius</strong></span> <span class='ocrx_word' id='word_1_225' title='bbox 949 2586 989 2647; x_wconf 93' lang='lat' dir='ltr'><strong>ad</strong></span> <span class='ocrx_word' id='word_1_226' title='bbox 1002 2585 1182 2662; x_wconf 83' lang='lat' dir='ltr'><strong>Philippum</strong></span> 
     </span>
     <span class='ocr_line' id='line_1_29' title="bbox 208 2664 1186 2746; baseline 0.003 -18"><span class='ocrx_word' id='word_1_227' title='bbox 208 2666 261 2741; x_wconf 89' lang='lat' dir='ltr'><strong>qui</strong></span> <span class='ocrx_word' id='word_1_228' title='bbox 276 2666 316 2726; x_wconf 89' lang='lat' dir='ltr'><strong>dc</strong></span> <span class='ocrx_word' id='word_1_229' title='bbox 330 2664 499 2727; x_wconf 78' lang='lat' dir='ltr'><strong>minoribus</strong></span> <span class='ocrx_word' id='word_1_230' title='bbox 513 2666 607 2728; x_wconf 89' lang='lat' dir='ltr'><strong>rebus</strong></span> <span class='ocrx_word' id='word_1_231' title='bbox 621 2667 712 2729; x_wconf 89' lang='lat' dir='ltr'><strong>editis</strong></span> <span class='ocrx_word' id='word_1_232' title='bbox 732 2668 883 2732; x_wconf 88' lang='lat' dir='ltr'><strong>mandatis</strong></span> <span class='ocrx_word' id='word_1_233' title='bbox 905 2676 1137 2746; x_wconf 85' lang='lat' dir='ltr'><strong>percunctatus,</strong></span> <span class='ocrx_word' id='word_1_234' title='bbox 1159 2668 1186 2731; x_wconf 87' lang='lat' dir='ltr'><strong>si</strong></span> 
     </span>
     <span class='ocr_line' id='line_1_30' title="bbox 207 2748 1186 2816; baseline 0.003 -6"><span class='ocrx_word' id='word_1_235' title='bbox 207 2748 371 2810; x_wconf 89' lang='lat' dir='ltr'><strong>eonsilium</strong></span> <span class='ocrx_word' id='word_1_236' title='bbox 391 2764 453 2809; x_wconf 91' lang='lat' dir='ltr'><strong>non</strong></span> <span class='ocrx_word' id='word_1_237' title='bbox 473 2750 546 2811; x_wconf 89' lang='lat' dir='ltr'><strong>utile</strong></span> <span class='ocrx_word' id='word_1_238' title='bbox 566 2752 667 2811; x_wconf 90' lang='lat' dir='ltr'><strong>solum</strong></span> <span class='ocrx_word' id='word_1_239' title='bbox 685 2752 743 2813; x_wconf 91' lang='lat' dir='ltr'><strong>sed</strong></span> <span class='ocrx_word' id='word_1_240' title='bbox 762 2752 853 2815; x_wconf 88' lang='lat' dir='ltr'><strong>etiam</strong></span> <span class='ocrx_word' id='word_1_241' title='bbox 874 2755 1007 2816; x_wconf 82' lang='lat' dir='ltr'><strong>salutare</strong></span> <span class='ocrx_word' id='word_1_242' title='bbox 1027 2751 1186 2814; x_wconf 88' lang='lat' dir='ltr'><strong>admittere</strong></span> 
     </span>
    </p>
   </div>
   <div class='ocr_carea' id='block_1_8' title="bbox 207 2831 1295 2913">
    <p class='ocr_par' dir='ltr' id='par_1_9' title="bbox 207 2831 1295 2913">
     <span class='ocr_line' id='line_1_31' title="bbox 207 2831 1295 2913; baseline -0.006 -21"><span class='ocrx_word' id='word_1_243' title='bbox 207 2831 333 2894; x_wconf 89' lang='lat' dir='ltr'><strong>amibus</strong></span> <span class='ocrx_word' id='word_1_244' title='bbox 354 2842 477 2909; x_wconf 88' lang='lat' dir='ltr'><strong>posset,</strong></span> <span class='ocrx_word' id='word_1_245' title='bbox 500 2849 570 2895; x_wconf 90' lang='lat' dir='ltr'><strong>oum</strong></span> <span class='ocrx_word' id='word_1_246' title='bbox 588 2851 644 2895; x_wconf 85' lang='lat' dir='ltr'><strong>rex</strong></span> <span class='ocrx_word' id='word_1_247' title='bbox 663 2834 777 2911; x_wconf 73' lang='lat' dir='ltr'><strong>gratim</strong></span> <span class='ocrx_word' id='word_1_248' title='bbox 800 2853 925 2913; x_wconf 88' lang='lat' dir='ltr'><strong>quoque</strong></span> <span class='ocrx_word' id='word_1_249' title='bbox 939 2845 1127 2899; x_wconf 68' lang='lat' dir='ltr'><strong>sectaturum</strong></span> <span class='ocrx_word' id='word_1_250' title='bbox 1140 2836 1181 2896; x_wconf 82' lang='lat' dir='ltr'><strong>di·</strong></span> <span class='ocrx_word' id='word_1_251' title='bbox 1294 2846 1295 2885; x_wconf 70' lang='lat'>5</span> 
     </span>
    </p>
   </div>
   <div class='ocr_carea' id='block_1_9' title="bbox 206 2915 1186 3247">
    <p class='ocr_par' dir='ltr' id='par_1_10' title="bbox 206 2915 1186 3247">
     <span class='ocr_line' id='line_1_32' title="bbox 209 2915 1184 2996; baseline 0.004 -20"><span class='ocrx_word' id='word_1_252' title='bbox 209 2923 300 2989; x_wconf 85' lang='lat' dir='ltr'><strong>caret,</strong></span> <span class='ocrx_word' id='word_1_253' title='bbox 317 2915 344 2977; x_wconf 90' lang='lat' dir='ltr'><strong>si</strong></span> <span class='ocrx_word' id='word_1_254' title='bbox 360 2915 434 2993; x_wconf 91' lang='lat' dir='ltr'><strong>quid</strong></span> <span class='ocrx_word' id='word_1_255' title='bbox 447 2918 531 2993; x_wconf 90' lang='lat' dir='ltr'><strong>quod</strong></span> <span class='ocrx_word' id='word_1_256' title='bbox 542 2919 572 2978; x_wconf 92' lang='lat' dir='ltr'><strong>in</strong></span> <span class='ocrx_word' id='word_1_257' title='bbox 584 2934 649 2979; x_wconf 88' lang='lat' dir='ltr'><strong>rsrn</strong></span> <span class='ocrx_word' id='word_1_258' title='bbox 661 2936 749 2980; x_wconf 90' lang='lat' dir='ltr'><strong>suam</strong></span> <span class='ocrx_word' id='word_1_259' title='bbox 760 2927 844 2983; x_wconf 88' lang='lat' dir='ltr'><strong>esset</strong></span> <span class='ocrx_word' id='word_1_260' title='bbox 854 2929 1058 2996; x_wconf 84' lang='lat' dir='ltr'><strong>expromeret,</strong></span> <span class='ocrx_word' id='word_1_261' title='bbox 1073 2934 1184 2994; x_wconf 87' lang='lat' dir='ltr'><strong>magno</strong></span> 
     </span>
     <span class='ocr_line' id='line_1_33' title="bbox 208 3000 1185 3080; baseline 0.002 -19"><span class='ocrx_word' id='word_1_262' title='bbox 208 3014 303 3075; x_wconf 89' lang='lat' dir='ltr'><strong>opere</strong></span> <span class='ocrx_word' id='word_1_263' title='bbox 317 3000 345 3059; x_wconf 88' lang='lat' dir='ltr'><strong>ei</strong></span> <span class='ocrx_word' id='word_1_264' title='bbox 364 3000 475 3075; x_wconf 89' lang='lat' dir='ltr'><strong>suasit,</strong></span> <span class='ocrx_word' id='word_1_265' title='bbox 498 3001 641 3077; x_wconf 88' lang='lat' dir='ltr'><strong>quoniam</strong></span> <span class='ocrx_word' id='word_1_266' title='bbox 662 3018 771 3078; x_wconf 89' lang='lat' dir='ltr'><strong>pacem</strong></span> <span class='ocrx_word' id='word_1_267' title='bbox 790 3004 1000 3080; x_wconf 88' lang='lat' dir='ltr'><strong>impetrasset,</strong></span> <span class='ocrx_word' id='word_1_268' title='bbox 1023 3004 1064 3064; x_wconf 88' lang='lat' dir='ltr'><strong>ad</strong></span> <span class='ocrx_word' id='word_1_269' title='bbox 1085 3002 1185 3065; x_wconf 84' lang='lat' dir='ltr'><strong>socie·</strong></span> 
     </span>
     <span class='ocr_line' id='line_1_34' title="bbox 206 3082 1186 3162; baseline 0.004 -18"><span class='ocrx_word' id='word_1_270' title='bbox 206 3090 298 3144; x_wconf 87' lang='lat' dir='ltr'><strong>tutem</strong></span> <span class='ocrx_word' id='word_1_271' title='bbox 312 3082 537 3161; x_wconf 85' lang='lat' dir='ltr'><strong>amicitiamque</strong></span> <span class='ocrx_word' id='word_1_272' title='bbox 548 3086 713 3161; x_wconf 87' lang='lat' dir='ltr'><strong>petendam</strong></span> <span class='ocrx_word' id='word_1_273' title='bbox 724 3086 854 3148; x_wconf 89' lang='lat' dir='ltr'><strong>mitteret</strong></span> <span class='ocrx_word' id='word_1_274' title='bbox 863 3089 993 3150; x_wconf 87' lang='lat' dir='ltr'><strong>Romam</strong></span> <span class='ocrx_word' id='word_1_275' title='bbox 1004 3088 1133 3162; x_wconf 91' lang='lat' dir='ltr'><strong>legatos,</strong></span> <span class='ocrx_word' id='word_1_276' title='bbox 1145 3102 1186 3148; x_wconf 88' lang='lat' dir='ltr'><strong>ne</strong></span> 
     </span>
     <span class='ocr_line' id='line_1_35' title="bbox 207 3164 1186 3247; baseline 0.006 -20"><span class='ocrx_word' id='word_1_277' title='bbox 207 3164 234 3227; x_wconf 89' lang='lat' dir='ltr'><strong>si</strong></span> <span class='ocrx_word' id='word_1_278' title='bbox 250 3165 324 3241; x_wconf 88' lang='lat' dir='ltr'><strong>quid</strong></span> <span class='ocrx_word' id='word_1_279' title='bbox 338 3168 509 3229; x_wconf 84' lang='lat' dir='ltr'><strong>Antiochus</strong></span> <span class='ocrx_word' id='word_1_280' title='bbox 524 3177 671 3243; x_wconf 88' lang='lat' dir='ltr'><strong>moveret,</strong></span> <span class='ocrx_word' id='word_1_281' title='bbox 687 3179 889 3246; x_wconf 85' lang='lat' dir='ltr'><strong>exspectasse</strong></span> <span class='ocrx_word' id='word_1_282' title='bbox 900 3179 931 3232; x_wconf 90' lang='lat' dir='ltr'><strong>et</strong></span> <span class='ocrx_word' id='word_1_283' title='bbox 942 3178 1114 3247; x_wconf 90' lang='lat' dir='ltr'><strong>temporum</strong></span> <span class='ocrx_word' id='word_1_284' title='bbox 1129 3186 1186 3246; x_wconf 91' lang='lat' dir='ltr'><strong>op·</strong></span> 
     </span>
    </p>
   </div>
   <div class='ocr_carea' id='block_1_10' title="bbox 205 3250 1295 3497">
    <p class='ocr_par' dir='ltr' id='par_1_11' title="bbox 205 3250 1295 3497">
     <span class='ocr_line' id='line_1_36' title="bbox 206 3250 1295 3331; baseline 0.004 -21"><span class='ocrx_word' id='word_1_285' title='bbox 206 3250 408 3324; x_wconf 76' lang='lat' dir='ltr'><strong>perennitates</strong></span> <span class='ocrx_word' id='word_1_286' title='bbox 431 3260 574 3327; x_wconf 88' lang='lat' dir='ltr'><strong>captasse</strong></span> <span class='ocrx_word' id='word_1_287' title='bbox 595 3253 636 3314; x_wconf 89' lang='lat' dir='ltr'><strong>ad</strong></span> <span class='ocrx_word' id='word_1_288' title='bbox 655 3252 863 3315; x_wconf 88' lang='lat' dir='ltr'><strong>rebellandum</strong></span> <span class='ocrx_word' id='word_1_289' title='bbox 878 3253 976 3315; x_wconf 89' lang='lat' dir='ltr'><strong>videri</strong></span> <span class='ocrx_word' id='word_1_290' title='bbox 989 3263 1108 3331; x_wconf 86' lang='lat' dir='ltr'><strong>posset</strong></span> <span class='ocrx_word' id='word_1_291' title='bbox 1144 3253 1185 3314; x_wconf 88' lang='lat' dir='ltr'><strong>ad</strong></span> <span class='ocrx_word' id='word_1_292' title='bbox 1233 3256 1236 3260; x_wconf 83' lang='grc'><strong>’</strong></span> <span class='ocrx_word' id='word_1_293' title='bbox 1294 3260 1295 3327; x_wconf 59' lang='grc' dir='ltr'>ᾖ</span> 
     </span>
     <span class='ocr_line' id='line_1_37' title="bbox 206 3331 1295 3413; baseline 0.006 -22"><span class='ocrx_word' id='word_1_294' title='bbox 206 3331 320 3407; x_wconf 88' lang='lat' dir='ltr'><strong>Tempe</strong></span> <span class='ocrx_word' id='word_1_295' title='bbox 334 3333 511 3396; x_wconf 87' lang='lat' dir='ltr'><strong>Thessalica</strong></span> <span class='ocrx_word' id='word_1_296' title='bbox 523 3334 683 3413; x_wconf 88' lang='lat' dir='ltr'><strong>Philippus</strong></span> <span class='ocrx_word' id='word_1_297' title='bbox 704 3346 753 3399; x_wconf 90' lang='lat' dir='ltr'><strong>est</strong></span> <span class='ocrx_word' id='word_1_298' title='bbox 772 3346 951 3400; x_wconf 86' lang='lat' dir='ltr'><strong>conventus.</strong></span> <span class='ocrx_word' id='word_1_299' title='bbox 996 3336 1133 3413; x_wconf 89' lang='lat' dir='ltr'><strong>quicum</strong></span> <span class='ocrx_word' id='word_1_300' title='bbox 1148 3352 1185 3398; x_wconf 90' lang='lat' dir='ltr'><strong>se</strong></span> <span class='ocrx_word' id='word_1_301' title='bbox 1294 3336 1295 3357; x_wconf 67' lang='lat'>¹</span> 
     </span>
     <span class='ocr_line' id='line_1_38' title="bbox 205 3411 1295 3497; baseline 0.005 -22"><span class='ocrx_word' id='word_1_302' title='bbox 205 3411 370 3478; x_wconf 88' lang='lat' dir='ltr'><strong>missurum</strong></span> <span class='ocrx_word' id='word_1_303' title='bbox 382 3419 535 3494; x_wconf 88' lang='lat' dir='ltr'><strong>extemplo</strong></span> <span class='ocrx_word' id='word_1_304' title='bbox 549 3419 667 3495; x_wconf 89' lang='lat' dir='ltr'><strong>legatos</strong></span> <span class='ocrx_word' id='word_1_305' title='bbox 678 3420 902 3497; x_wconf 87' lang='lat' dir='ltr'><strong>respondisset,</strong></span> <span class='ocrx_word' id='word_1_306' title='bbox 918 3420 1079 3483; x_wconf 85' lang='lat' dir='ltr'><strong>cornelius</strong></span> <span class='ocrx_word' id='word_1_307' title='bbox 1088 3418 1182 3482; x_wconf 84' lang='lat' dir='ltr'><strong>Ther-</strong></span> <span class='ocrx_word' id='word_1_308' title='bbox 1293 3412 1295 3440; x_wconf 76' lang='lat'><em>³</em></span> 
     </span>
    </p>
   </div>
   <div class='ocr_carea' id='block_1_11' title="bbox 205 3496 1295 3578">
    <p class='ocr_par' dir='ltr' id='par_1_12' title="bbox 205 3496 1295 3578">
     <span class='ocr_line' id='line_1_39' title="bbox 205 3496 1295 3578; baseline 0.008 -19"><span class='ocrx_word' id='word_1_309' title='bbox 205 3500 362 3578; x_wconf 83' lang='lat' dir='ltr'><strong>mopylas,</strong></span> <span class='ocrx_word' id='word_1_310' title='bbox 386 3499 439 3562; x_wconf 94' lang='lat' dir='ltr'><strong>ubi</strong></span> <span class='ocrx_word' id='word_1_311' title='bbox 460 3502 605 3578; x_wconf 83' lang='lat' dir='ltr'><strong>frequens</strong></span> <span class='ocrx_word' id='word_1_312' title='bbox 626 3503 772 3565; x_wconf 84' lang='lat' dir='ltr'><strong>Graeciae</strong></span> <span class='ocrx_word' id='word_1_313' title='bbox 787 3504 873 3566; x_wconf 89' lang='lat' dir='ltr'><strong>statis</strong></span> <span class='ocrx_word' id='word_1_314' title='bbox 889 3506 997 3567; x_wconf 91' lang='lat' dir='ltr'><strong>diebus</strong></span> <span class='ocrx_word' id='word_1_315' title='bbox 1013 3520 1086 3566; x_wconf 84' lang='lat' dir='ltr'><strong>esse</strong></span> <span class='ocrx_word' id='word_1_316' title='bbox 1101 3503 1181 3567; x_wconf 86' lang='lat' dir='ltr'><strong>solet</strong></span> <span class='ocrx_word' id='word_1_317' title='bbox 1293 3496 1295 3535; x_wconf 68' lang='lat'><em>⁸</em></span> 
     </span>
    </p>
   </div>
   <div class='ocr_carea' id='block_1_12' title="bbox 1293 3542 1295 3637">
    <p class='ocr_par' dir='ltr' id='par_1_13' title="bbox 1293 3542 1295 3661">
     <span class='ocr_line' id='line_1_40' title="bbox 1293 3542 1295 3637; baseline 0 24"><span class='ocrx_word' id='word_1_318' title='bbox 1293 3542 1295 3637; x_wconf 83' lang='lat' dir='ltr'><strong>l</strong></span> 
     </span>
    </p>
   </div>
   <div class='ocr_carea' id='block_1_13' title="bbox 0 0 1304 4000">
    <p class='ocr_par' dir='ltr' id='par_1_14' title="bbox 0 0 1304 4000">
     <span class='ocr_line' id='line_1_41' title="bbox 0 0 1304 4000; baseline 0 0"><span class='ocrx_word' id='word_1_319' title='bbox 0 0 1304 4000; x_wconf 95' lang='lat' dir='ltr'><strong> </strong></span> 
     </span>
    </p>
   </div>
  </div>
 </body>
</html>
