2600 4000
270 216 388 278 LIBER
401 216 533 278 XXXIII.
557 216 639 277 cAP.
651 225 679 280 9.
691 228 734 280 10.
747 228 789 281 11.
812 224 849 292 [a.
861 226 894 278 C.
907 226 967 294 19⁷]
1069 219 1109 283 91

131 370 224 447 paulo
246 375 316 429 aute
337 368 449 443 pedem
468 369 637 429 relerentes
653 374 726 428 tunc
738 369 818 428 ultro
833 369 945 431 territis
958 367 1113 433 instabant

129 451 333 530 patiebantur.
362 452 403 511 ad
416 450 477 512 hoc
490 453 561 513 loco
576 452 666 513 etiam
680 452 905 528 premebantur,
922 452 994 528 quia
1007 453 1113 528 iugum

129 551 170 601 ex
184 551 247 612 quo
262 541 489 611 pugnaverant,
512 536 584 596 dum
597 552 654 611 per
668 535 806 612 proclive
819 537 929 611 pulsos
943 536 1112 611 insequun-

128 627 188 694 tur,
202 619 391 680 tradiderant
404 619 487 681 hosti
499 620 538 680 ad
549 628 636 694 terga
647 636 705 681 sua
716 619 933 681 circumducto.
955 620 1114 695 paulisper

128 701 161 763 in
175 703 277 763 medio
296 702 395 776 caesi,
417 703 529 764 deiude
544 702 670 765 omissis
683 704 824 780 plerique
838 704 930 764 armis
946 712 1114 778 capessunt

129 787 244 862 lugam.
275 786 313 846 X.
341 785 501 863 Philippus
528 803 598 849 cum
621 789 731 864 paucis
757 788 893 862 peditum
915 786 1113 864 equitumque

129 871 228 947 primo
248 871 398 932 tumulum
419 872 557 933 altiorem
578 871 656 932 inter
671 878 791 932 ceteros
805 870 902 946 cepit,
923 878 958 933 ut
971 873 1114 946 specula·

127 962 226 1028 retur,
250 969 331 1030 quae
348 954 380 1013 in
401 956 591 1031 laevaparte
605 972 732 1016 suorum
746 955 981 1026 lortunaesset;
1002 955 1113 1015 deinde

129 1045 295 1114 postquam
310 1038 413 1113 fugam
428 1038 558 1100 effusam
573 1039 783 1100 animadvertit
793 1046 824 1100 et
836 1040 938 1100 omnia
950 1041 1031 1100 circa
1041 1038 1112 1113 iuga

129 1120 227 1196 signis
253 1130 344 1198 atque
369 1120 463 1183 armis
488 1124 620 1198 fulgere,
646 1130 710 1185 tum
735 1123 854 1198 etipse
877 1123 944 1183 acie
968 1123 1112 1183 excessit

130 1205 288 1280 Quinctius
314 1221 383 1267 cum
403 1206 567 1268 institisset
588 1207 783 1281 cedentibus,
809 1215 938 1282 repente
959 1207 1032 1282 quia
1053 1207 1109 1267 eri-

128 1296 239 1364 gentes
252 1289 359 1351 hastas
373 1289 563 1351 Macedonas
578 1298 792 1366 conspexerat,
809 1291 955 1365 quidnam
969 1298 1113 1366 pararent

128 1372 280 1448 incertus,
300 1374 460 1451 paulisper
479 1375 613 1436 novitate
633 1374 678 1435 rei
700 1374 856 1435 constituit
875 1374 980 1450 signam
1001 1373 1112 1435 deinde

129 1461 166 1516 ut
181 1454 299 1531 accepit
311 1457 393 1519 hunc
407 1474 523 1520 morem
538 1474 609 1519 esse
619 1458 824 1520 Macedonum
833 1456 1016 1519 tradentium
1029 1474 1110 1531 sese,

129 1553 262 1615 parcere
276 1540 362 1603 victis
377 1540 409 1602 in
424 1543 557 1604 animum
571 1542 712 1604 habebat.
735 1549 869 1605 ceterum
879 1543 918 1603 ab
930 1541 1046 1616 ignaris
1057 1540 1111 1600 mi·

129 1619 233 1683 litibus
245 1624 389 1687 omissam
400 1626 439 1686 ab
450 1626 539 1690 hoste
551 1643 693 1702 pugnam,
708 1633 739 1687 et
751 1626 825 1701 quid
836 1626 1003 1699 imperator
1013 1624 1111 1698 vellet,

129 1704 261 1781 impetus
274 1708 304 1770 in
321 1725 377 1772 eos
392 1716 441 1771 est
454 1712 562 1786 lactus,
577 1717 608 1770 et
621 1711 728 1786 primis
744 1709 844 1769 caesis
860 1708 953 1769 ceteri
968 1707 998 1766 in
1010 1708 1112 1782 lugam

128 1789 270 1868 dissipati
284 1801 364 1855 sunt.
384 1810 441 1854 rex
455 1794 555 1856 effuso
572 1811 666 1855 cursu
679 1794 793 1867 Tempe
808 1791 892 1867 petit.
919 1791 960 1851 ibi
975 1790 1016 1850 ad
1031 1791 1111 1851 Gon·

129 1889 188 1935 nos
209 1877 289 1936 diem
310 1893 404 1936 unum
424 1876 558 1939 substitit
577 1879 618 1938 ad
638 1875 856 1953 excipiendos,
877 1875 904 1936 si
926 1874 978 1951 qui
993 1875 1111 1951 proelio

128 1966 340 2035 superessem.
361 1959 491 2021 Romani
504 1963 638 2023 victores
653 1961 684 2021 in
697 1960 942 2023 castrahostium
954 1975 1012 2037 spe
1023 1975 1110 2035 prae-

128 2042 188 2103 dae
206 2047 396 2119 irrumpunt:
418 2058 456 2102 ea
474 2059 586 2118 magna
605 2046 666 2103 iam
685 2052 833 2119 exparte
853 2046 971 2119 direpta
991 2045 1030 2104 ab
1050 2045 1110 2103 Ae-

128 2125 202 2187 tolIs
216 2126 385 2185 inveniunt
413 2140 507 2185 caesa
521 2140 559 2185 eo
574 2126 624 2184 die
640 2133 709 2186 octo
723 2125 807 2184 milia
820 2126 961 2199 hostium,
978 2127 1112 2199 quinque

129 2213 231 2281 capta.
253 2222 294 2266 ex
307 2206 476 2269 victoribus
491 2206 677 2283 septingenti
691 2209 786 2267 terme
800 2208 987 2267 ceciderunt.
1008 2207 1036 2266 si
1049 2208 1111 2267 Va-

128 2290 204 2352 lerio
227 2289 280 2366 qui
301 2292 419 2365 credat,
442 2292 577 2352 omnium
593 2306 696 2353 rerum
709 2290 872 2353 immodice
885 2306 1045 2351 numerum
1058 2307 1105 2351 au-

127 2372 219 2450 genti,
237 2374 441 2450 quadraginta
454 2375 537 2436 milia
549 2375 683 2437 hostium
697 2391 735 2436 eo
751 2375 801 2436 die
815 2382 888 2436 sunt
898 2390 1006 2446 caesa;
1022 2384 1112 2450 capta

129 2456 223 2517 -ibi
237 2459 408 2521 modestius
429 2461 621 2521 mendacium
637 2466 685 2520 est
694 2493 738 2503 -
749 2461 887 2535 quinque
900 2458 983 2519 milia
997 2459 1111 2534 septin-

128 2542 218 2616 genti,
235 2542 324 2617 signa
338 2544 478 2605 militaria
492 2545 624 2606 ducenta
636 2544 934 2620 undequadraginta.
967 2542 1110 2604 claudius

129 2641 254 2700 quoque
269 2626 330 2688 duo
352 2634 382 2688 et
394 2628 518 2704 triginta
531 2628 613 2689 milia
626 2628 761 2690 hostium
775 2644 868 2689 caesa
881 2627 1000 2702 scribit,
1022 2636 1111 2704 capta

129 2715 272 2784 quattuor
291 2710 374 2772 milia
388 2718 419 2772 et
434 2719 598 2807 trecentos.
629 2728 688 2773 nos
702 2728 764 2773 non
778 2711 901 2774 minimo
917 2711 1110 2787 potissimum

128 2808 256 2854 numero
272 2794 475 2870 credidimus,
497 2796 554 2857 scd
567 2795 729 2874 Polybium
744 2796 842 2857 secuti
857 2812 974 2870 sumus,
989 2811 1051 2857 non
1065 2796 1109 2854 in·

131 2882 246 2936 certum
270 2884 426 2940 auctorem
452 2896 522 2940 curn
543 2879 679 2940 omnium
697 2879 904 2940 Romanarum
922 2894 1024 2939 rerum
1045 2886 1109 2940 tum

128 2961 296 3036 praecipue
309 2961 340 3021 in
357 2962 485 3023 Graecia
498 2970 662 3038 gestarum.

211 3043 261 3104 XI.
289 3043 448 3122 Phiiippus
470 3047 607 3108 collectis
627 3062 668 3107 ex
688 3048 775 3122 luga,
798 3046 850 3122 qul
869 3045 963 3108 variis
985 3045 1109 3107 casibus

129 3139 252 3202 pugnae
273 3129 414 3205 dlssipati
433 3131 565 3206 vestigia
579 3131 646 3192 eius
668 3130 766 3192 secuti
787 3131 922 3205 lucrant,
942 3129 1109 3204 missisque

127 3208 264 3271 Larisam
290 3212 331 3272 ad
357 3214 592 3276 commentarios
616 3216 721 3291 regios
746 3214 987 3290 comburendos,
1015 3228 1055 3273 ne
1079 3213 1107 3271 in

127 3292 262 3355 hostiurn
284 3296 422 3358 venirent
440 3304 637 3374 potestatem,
662 3299 693 3358 in
712 3298 924 3360 Macedoniam
946 3297 1108 3359 concessit

126 3376 286 3450 Quinctius
307 3381 437 3456 captivis
459 3382 638 3458 praedaque
659 3382 880 3457 venumdatis,
900 3379 1011 3457 partim
1024 3377 1109 3439 militi

127 3462 303 3536 concessis,
318 3463 455 3526 Larisam
470 3471 518 3526 est
531 3466 703 3542 proiectus,
723 3466 880 3527 hauddum
894 3464 969 3524 satis
984 3476 1109 3538 gnarus,
1124 3468 1127 3472 ’
