2600 4000
211 283 253 377 ἢ
362 281 479 342 LIBER
492 280 596 341 XXXI.
620 279 703 340 CAP.
718 287 762 340 25.
773 287 817 341 16.
836 282 921 352 [511.
933 284 1033 352 5552]

210 433 424 496 consultabant
437 432 476 491 de
486 431 568 491 bello
580 431 731 490 adversus
741 429 850 490 Nabim
861 436 1026 509 tyronatum
1035 431 1190 492 Lacedae

209 519 390 590 momorum,
407 514 460 592 qui
472 515 580 575 tralato
595 513 723 589 imperio
738 513 1005 589 aPhilopoemene
1020 514 1191 593 511055115-

210 604 289 676 dam,
297 615 493 678 nequaquam
504 613 610 673 parem
620 597 664 657 illi
675 598 793 672 ducem,
801 597 923 673 dilapsa
932 597 1189 659 cernensAchae

210 704 297 750 orum
308 685 431 760 auxilia,
437 682 699 756 redintegraverat
704 681 826 754 beNum,
834 697 989 757 agrosque
996 682 1192 744 finitimorum

209 771 359 842 vastabat,
375 774 405 827 et
418 768 478 826 iarn
492 766 620 825 urbibus
637 780 762 841 quoque
776 772 842 825 erat
856 764 1009 825 terribilis.
1038 766 1191 828 adversus
1296 818 1297 839 ,

209 856 290 916 hunc
314 853 434 912 hostem
461 864 530 909 cum
551 854 697 924 quantum
718 865 757 908 ex
779 865 903 925 quaque
924 848 1045 910 civitate
1064 848 1193 911 militum

211 939 394 1001 scriberetur
423 933 645 1008 consultarent,
673 931 832 1008 Philippus
861 933 1053 1007 dempturum
1080 947 1116 993 55
1144 933 1192 994 515

210 1037 323 1094 curam,
340 1019 424 1095 quod
438 1017 479 1076 ad
492 1016 598 1077 Nabim
614 1024 645 1078 et
658 1016 920 1078 Lacedaemonios
935 1017 1084 1092 attineret,
1102 1017 1191 1092 polli-

211 1107 298 1178 citus,
314 1119 371 1163 555
386 1108 501 1163 tautum
516 1116 608 1175 agros
624 1099 779 1161 sociorum
790 1099 1044 1176 populationibus
1055 1099 1192 1178 probibi-

209 1198 323 1263 turum,
349 1186 406 1247 sed
430 1192 578 1246 terrorem
603 1199 724 1244 omnem
744 1183 816 1244 bebi
836 1184 867 1243 in
887 1183 988 1260 ipsam
1007 1184 1192 1246 Laconicam
1296 1186 1297 1275 }

211 1276 303 1335 ducto
319 1287 356 1332 eo
372 1270 527 1345 extemplo
543 1268 680 1329 exercitu
694 1269 879 1330 balaturum.
914 1268 992 1329 haec
1007 1269 1104 1330 oratio
1120 1285 1192 1330 cum

209 1355 323 1432 ingenti
338 1356 474 1416 adsensu
485 1352 641 1414 hominum
653 1351 852 1427 acciperetur,
867 1352 930 1426 „ita
941 1359 1043 1414 tamen
1055 1369 1191 1429 aequum

209 1444 277 1501 est“
292 1439 390 1514 inquit
408 1453 477 1510 „me
491 1444 594 1498 vestra
607 1435 685 1496 meis
699 1436 792 1496 annis
806 1436 912 1511 tutari,
935 1452 1057 1497 nemea
1071 1436 1191 1499 interim

208 1524 361 1585 nudentur
376 1519 549 1598 praesidiis.
583 1520 695 1595 itaque,
716 1519 743 1579 si
756 1519 846 1580 vobis
860 1520 989 1597 videtur,
1003 1527 1121 1582 tantum
1134 1537 1191 1596 pa·

208 1616 273 1668 rate
293 1606 433 1680 militum,
455 1610 601 1681 quantum
624 1603 663 1664 ad
678 1602 790 1664 Oreum
804 1610 835 1664 et
849 1603 1024 1666 Chalcidem
1038 1611 1070 1665 et
1084 1605 1191 1666 Corin·

208 1693 292 1754 thum
315 1691 432 1751 tuenda
455 1689 530 1750 satis
555 1686 608 1760 sit,
635 1695 669 1748 ut
691 1686 768 1747 meis
794 1687 833 1746 ab
858 1694 945 1763 tergo
964 1689 1038 1748 tutis
1059 1704 1191 1750 secmus

208 1777 320 1836 bellum
340 1772 449 1834 Nabidi
478 1772 605 1832 inieram
626 1777 657 1831 et
675 1771 959 1832 Lacedaemoniis.“
996 1789 1058 1833 non
1085 1773 1192 1834 fefellit

207 1860 361 1932 Achaeos,
370 1874 431 1933 quo
443 1861 617 1931 spectasset
626 1862 688 1915 tam
698 1855 832 1929 benigna
842 1855 1019 1930 pollicitatio
1029 1855 1190 1917 auxilium·

210 1958 270 2017 que
284 1941 417 2002 oblatum
433 1940 583 1999 adversus
598 1938 876 1999 Lacedaemonios:
899 1939 930 1998 id
946 1940 1064 2016 quaeri,
1086 1947 1121 2001 ut
1135 1940 1191 2002 ob

209 2025 306 2086 sidem
327 2024 523 2084 Achaeorum
544 2023 730 2085 iuventutem
753 2023 899 2085 educeret
918 2039 959 2083 ex
973 2024 1191 2100 Peloponneso

208 2109 249 2169 ad
270 2108 445 2183 illigandam
459 2109 599 2169 Romano
613 2108 695 2169 bello
711 2114 841 2182 gentem.
869 2113 900 2168 et
913 2107 946 2167 id
962 2107 1086 2183 quidem
1101 2124 1190 2170 coar-

207 2207 302 2269 guere
318 2191 481 2271 Cycliadas
502 2199 627 2268 praetor
644 2192 839 2253 Achaeorum
859 2189 933 2250 nihil
954 2192 1081 2252 attinere
1093 2200 1190 2269 ratus,

207 2277 239 2339 id
253 2277 346 2337 modo
368 2293 437 2337 cum
452 2275 597 2352 dlxisset,
618 2292 680 2338 non
698 2275 791 2336 licere
805 2275 924 2350 legibus
937 2276 1134 2337 Achaeorum
1149 2277 1191 2337 de

207 2361 275 2421 aliis
295 2361 389 2421 rebus
408 2362 525 2420 reterre
547 2375 639 2435 quam
660 2365 788 2435 propter
803 2375 880 2434 quas
896 2361 1058 2420 convocati
1073 2367 1189 2435 essent,

206 2444 332 2505 decreto
354 2445 393 2505 de
415 2443 552 2503 exercitu
572 2443 712 2517 parando
730 2443 880 2504 adversus
896 2443 1004 2504 Nabim
1018 2445 1099 2505 iacto
1115 2459 1190 2504 con·

207 2528 308 2588 cilium
322 2528 438 2588 sortiter
449 2542 486 2585 55
496 2525 591 2584 libere
603 2524 740 2584 habitum
751 2526 872 2600 dimisit,
885 2527 964 2588 inter
974 2529 1188 2590 adsentatores

205 2610 309 2685 regios
326 2615 396 2668 ante
411 2623 478 2667 eam
493 2608 573 2669 (11551
587 2607 718 2668 habitus.
751 2608 919 2687 Philippus,
934 2628 1046 2687 magna
1062 2628 1119 2688 spe
1134 2612 1189 2673 de·

207 2694 325 2773 pulsus,
340 2692 519 2753 voluntariis
536 2692 645 2767 paucis
659 2691 804 2754 militibus
815 2696 997 2771 conscriptis
1012 2696 1189 2757 corinthum

207 2785 298 2854 atque
312 2776 343 2837 iu
357 2776 488 2837 Atticam
502 2781 613 2836 terram
626 2776 725 2840 rediit.

288 2860 395 2920 XXVI.
414 2858 472 2920 Per
482 2876 538 2922 eos
553 2860 640 2937 ipsos
653 2861 720 2923 dies
734 2861 845 2939 quibus
857 2862 1016 2940 Philippus
1028 2864 1058 2924 in
1069 2863 1189 2926 Achaia

207 2944 271 3019 luit,
286 2944 436 3005 Philocles
452 2946 626 3019 praelectus
640 2946 744 3020 regius
756 2962 795 3006 ex
805 2945 933 3009 Euboea
946 2949 1105 3023 profectus
1117 2963 1189 3009 cum

207 3027 328 3089 duobus
354 3027 475 3088 milibus
489 3029 638 3090 Thracum
652 3029 919 3107 Macedonumque
939 3033 979 3093 ad
994 3033 1187 3109 depopulan-

206 3112 264 3171 dos
278 3111 511 3174 Atheniensium
530 3114 608 3174 fines
629 3113 756 3188 regione
766 3114 921 3175 Eleusinis
943 3118 1053 3177 saltum
1069 3116 1187 3177 Cithae·

204 3194 289 3255 ronis
304 3198 507 3267 transcendit3
529 3197 600 3258 inde
615 3197 739 3258 dimidia
751 3205 835 3275 parte
845 3199 972 3260 militum
983 3200 1024 3260 ad
1034 3200 1187 3276 praedan-

205 3279 277 3338 dum
297 3280 413 3354 passim
435 3296 597 3356 peragras
613 3282 754 3358 dimissa,
777 3299 846 3343 oum
860 3291 948 3359 parte
962 3284 1031 3361 1555
1046 3286 1187 3346 55551155

204 3364 273 3423 1555
295 3364 335 3423 ad
349 3363 478 3425 insidias
495 3374 668 3440 opportuno
684 3367 839 3443 consedit,
858 3376 893 3429 ut
907 3370 934 3429 si
949 3384 988 3428 ex
1003 3371 1130 3430 castello
1147 3368 1186 3428 ab

202 3447 347 3508 Eleusine
361 3448 391 3508 in
406 3448 584 3523 praedantis
600 3466 675 3510 suos
689 3450 821 3525 impetus
836 3452 933 3527 fleret,
947 3460 1074 3529 repente
1085 3452 1186 3512 hostis
1296 3513 1297 3526 ,

203 3529 322 3592 eiiusos
344 3547 384 3591 ex
405 3532 573 3609 improviso
594 3533 775 3595 adoriretur.
803 3551 866 3595 non
886 3537 1022 3596 fefellere
1042 3535 1185 3597 insidiae
