2600 4000
316 248 433 311 LIBER
446 248 581 310 xxxnt.
598 246 682 310 GAP.
696 258 723 310 7.
738 256 766 316 8.
786 254 824 325 [a.
839 255 873 310 C.
891 258 954 326 197]
1083 258 1124 322 89

136 409 270 474 ctasset,
286 417 399 478 magna
413 408 503 477 parte
516 398 675 462 hominum
691 401 790 464 omnis
805 403 931 480 generis
945 407 1127 481 pabulatum

136 487 234 550 missa
248 486 439 562 aliquamdiu
454 485 546 561 inops
563 485 685 546 consilii
698 486 882 563 trepidavit;
911 487 1024 550 deinde
1038 500 1126 567 post·

137 569 352 650 quam'nuntii
376 569 548 642 instabant,
572 576 604 629 et
621 569 682 629 iam
704 569 776 647 iuga
795 570 946 632 montium
966 572 1128 637 detexerat

136 658 260 729 nebula,
276 653 352 715 etin
368 660 541 729 conspectu
556 660 645 715 erant
653 654 842 717 Macedones
857 654 889 715 in
903 659 1054 717 tumulum
1065 675 1127 719 ma·

137 742 222 802 xime
243 739 359 799 editum
379 739 460 799 inter
481 738 560 799 alios
585 738 754 814 compulsi,
775 740 846 801 icco
869 755 905 801 se
919 740 1018 816 magis
1034 758 1126 817 quam

137 823 234 886 armis
250 829 404 895 tutantes,
422 822 673 883 committendam
687 839 791 883 rerum
807 841 958 885 summam
974 823 1005 885 in
1022 825 1127 888 discri-

136 925 208 970 men
226 913 395 981 utcumque
409 912 511 981 ratus,
525 923 566 967 ne
580 905 680 983 partis
697 907 880 970 indefensae
894 909 1012 970 iactura
1027 908 1126 983 fleret,

136 993 368 1067 Athenagoram
389 988 512 1051 ducem
523 991 669 1051 mercede
689 990 880 1054 militantium
897 1010 967 1053 cum
984 993 1125 1055 omnibus

137 1083 261 1156 praeter
275 1075 410 1136 Thracas
426 1073 548 1136 auxiliis
564 1080 596 1135 et
610 1073 747 1151 equitatu
761 1075 967 1139 Macedonum
982 1094 1020 1138 ac
1031 1078 1114 1139 Thes

137 1164 275 1223 satorum
291 1158 390 1221 mittit.
421 1173 529 1219 eorum
547 1159 682 1220 adventu
703 1159 827 1236 depulsi
848 1161 887 1222 ab
907 1160 980 1238 iugo
995 1163 1118 1231 Romam

137 1263 201 1307 non
213 1250 285 1304 ante
296 1242 477 1304 restiterunt
489 1259 580 1318 quam
591 1241 623 1304 in
636 1243 808 1319 planiorem
816 1247 927 1306 vallem
940 1253 1125 1322 perventum

138 1335 196 1392 est.
229 1344 269 1388 ne
291 1327 392 1389 effusa
414 1327 652 1388 detruderentur
666 1329 755 1404 tuga,
777 1327 943 1404 plurimum
957 1330 988 1390 in
1003 1332 1125 1393 Aetolis

139 1411 293 1488 equitibus
313 1409 461 1488 praesidii
481 1410 547 1472 tuit.
582 1411 609 1472 is
629 1414 723 1487 longe
744 1419 807 1474 tum
824 1413 960 1491 optimus
982 1430 1081 1489 eques
1095 1415 1125 1476 in
1237 1462 1242 1470 .

141 1494 270 1558 Graecia
282 1502 363 1557 erat:
379 1494 485 1572 pedite
495 1493 576 1556 inter
586 1494 732 1557 finitimos
744 1497 957 1561 vincebantur.
971 1498 1050 1559 v111.
1063 1500 1126 1561 tae

139 1579 201 1644 tior
219 1595 269 1641 res
290 1596 382 1656 quam
408 1595 464 1656 pro
486 1595 639 1641 successu
660 1596 786 1658 pugnae
802 1580 955 1655 nuntiata,
983 1597 1053 1642 cum
1074 1582 1124 1643 alii

139 1680 234 1740 super
255 1665 333 1726 aiios
357 1670 554 1726 recurrentes
572 1680 610 1725 ex
624 1665 747 1741 proelio
763 1667 933 1725 clamarent
948 1666 1057 1740 fugere
1073 1681 1125 1741 pa-

139 1747 230 1811 vidos
247 1750 418 1825 Romanos,
435 1747 565 1809 invitum
582 1755 613 1809 et
624 1749 872 1809 cunctabundum
886 1754 918 1808 et
933 1747 1125 1809 dicentem*

138 1840 252 1895 temere
267 1831 346 1906 fieri,
360 1849 422 1894 non
438 1836 540 1894 locum
552 1832 609 1893 sibi
617 1834 752 1909 placere,
762 1848 823 1893 non
837 1839 971 1908 tempus,
983 1831 1125 1912 perpulit,

137 1925 171 1978 ut
190 1918 338 1979 educeret
359 1932 467 1977 omnes
488 1915 595 1991 copias
615 1918 646 1975 in
669 1916 778 1979 aciem.
804 1914 886 1977 idern
908 1924 940 1978 et
954 1919 1125 1992 Romanus,

137 2001 235 2079 magis
249 1998 438 2080 necessitate
452 2016 543 2074 quam
556 1998 723 2062 occasione
737 2018 860 2078 pugnae
876 2002 1032 2076 inductus,
1042 2003 1124 2064 feeit.

137 2086 282 2148 dextrum
294 2100 391 2144 cornu
399 2081 569 2155 elephantis
581 2088 653 2142 ante
665 2084 754 2159 signa
764 2084 922 2147 instructis
935 2088 966 2146 in
977 2086 1125 2148 subsidiis

137 2167 278 2242 reliquit;
304 2167 397 2225 laevo
413 2180 482 2225 cum
501 2163 584 2224 omni
600 2163 662 2223 levi
677 2172 830 2225 armatura
843 2166 1012 2229 inhostem
1030 2169 1125 2240 vadit,

138 2251 232 2313 simut
258 2248 429 2309 admonens
455 2262 523 2306 cum
551 2245 648 2306 isdem
677 2247 899 2309 Macedonibus
922 2257 1124 2326 pugnaturos,

139 2349 221 2411 quos
235 2333 277 2394 ad
298 2330 383 2409 Epiri
403 2333 526 2404 tauces,
549 2331 706 2392 montibus
728 2329 971 2409 fluminibusque
987 2341 1124 2412 saeptos,

136 2418 221 2479 victa
234 2415 366 2479 naturali
378 2416 558 2477 difficultate
569 2417 710 2476 iocorum
725 2415 920 2493 expulissent
931 2415 1061 2493 acieque
1073 2435 1125 2480 ex·

84 2576 88 2585 Ι
137 2509 347 2580 pugnassent3
370 2517 438 2563 cunr
454 2499 509 2572 iis,
531 2516 612 2575 quos
633 2500 666 2560 Ρ.
686 2499 815 2577 Sulpicii
830 2499 916 2578 prius
932 2503 1028 2563 ductu
1043 2499 1125 2564 obsi·

140 2586 251 2648 dentes
265 2588 296 2646 in
310 2587 482 2647 Eordaeam
498 2584 614 2646 aditum
631 2584 791 2649 vicissent
811 2587 894 2646 tama
907 2587 1043 2660 stetisse,
1059 2603 1123 2648 non

137 2669 465 2732 viribusitiacedoniae
478 2684 617 2743 regnum.
645 2685 714 2730 eam
729 2686 855 2746 quoque
871 2671 983 2732 famam
999 2672 1123 2733 tandem

139 2753 315 2817 evanuisse.
345 2753 404 2815 iam
427 2761 611 2830 perventum
627 2754 669 2812 ad
689 2771 766 2816 suos
788 2754 818 2815 in
834 2754 895 2816 ima
908 2757 991 2816 vaila
1005 2761 1123 2817 stantes

138 2845 213 2915 erat,
228 2840 279 2914 qui
293 2835 595 2901 adventu‘exercitus
610 2836 869 2914 imperatorisque
883 2855 1020 2915 pugnam
1034 2855 1123 2900 reno·

139 2929 228 2996 vant,
243 2923 419 3002 impetuque
433 2924 515 2983 facto
531 2937 640 2983 rursus
656 2929 798 2983 avertunt
811 2922 943 2985 hostem.
963 2922 1123 3000 Philippus

138 3021 208 3066 cum
225 3009 368 3069 caetratis
385 3014 416 3068 et
438 3023 536 3068 comu
550 3006 661 3066 dextro
677 3004 830 3082 peditum,
852 3006 1122 3068 roboreMacedo·

137 3089 199 3151 nici
213 3091 385 3164 exercitus,
409 3107 500 3167 quam
517 3089 699 3165 phalangem
714 3091 883 3163 vocabant,
906 3107 1006 3168 prope
1028 3106 1123 3151 cursu

138 3174 178 3234 ad
193 3174 314 3236 hostem
329 3174 430 3236 vadit:
445 3173 588 3236 Nicanori
601 3190 642 3234 ex
651 3175 830 3250 purpuratis
846 3173 908 3250 uni,
923 3181 958 3235 ut
970 3190 1039 3236 cum
1053 3173 1123 3235 reli-

139 3260 209 3334 quis
222 3259 319 3336 copiis
329 3257 490 3321 confestim
501 3266 660 3333 sequatur,
668 3258 707 3318 im
711 3265 808 3336 perat
820 3258 918 3336 primo
932 3258 1006 3320 utin
1018 3259 1121 3335 iugum

138 3342 254 3420 evasit,
275 3350 307 3405 et
325 3342 496 3405 iacentibus
511 3342 554 3403 ibi
567 3344 676 3419 paucis
691 3344 785 3404 armis
799 3342 1053 3420 corporibusque
1065 3341 1121 3402 ho·

137 3425 228 3488 stium
240 3428 388 3502 proelium
402 3444 439 3489 eo
452 3429 522 3489 loco
537 3427 634 3488 tuisse
648 3428 822 3504 pulsosque
836 3427 908 3488 inde
915 3428 1074 3487 Romanos
1089 3430 1121 3484 et

139 3511 273 3588 pugnari
294 3528 393 3589 prope
412 3519 511 3573 castra
536 3510 671 3573 hostium
691 3511 782 3588 vidit,
804 3509 919 3586 ingenti
937 3508 1051 3583 gaudio
1073 3512 1122 3566 est
