2600 4000
269 235 383 298 tibuit
397 236 558 298 xxxvnl.
582 236 663 297 CAP.
681 250 705 299 r.
728 244 806 311 [ac.
823 247 884 312 rea]
1003 240 1064 306 att

413 523 551 619 itit
594 524 732 618 tivi

364 676 418 736 AB
439 674 557 738 URBE
581 675 785 739 CONDITA

429 791 539 854 LIBER
560 792 720 855 xxxvtti.

106 1027 249 1088 tanaus.
285 1028 319 1080 ii.
331 1027 435 1078 Fulvius
452 1029 540 1080 consul
558 1030 586 1080 in
601 1030 680 1096 Epiro
693 1030 887 1081 Ambracienses
903 1032 1023 1082 obsessos
1040 1034 1065 1081 iu

137 1098 293 1152 bedlssouem
306 1097 413 1163 accepit,
425 1095 614 1163 Cephalleniam
625 1099 736 1165 subegit,
751 1099 849 1150 Aetolis
861 1100 1010 1166 perdomitis
1018 1114 1065 1165 pa-

137 1183 193 1220 cem
211 1167 289 1221 tecit.
316 1166 361 1217 Gn.
377 1164 486 1218 Manlius
503 1168 607 1233 consul,
626 1168 724 1236 collega
741 1168 805 1229 eius,
822 1168 999 1235 Gallograecos
1016 1170 1065 1220 To-

136 1236 287 1303 listobogios
304 1242 329 1287 ct
339 1235 494 1303 Tectosagos
510 1246 535 1288 et
543 1237 675 1299 Trocmos,
694 1238 738 1301 qui
747 1237 847 1289 Brenno
864 1238 928 1289 duee
941 1240 968 1289 ln
977 1239 1065 1290 Asiam

135 1306 295 1366 transierant,
313 1319 370 1356 oom
387 1304 438 1356 soii
455 1307 517 1357 citra
532 1306 642 1358 Taumm
659 1315 770 1358 montem
786 1321 837 1358 non
851 1316 976 1373 parerent,
992 1308 1063 1360 vicit.

135 1382 433 1509 talliatam
442 1375 665 1510 ribalta
676 1382 1066 1511 attitulatam&

136 1513 217 1565 ditor:
242 1528 308 1579 quas
325 1527 383 1564 cum
401 1513 556 1581 Ortiagoutis
572 1515 641 1582 regis
661 1513 881 1583 Gallograecorum
898 1530 965 1566 uxor
982 1515 1066 1577 inerit,

136 1582 238 1649 captiva
252 1583 426 1635 centurionem
441 1585 582 1649 custodem,
600 1584 645 1648 qui
659 1586 684 1634 ci
698 1585 752 1634 vim
761 1584 888 1648 intulerat,
908 1583 1009 1636 occidit.
1027 1582 1065 1632 lu-

136 1660 216 1702 strum
228 1665 245 1701 a
256 1652 405 1703 censoribus
424 1653 554 1704 conditum
569 1659 622 1704 est:
641 1667 718 1703 censa
735 1662 794 1703 aunt
809 1653 903 1703 civium
920 1651 1004 1716 capita
1019 1650 1066 1700 du-

134 1730 209 1771 centa
222 1721 406 1789 qulnquaginta
421 1731 478 1774 octo
487 1723 558 1774 milia
566 1729 591 1774 ct
604 1729 717 1772 trecenta
726 1721 817 1786 viginu
829 1726 894 1770 octo.
922 1733 980 1769 cum
991 1719 1066 1769 Aria·

136 1788 206 1840 rathe
223 1806 285 1858 rege
301 1789 479 1858 Cappadociae
501 1791 615 1843 amicitia
631 1789 718 1839 iuncta
735 1795 783 1839 est.
817 1787 863 1839 Cn.
882 1786 991 1838 Manlius
1007 1802 1066 1838 con-

135 1859 318 1912 tradicentibus
341 1860 430 1911 deccm
453 1859 560 1925 legatis,
585 1872 618 1908 ax
635 1870 743 1920 quorum
765 1856 872 1906 oonsilio
896 1855 987 1907 ioedus
1009 1870 1065 1906 cum

135 1926 262 1978 Antiocho
280 1928 479 1992 conscripserat,
498 1927 530 1975 de
550 1925 737 1990 Gallograecis,
760 1932 816 1974 acta
833 1939 880 1990 pro
898 1939 927 1975 se
944 1939 1024 1975 eausa
1040 1925 1066 1976 in

136 2003 242 2060 senatu,
260 1993 435 2060 triumphavit.
463 1992 549 2060 Scipio
568 1993 704 2044 Africanus
723 1992 765 2044 die
782 1994 807 2045 ei
823 1994 901 2052 dicta,
918 2002 946 2045 ut
964 1994 1065 2060 quidam

104 2113 106 2118 ,
134 2063 245 2124 andum,
262 2075 280 2112 a
297 2062 435 2121 Q.Petiliio
451 2063 553 2113 tribuno
570 2062 664 2128 plebis,
681 2071 710 2113 ut
727 2063 839 2126 qnidam,
854 2062 982 2128 aNaevio,
999 2064 1066 2127 quod

133 2130 230 2198 praetia
247 2131 412 2183 chntioclro
432 2138 505 2196 capta
522 2133 646 2182 aerarium
660 2131 812 2198 acuamur,
830 2139 966 2197 postquam
977 2131 999 2181 is
1012 2131 1066 2181 dies

135 2200 218 2265 veuit,
235 2209 356 2251 evocatus
374 2201 402 2251 in
418 2200 512 2250 Rostra
529 2198 596 2262 „hac
614 2200 676 2250 die“
694 2200 776 2264 inquit
792 2200 935 2263 „Quirites‚
964 2198 1067 2250 Cartha-

136 2270 223 2337 ginem
238 2269 322 2331 vici,“
341 2279 367 2320 et
383 2277 553 2336 prosequente
568 2268 665 2335 populo
685 2267 837 2335 Capitolium
855 2266 979 2321 ascendit.
1006 2268 1066 2319 iude

136 2353 169 2389 ne
181 2337 290 2404 amplius
306 2338 447 2390 tribuniciis
456 2338 556 2390 iniuriis
570 2347 714 2399 vexaretur,
732 2338 759 2388 in
768 2338 938 2391 voluntarium
948 2335 1066 2389 exsilium

135 2408 267 2458 Liternum
285 2409 419 2461 concessit.
447 2408 571 2459 incertum
583 2408 620 2459 ibi
636 2407 774 2459 aniiomac
791 2407 925 2459 damnetur
944 2407 989 2458 sita
1007 2421 1067 2456 nam

136 2478 192 2530 eius
209 2485 399 2529 mouumentum
424 2478 559 2542 utrobique
574 2477 632 2529 init.
668 2477 698 2528 L.
718 2476 805 2543 Scipio
820 2477 965 2542 Asiaticus,
989 2475 1067 2525 irater

134 2546 262 2613 amcam,
278 2547 368 2598 eodem
386 2546 519 2613 peculatus
536 2547 642 2598 crimirm
656 2556 790 2597 accusatus
807 2547 992 2610 damnatusque
1009 2559 1067 2595 cum

132 2618 159 2666 ln
176 2615 279 2667 vincula
296 2623 322 2666 et
339 2630 464 2668 carcerem
482 2616 624 2676 duceretur,
641 2616 680 2666 Tr.
701 2615 867 2683 Sempronius
880 2613 1006 2666 Gracchus
1023 2615 1067 2665 tri·

135 2686 220 2736 bunns
236 2684 327 2750 plebis,
345 2685 390 2748 qul
407 2694 482 2735 autea
490 2683 653 2750 Scipionibus
670 2686 788 2736 inimicus
806 2684 897 2744 iuerat,
915 2683 1066 2743 intercessit,

134 2761 160 2803 st
177 2752 210 2802 ob
226 2751 255 2802 iu
275 2751 427 2803 beneficium
450 2751 563 2802 Airicani
585 2752 662 2802 tiliam
685 2753 766 2808 duxit.
795 2769 854 2803 oum
877 2759 1024 2816 quaestores
1040 2752 1065 2801 iu

134 2824 203 2870 bona
220 2820 275 2869 cios
292 2820 395 2886 publice
411 2820 566 2886 possidenda
581 2821 654 2872 missi
671 2830 764 2882 essent,
782 2835 834 2873 non
843 2822 927 2872 motio
944 2821 971 2870 in
986 2820 1018 2871 iis
1028 2819 1066 2870 ui·

135 2890 188 2940 lum
203 2889 339 2955 ratigium
356 2888 479 2955 pecunim
495 2890 582 2956 regiae
600 2890 726 2956 apparuit,
741 2890 955 2954 seduequaqnam
968 2897 1066 2939 tantum

134 2958 265 3010 redactum
281 2968 391 3023 quantae
409 2972 525 3010 summac
545 2967 598 3009 crat
616 2959 756 3009 damnatus
788 2959 906 3010 collatam
922 2973 939 3009 a
956 2958 1066 3024 cognitis

134 3036 160 3080 et
176 3028 266 3079 amicis
283 3026 493 3078 innumerabilem
509 3028 644 3093 pecuniam
662 3029 778 3093 accipere
790 3027 884 3079 uoluit:
903 3042 969 3092 quae
979 3041 1065 3077 neces-

134 3097 202 3148 saria
219 3098 243 3147 ci
259 3104 331 3147 eraut
347 3097 382 3148 ad
398 3094 500 3163 cultum,
519 3096 658 3161 redempta.
767 3151 772 3159 ⁴

168 3230 192 3287 Ι.
211 3229 291 3290 Dum
305 3229 336 3289 iu
350 3228 426 3290 Asia
439 3229 553 3289 bellun
567 3228 691 3303 geritur,
708 3242 747 3288 ue
760 3226 791 3286 in
805 3223 927 3287 Aetolia
941 3226 1063 3302 quidem

84 3310 206 3387 quietae
225 3328 277 3373 res
297 3313 433 3388 inerant,
454 3311 606 3388 principio
626 3318 750 3386 agente
763 3309 966 3371 Athamanum
986 3315 1062 3371 orto.

17 3452 20 3461 .
83 3394 267 3456 Athamania
286 3411 325 3457 ea
346 3403 528 3472 tempestate
548 3397 640 3470 pulso
655 3394 856 3471 Amynandro
871 3393 929 3454 sub
943 3391 1062 3466 praete

83 3476 141 3539 ctis
153 3477 285 3555 Philippi
299 3480 384 3555 regio
399 3480 559 3542 tenebatur
573 3475 738 3552 praesidio,
755 3476 808 3551 qui
822 3475 956 3551 superbo
972 3481 1062 3547 atque
