2600 4000
180 219 221 283 14
326 218 442 277 LIBER
455 216 559 275 XXXI.
583 214 665 275 CAP.
682 225 725 276 15.
742 223 786 277 16.
809 221 846 288 [a.
862 220 897 273 U.
913 236 937 272 c.
952 220 1016 286 562]

179 367 312 433 Attalida
330 367 535 443 appellarent,
565 365 606 424 ad
627 364 734 425 decern
754 373 876 426 veteres
892 363 988 425 tribus
1002 365 1156 426 addenda.

178 462 209 515 et
221 449 412 513 Rhodiorum
425 450 561 526 populus
576 463 692 508 corona
706 464 801 510 aurea
821 447 940 509 virtutis
966 464 1039 524 ergo
1066 449 1162 508 dona·

180 546 244 611 tus,
269 533 441 609 civitasque
464 531 594 594 Rhodiis
620 532 706 607 data,
728 549 821 608 quem
845 532 886 592 ad
905 533 1030 592 modmn
1049 531 1163 594 Rhodii

178 620 264 698 prius
284 617 526 680 Atheniensibus
547 616 704 677 dederant.
740 617 911 677 secundum
934 616 1012 676 haec
1031 633 1089 676 rex
1109 618 1157 676 At·

179 706 257 767 talus
271 701 422 778 Aeginam
437 702 478 761 ad
494 702 626 760 classem
641 716 676 760 se
690 698 810 776 recipit,
823 698 937 760 Rhodii
952 699 1035 759 Ciam
1049 702 1088 760 ab
1100 702 1163 760 Ae·

178 788 270 865 gina,
303 787 375 847 inde
403 801 460 860 per
487 783 605 845 insulas
632 783 777 844 Rhodum
809 782 992 859 navigarunt
1020 784 1162 844 omnibus

179 880 301 950 praeter
313 870 452 930 Andrum
466 868 637 943 Parumque
659 875 689 928 et
709 867 877 945 Cythnum,
903 884 983 943 quac
997 867 1164 943 praesidiis

178 955 381 1019 Macedonum
395 953 586 1026 tenebantur,
606 950 638 1010 in
654 951 834 1013 societatem
847 950 993 1027 acceptis.
1027 953 1164 1013 Attalum

182 1038 317 1115 Aeginae
332 1035 419 1097 missi
433 1035 463 1095 in
479 1035 631 1096 Aetoliam
645 1034 758 1111 nuntii,
782 1034 1019 1112 exspectatique
1034 1035 1163 1096 indole

179 1122 256 1198 gali,
282 1119 471 1197 aliquamdiu
485 1118 560 1179 nihil
574 1127 716 1194 agentem
729 1128 865 1181 tenuere.
911 1129 942 1180 et
965 1135 1068 1195 neque
1092 1119 1164 1180 illos

179 1205 283 1268 excire
307 1207 348 1265 ad
364 1220 448 1264 arma
462 1201 575 1280 potnit,
604 1204 775 1277 gaudentes
799 1212 966 1278 utcumque
992 1202 1164 1280 composita

180 1307 249 1352 cum
262 1288 402 1365 Philippo
421 1304 514 1364 pace;
543 1285 657 1363 etipse
676 1287 861 1364 Rhodiique,
891 1305 968 1362 cnm,
990 1287 1017 1348 si
1037 1286 1160 1349 institis·

180 1382 250 1436 sent
262 1372 412 1448 Philippo,
429 1370 586 1447 egregium
600 1370 747 1433 liberatae
760 1388 818 1448 per
833 1388 868 1432 se
883 1370 1029 1432 Graeciae
1044 1371 1163 1433 titulum

179 1459 294 1519 habere
307 1455 490 1533 potuissent,
513 1453 658 1531 patiendo
679 1472 787 1516 rursus
802 1472 872 1517 eum
886 1455 917 1516 in
930 1457 1163 1533 Hellespontum

180 1541 310 1604 traicere
335 1548 601 1617 occupantemque
614 1537 762 1600 Thraciae
788 1547 963 1616 opportuna
985 1540 1055 1600 loca
1079 1539 1164 1600 vires

181 1625 336 1702 colligere,
361 1625 475 1686 bellum
499 1624 612 1696 aluere,
639 1621 830 1699 gloriamque
845 1623 912 1685 eius
927 1622 1007 1700 gesti
1020 1622 1162 1700 perlecti-

182 1727 243 1787 que
253 1708 401 1771 Romanis
416 1715 648 1770 concesserunt.

260 1795 341 1854 XVI.
362 1792 522 1868 Philippus
539 1790 636 1866 magis
649 1791 736 1867 regio
750 1790 851 1852 animo
863 1800 1013 1863 estusus;
1030 1790 1164 1866 quicum
1201 1847 1203 1850 Α

182 1878 315 1941 Attalum
327 1877 530 1951 Rhodiosque
544 1873 643 1935 hostis
659 1892 721 1936 non
736 1874 949 1950 sustinuisset,
970 1892 1010 1936 ne
1023 1876 1163 1936 Romano

182 1960 306 2038 quidam
322 1961 406 2037 quod
420 1958 595 2020 imminebat
608 1959 690 2020 bello
707 1958 844 2036 territus,
872 1959 1008 2021 Philocle
1029 1960 1163 2035 quodam

180 2062 220 2107 ex
235 2043 400 2121 praelectis
416 2043 482 2105 suis
497 2060 566 2104 cum
581 2045 703 2106 duobus
714 2044 836 2105 milibus
847 2045 993 2120 peditum,
1008 2043 1163 2120 equitibus

181 2127 321 2190 ducentis
332 2130 373 2189 ad
382 2129 580 2205 populandos
592 2127 827 2191 Atheniensium
838 2145 931 2204 agros
941 2127 1049 2203 misso,
1062 2129 1164 2189 classe

182 2212 291 2277 tradita
301 2212 467 2288 Heraclidi,
481 2221 515 2274 ut
528 2213 703 2274 Maroneam
720 2221 847 2290 peteret,
873 2211 943 2289 ipse
957 2221 1039 2274 terra
1052 2212 1164 2273 eodem

181 2315 252 2360 cum
266 2297 420 2373 expeditis
436 2298 558 2358 duobus
574 2295 696 2358 milibus
712 2298 858 2371 peditum,
880 2295 1034 2373 equitibus
1049 2297 1161 2356 ducen-

102 2416 105 2420 ›
180 2380 220 2443 tis
234 2380 344 2458 pergit.
383 2388 414 2441 et
426 2380 604 2441 Maroneam
620 2380 745 2455 quidem
759 2378 858 2455 primo
876 2380 992 2456 impetu
1006 2395 1163 2457 expugna·

184 2464 238 2536 vit3
254 2466 375 2524 Aenum
389 2463 462 2522 inde
477 2479 546 2523 cum
560 2478 672 2537 magno
686 2463 802 2536 labore,
817 2473 974 2539 postremo
990 2479 1046 2540 per
1059 2463 1162 2540 prodi-

181 2547 294 2609 tionem
319 2544 493 2607 Callimedis
507 2545 657 2621 praeiecti
676 2545 857 2620 Ptolemaei,
879 2547 970 2625 cepit.
1015 2547 1163 2623 deinceps

180 2629 241 2691 alia
256 2631 398 2704 castella,
421 2628 556 2706 Cypsela
570 2638 601 2691 et
613 2628 767 2691 Doriscon
781 2639 811 2692 ct
825 2629 1004 2704 Serrheum,
1021 2640 1163 2708 occupat.

179 2713 252 2774 inde
267 2729 453 2790 progressus
475 2714 515 2773 ad
536 2713 763 2774 Chersonesum
783 2715 931 2778 Elaeunte
944 2725 975 2778 et
987 2717 1163 2792 Alopecon-

179 2814 289 2859 nesum
313 2796 504 2859 tradentibus
529 2797 608 2873 ipsis
633 2797 752 2874 recipit.
802 2800 957 2876 Callipolis
984 2816 1108 2876 quoqne
1134 2808 1163 2859 et

179 2882 324 2960 Madytos
340 2880 453 2956 dedita,
467 2889 498 2943 et
513 2883 640 2943 castella
656 2884 807 2959 quaedam
821 2882 976 2958 ignobilia.
1018 2882 1163 2963 Abydeni

180 2982 218 3027 ne
234 2964 343 3041 legatis
359 2964 483 3040 quidem
496 2964 641 3026 admissis
655 2965 721 3043 regi
735 2976 840 3043 portas
853 2970 1036 3030 clauserunt.
1059 2985 1097 3028 ea
1107 2983 1162 3043 op-

180 3049 327 3127 pugnatio
339 3049 393 3111 diu
406 3049 579 3127 Philippum
593 3050 706 3122 tenuit;
728 3051 868 3127 eripique
889 3070 928 3112 ex
944 3052 1116 3126 obsidione,
1131 3050 1163 3111 ni

181 3142 337 3195 cessatum
359 3135 398 3195 ab
411 3135 514 3196 Attalo
531 3143 562 3195 et
575 3133 705 3195 Rhodiis
721 3137 807 3208 toret,
834 3144 1006 3210 potuerunt.
1040 3137 1162 3197 Attalus

180 3227 335 3280 trecentos
360 3226 477 3280 tantum
498 3218 609 3280 milites
626 3217 657 3278 in
673 3218 877 3295 praesidium,
901 3220 1015 3282 Rhodii
1040 3218 1161 3299 quadri·

179 3319 295 3363 remem
309 3319 402 3364 unam
422 3320 462 3364 ex
484 3304 600 3377 classe,
626 3319 696 3363 cum
715 3304 756 3362 ad
770 3305 925 3365 Tenedum
940 3313 1048 3381 staret,
1071 3300 1162 3364 mise·

179 3395 258 3448 runt.
290 3388 401 3448 eodem
421 3396 539 3462 postea,
567 3403 636 3447 cum
661 3386 722 3448 iam
745 3386 798 3449 vix
817 3388 1004 3450 sustinerent
1027 3386 1162 3450 obsidio-

181 3488 259 3547 nem,
274 3478 305 3533 ct
324 3470 393 3549 ipsa
414 3471 534 3532 Attalus
556 3487 625 3531 cum
639 3470 825 3545 traiecisset,
842 3488 930 3548 spem
945 3481 1060 3533 tantum
1076 3469 1159 3532 auxi·
