2600 4000
227 267 291 331 200
382 266 497 328 LIBER
507 266 627 327 XXXV.
648 267 731 328 CAP.
743 274 787 330 18.
798 274 843 330 29.
866 273 901 340 [a.
915 271 950 325 U.
962 289 988 326 c.
998 270 1062 338 66⁰]

226 419 378 495 utrimque
399 433 468 478 cum
488 417 644 493 praesidio
665 416 742 478 levis
762 425 934 479 armaturae
948 416 1053 494 aquati
1067 427 1155 490 sunta
1176 436 1207 483 et
1289 448 1294 459 ·

225 504 421 580 priusquam,
438 502 540 577 qualia
554 501 736 578 propinquis
753 502 992 575 coemissorem,
1009 502 1205 565 contrahere·

225 595 274 648 tur
290 593 459 652 certamen.
481 601 544 646 nox
556 584 726 645 intervenit.
754 592 881 661 postero
900 586 949 645 dle
964 586 1135 662 apparebat
1148 604 1205 663 pu·

224 672 379 748 gnandum
391 685 448 745 pro
461 668 660 743 aquatoribus
673 669 755 728 circa
765 667 866 729 rivum
876 685 957 729 esse.
981 675 1072 729 nocte
1082 670 1112 729 in
1125 673 1206 732 valle

224 772 244 817 a
258 763 429 829 conspectu
443 752 576 813 hostium
587 768 712 824 aversa,
729 760 872 827 quantam
884 752 1106 813 multitudinem
1117 755 1205 815 locus

225 840 367 900 occulere
381 843 514 912 poterat,
531 836 668 896 condidit
683 842 893 896 caetratorum.
926 836 1031 897 XXIX.
1054 837 1123 896 luce
1137 844 1207 898 orta

226 920 412 984 Cretensium
427 918 503 979 levis
518 927 673 980 amratura
685 926 716 980 et
727 919 880 978 Tarentini
898 919 1018 994 equites
1033 935 1129 995 super
1144 928 1205 983 tor-

225 1013 342 1066 rentem
353 1003 502 1078 proelium
514 1004 738 1063 commiserunt.
755 1004 967 1064 Telemnastus
980 1002 1135 1064 Cretensis
1147 1019 1206 1080 po·

225 1087 382 1165 pularibus
398 1087 478 1159 suis,
493 1086 647 1162 equitibus
662 1088 811 1165 Lycortas
822 1086 1100 1161 Megalopolitanus
1115 1103 1204 1163 prae-

225 1179 299 1232 erat
328 1170 489 1231 Cretenses
509 1176 540 1230 et
559 1170 693 1231 hostium
718 1170 883 1230 auxiliares
903 1169 1103 1246 equitumque
1123 1171 1204 1231 idem

224 1269 322 1330 genus
335 1252 488 1313 Tarentini
502 1254 658 1329 praesidio
674 1252 874 1329 aquatoribus
888 1260 984 1314 erant.
1017 1253 1205 1329 aliquamdiu

225 1337 348 1398 dubium
364 1337 513 1412 proelium
528 1338 583 1397 luit
592 1345 626 1398 ut
636 1336 747 1397 eodem
759 1353 798 1401 cx
810 1344 896 1412 parte
907 1344 1037 1419 utraque
1047 1336 1206 1400 hominum

224 1436 336 1497 genere
348 1427 379 1481 et
389 1419 481 1480 armis
494 1421 635 1495 paribus=
658 1421 845 1496 procedente
856 1419 1205 1483 certamineetnumero

224 1504 327 1565 vicere
341 1503 463 1585 tyranni
476 1503 656 1578 auxiliares,
671 1511 701 1564 et
716 1504 788 1578 quia
801 1505 842 1564 ita
857 1509 1056 1579 praeceptum
1071 1505 1205 1572 aPhilo-

226 1603 374 1665 poemene
385 1587 549 1663 praelectis
560 1594 639 1661 crat,
655 1595 688 1648 ut
698 1586 820 1647 modico
832 1587 914 1648 edito
926 1589 1045 1663 proelio
1057 1589 1087 1648 in
1101 1589 1203 1664 lugam
1296 1643 1297 1646 ,

225 1673 405 1734 inclinarent
417 1671 598 1746 hostemque
612 1671 653 1730 ad
668 1671 769 1731 locum
787 1670 966 1732 insidiarum
983 1672 1202 1746 pertraherent.

226 1756 325 1817 effuse
339 1755 438 1817 secuti
453 1753 604 1830 fugientes
620 1755 874 1830 personantem,
897 1754 1038 1830 plerique
1052 1762 1085 1815 et
1096 1758 1198 1818 vmne

225 1841 281 1901 rati
296 1848 326 1900 et
339 1840 487 1900 interlecti
502 1845 587 1913 sunt,
614 1838 794 1913 priusquam
816 1837 967 1899 occultum
983 1838 1104 1899 hostem
1118 1839 1202 1900 vide-

224 1931 300 1984 rent.
324 1922 446 1983 caetrati
461 1921 516 1997 ita,
538 1929 684 1996 quantum
706 1921 831 1982 latitudo
847 1921 934 1982 vallis
951 1922 1136 1997 patiebatur,
1158 1924 1202 1983 in-

226 2006 331 2068 structi
343 2008 502 2080 sederant,
516 2013 550 2067 ut
561 2007 649 2067 lacile
662 2021 718 2082 per
727 2007 885 2066 intervalla
896 2007 1036 2067 ordinum
1049 2007 1202 2082 fugientes
1297 2074 1298 2077 Ἴ

225 2106 300 2151 suos
314 2090 496 2166 acciperent.
518 2096 709 2165 consurgunt
718 2090 829 2151 deinde
840 2089 899 2165 ipsi
911 2088 1035 2165 integri,
1050 2098 1201 2162 recentes,

224 2171 377 2246 instructi;
399 2175 430 2234 in
445 2173 543 2235 hostis
558 2174 764 2248 inordinatos,
786 2171 920 2248 effusos,
944 2173 1049 2234 labore
1067 2174 1159 2235 etiam
1175 2182 1205 2235 et

225 2258 401 2321 vulneribus
422 2259 540 2332 fessos,
565 2258 711 2333 impeturn
731 2257 860 2317 iaciunta
881 2272 940 2317 nec
960 2257 1054 2317 dubia
1073 2258 1205 2318 victoria

225 2343 289 2405 luit.
312 2341 463 2417 extemplo
477 2347 564 2415 terga
584 2341 669 2401 dedit
687 2340 810 2419 tyranni
830 2339 933 2413 miles,
955 2347 986 2400 ct
1005 2340 1088 2402 haud
1110 2343 1203 2416 paulo

204 2429 207 2432 ’
225 2424 421 2487 concitatiore
446 2438 538 2483 cursu
560 2439 653 2498 quam
673 2430 798 2484 secutus
819 2432 885 2486 erat
908 2424 1029 2499 lugiens
1050 2425 1081 2484 in
1102 2432 1206 2486 castra
1298 2455 1299 2460 1

224 2514 273 2567 est
287 2508 481 2580 compulsus;
504 2505 588 2565 mulli
610 2505 694 2566 caesi
716 2508 859 2583 captique
874 2508 904 2568 in
920 2523 957 2567 ea
971 2509 1045 2583 luga
1065 2515 1145 2570 sunt.
1174 2515 1205 2569 et

195 2650 198 2654 .
224 2588 254 2650 in
275 2588 384 2649 castris
406 2602 531 2663 quoque
551 2586 631 2648 toret
650 2590 848 2665 trepidatum,
870 2592 900 2651 ni
914 2590 1134 2667 Philopoemen
1154 2606 1204 2651 re·

225 2671 325 2749 captui
340 2671 408 2731 cani
421 2671 580 2746 iussisset,
595 2671 665 2733 loca
679 2673 777 2748 magis
793 2676 991 2750 contragosa,
1008 2690 1204 2751 quacumque
1297 2709 1298 2726 l

225 2763 337 2816 temere
352 2753 560 2830 processisset
573 2755 692 2832 iniqua,
709 2774 801 2834 quam
815 2759 935 2820 hostem
949 2766 1099 2819 metuens.
1297 2751 1298 2776 ¹

306 2838 380 2899 Inde
394 2845 479 2915 etex
494 2840 616 2900 fortuna
630 2856 752 2916 pugnae
766 2848 797 2901 et
811 2856 850 2900 cx
864 2842 985 2917 ingenio
998 2842 1086 2902 ducis
1099 2839 1203 2901 conie·
1288 2909 1292 2918 ,

224 2929 310 2983 ctans
325 2922 354 2982 in
371 2939 433 2999 quo
447 2930 511 2984 tum
524 2923 551 2983 is
566 2940 683 2998 pavore
704 2931 802 3001 esset,
829 2941 923 2985 unum
945 2925 985 2984 de
1003 2924 1203 2985 auxiliaribus
1286 2963 1291 2974 -

116 3001 118 3004 ’
224 3007 329 3082 specie
349 3007 526 3082 transfugae
545 3006 633 3068 mittit
654 3008 694 3067 ad
715 3024 799 3081 eum,
821 3009 872 3084 qui
894 3024 951 3083 pro
972 3014 1131 3083 comperto
1146 3008 1202 3068 ad·
1293 3009 1296 3098 l

223 3091 315 3150 terret
328 3089 472 3151 Achaeos
486 3090 631 3151 statuisse
647 3098 772 3165 postero
792 3089 842 3151 die
863 3091 904 3151 ad
918 3092 1054 3153 Eurotan
1072 3106 1203 3165 earnem,
1294 3167 1295 3176 ἵ

223 3173 276 3247 qui
290 3188 388 3248 prope
403 3171 481 3248 ipsis
496 3173 604 3234 adfluit
623 3175 800 3249 moenibus,
824 3176 984 3250 progredi,
1006 3183 1040 3236 ut
1059 3175 1196 3236 interclu-
1291 3215 1294 3222 ι

223 3255 330 3332 dorent
349 3257 419 3330 iter,
440 3273 480 3317 ne
500 3265 552 3318 aut
571 3264 736 3334 tyrannus,
762 3273 830 3319 cum
850 3260 958 3333 vellet,
982 3266 1139 3334 receptam
1160 3258 1204 3317 ad

171 3360 174 3364 ’
222 3340 328 3400 urbem
342 3339 483 3416 haberet,
504 3348 556 3401 aut
577 3349 763 3402 commeatus
785 3342 823 3402 ab
845 3342 921 3403 urbe
935 3341 965 3402 ln
981 3350 1084 3403 castra
1099 3347 1203 3416 portu·

221 3430 341 3496 rentur,
363 3421 452 3483 simul
473 3423 563 3484 etiam
583 3430 798 3501 temptatums,
822 3427 848 3485 si
865 3441 995 3500 quorum
1010 3423 1101 3487 animi
1115 3423 1202 3486 solli·

109 3509 112 3514 '
221 3504 305 3567 citari
321 3506 362 3566 ad
376 3506 577 3568 deiectionem
592 3523 610 3567 a
624 3514 754 3585 tyranno
777 3515 916 3582 possent
944 3525 1005 3569 non
1026 3513 1087 3568 tam
1106 3507 1200 3568 iidem
1227 3550 1233 3560 -
