2600 4000
138 168 143 179 ·
301 225 416 286 LIBER
429 223 562 284 xxxiv.
583 219 667 282 cup.
682 229 725 285 19.
740 231 784 311 cn.
807 226 844 295 [a.
858 227 892 280 c.
908 227 969 295 les]
1004 201 1007 206 ’
1056 220 1114 286 ttt

139 379 252 441 Manlio
274 376 416 438 Celtiberi
434 374 577 434 mercede
597 371 689 433 exciti
709 372 747 432 ab
768 372 925 448 hostibus,
951 373 1030 435 sicut
1050 383 1119 435 ante

137 466 322 535 dictumest,
341 458 502 519 iaciebant.
535 458 639 533 itaque
655 472 692 517 eo
708 458 816 518 consul
831 457 999 517 arcessitus
1013 457 1119 519 litteris

138 545 289 624 praetoris
304 543 442 620 legiones
454 540 549 603 duxit.
572 540 624 601 uhi
636 556 674 600 eo
686 539 777 616 venit,
789 569 832 580 -
843 546 944 600 castra
956 542 1119 615 separatim

139 630 280 693 Celtiberi
304 634 335 687 et
353 625 518 689 Turdetani
541 625 752 684 habebant-
767 640 837 683 cum
860 623 1040 685 Turdetanis
1066 639 1119 684 ex·
1145 646 1147 651 >

137 716 250 789 templo
265 711 344 774 levia
358 709 490 789 proelia,
512 709 705 769 incursantes
720 708 750 767 in
765 707 914 768 stationes
928 720 1045 781 eorum,
1059 708 1119 770 Ro-

138 798 219 858 mani
231 799 341 869 tacere,
353 794 537 870 semp'erque
546 792 680 853 victores
687 807 728 852 ex
735 791 875 867 quamvis
887 797 1001 851 temere
1008 798 1119 868 coepto

137 882 301 943 certamine
315 878 409 938 abire.
432 876 471 937 ad
483 875 650 938 Celtiberos
665 876 694 935 in
711 875 897 952 colloquium
910 875 1050 937 tribunos
1066 875 1120 935 mi·

138 967 222 1027 titum
243 964 287 1024 ire
303 963 425 1036 consul,
448 967 540 1038 atque
554 960 592 1021 iis
605 959 696 1021 trium
711 959 925 1021 condicionum
940 959 1120 1022 electionem

138 1051 217 1111 terre
241 1047 338 1120 iubet,
364 1045 508 1122 primam,
534 1045 562 1105 si
582 1044 712 1116 transire
733 1044 773 1105 ad
792 1044 950 1105 Romanos
974 1044 1070 1105 velint
1091 1051 1122 1105 et

137 1135 253 1210 duplex
273 1130 460 1207 stipendium
480 1128 622 1204 accipere
640 1146 732 1206 quam
747 1135 892 1204 quantum
906 1145 925 1188 a
938 1128 1120 1190 Tundetanis

136 1217 344 1296 pepigissent;
365 1215 499 1288 alteram,
514 1212 541 1272 si
552 1213 662 1275 domos
675 1213 768 1285 abire,
785 1212 908 1288 publica
919 1212 980 1273 tide
992 1219 1121 1288 accepta
1171 1271 1173 1275 ,
1217 1231 1220 1236 ·

137 1301 211 1364 nihil
232 1312 299 1360 eam
320 1313 384 1358 rem
405 1297 516 1359 noxiae
533 1297 680 1370 futuram,
704 1296 789 1375 quod
803 1295 944 1359 hostibus
959 1311 994 1357 se
1008 1298 1119 1358 Roma-

137 1401 246 1446 norum
261 1382 448 1453 iunxissent;
471 1380 597 1453 tertiam,
613 1380 640 1442 si
652 1382 758 1457 utique
769 1381 882 1443 bellum
894 1383 1023 1458 placeat,
1040 1380 1118 1444 diem

40 1505 44 1511 ·
138 1471 301 1543 locumque
316 1466 509 1540 constituant,
525 1465 576 1525 nbi
591 1481 697 1533 secum
713 1465 804 1526 armis
819 1466 995 1542 decernant.
1020 1481 1038 1525 a
1054 1464 1119 1524 Cel-

138 1551 243 1613 tibcris
266 1551 331 1611 dics
351 1552 391 1612 ad
412 1550 646 1612 consultandum
662 1549 766 1625 petita.
799 1548 963 1610 concilium
976 1546 1119 1609 immixtis

137 1634 317 1698 durdetanis
328 1635 464 1695 habitum
475 1646 585 1709 magno
598 1650 667 1695 cum
677 1635 822 1709 tumultuc
838 1648 875 1693 eo
887 1632 987 1691 minus
996 1631 1120 1692 decerni

139 1719 300 1797 quicquam
322 1719 435 1797 potuit
462 1733 532 1779 cum
552 1718 667 1778 incerta
686 1718 798 1778 bellum
814 1731 853 1776 an
869 1732 933 1792 pax
948 1730 1018 1774 cum
1032 1712 1119 1775 Celti-

136 1803 218 1864 beris
234 1810 348 1877 essent,
365 1810 553 1863 commeatus
567 1809 669 1862 tamen
683 1800 767 1861 haud
784 1814 875 1860 secus
892 1815 984 1876 quam
994 1798 1029 1857 in
1042 1814 1120 1874 pace

136 1903 174 1947 ex
186 1888 269 1965 agris
281 1887 479 1963 castellisque
485 1884 618 1946 hostium
624 1884 752 1945 Romani
764 1883 936 1963 portabant,
945 1883 1016 1944 deni
1024 1897 1119 1958 saepe

136 1973 322 2034 munimenta
338 1984 459 2043 corum,
484 1969 567 2028 velut
582 1966 734 2030 communi
749 1975 841 2044 pacto
858 1967 1042 2030 commercio
1056 1967 1119 2043 pri·

135 2058 214 2117 vatis
230 2053 372 2125 indutiis,
382 2052 598 2126 ingredientes.
626 2052 736 2112 consul
751 2051 802 2111 ubi
814 2052 913 2113 hostis
928 2051 969 2112 ad
983 2067 1119 2128 pugnam

135 2140 248 2199 elicere
268 2135 389 2211 nequit,
409 2134 540 2209 primum
554 2134 734 2208 praedatum
749 2134 808 2193 sub
824 2135 920 2208 signis
936 2134 1053 2210 aliquot
1067 2150 1119 2193 ex·

136 2220 257 2296 peditus
273 2217 408 2279 cohortis
423 2218 453 2277 in
468 2233 574 2292 agrum
589 2216 725 2291 integrae
739 2215 874 2291 regionis
886 2217 986 2286 ducit;
1009 2215 1119 2277 deinde

136 2304 241 2366 audito
259 2301 423 2379 Seguntiae
439 2300 621 2362 Celtiberum
643 2300 742 2362 omnis
763 2301 902 2362 sarcinas
922 2300 1120 2376 impedimen-

137 2394 229 2465 taque
250 2388 371 2461 relicta,
394 2402 431 2447 eo
451 2385 552 2462 pergit
571 2386 685 2447 ducere
699 2385 739 2445 ad
752 2381 1006 2462 'oppugnandum
1034 2391 1119 2460 post-

138 2488 229 2549 quam
254 2473 337 2532 nnlla
362 2476 522 2531 moventur
541 2487 591 2550 re,
618 2471 777 2546 persoluto
797 2470 951 2546 stipendio
972 2485 1034 2530 non
1055 2468 1120 2529 suis

138 2557 229 2616 modo
251 2556 307 2616 sed
328 2556 418 2617 etiam
433 2554 585 2632 praetoris
603 2552 764 2632 militibus,
785 2555 954 2633 relictoque
969 2555 1051 2616 omni
1066 2568 1115 2614 ex·

137 2640 233 2700 ercitu
252 2638 407 2701 incastris
426 2638 604 2716 praetoriis,
627 2637 697 2718 ipse
718 2655 787 2700 cum
807 2645 925 2716 septem
941 2637 1119 2700 cohortibus

138 2722 178 2781 ad
188 2723 307 2782 iberum
318 2730 367 2783 est
377 2738 550 2798 regressus.
570 2722 633 2785 XX.
656 2724 991 2799 catamexiguamanu
1004 2722 1120 2799 oppida

137 2803 253 2880 aliquot
268 2806 357 2882 cepit.
384 2808 525 2866 deiecere
541 2806 580 2866 ad
595 2822 666 2867 eum
681 2804 833 2882 Sedetani,
849 2806 1007 2881 Ausetani,
1025 2805 1118 2867 Sues·

137 2890 245 2949 setaui.
261 2889 440 2965 Lacetanos,
452 2890 573 2950 deviam
585 2897 614 2950 et
623 2890 794 2952 silvestrem
805 2898 936 2966 gentem,
950 2906 1016 2950 cum
1028 2889 1119 2949 insita

137 2973 241 3034 lcritas
257 2973 433 3033 continebat
447 2974 477 3033 in
493 2974 601 3049 aruris,
623 2980 687 3034 tum
702 2975 905 3049 conscicntia,
921 2974 994 3034 dum
1010 2974 1119 3034 consul

137 3057 352 3133 exercitusque
363 3057 497 3120 Turdulo
512 3057 593 3118 bello
609 3066 657 3118 est
669 3064 848 3135 occupatus,
862 3055 1120 3134 depopulatorum

137 3139 246 3201 subitis
261 3139 487 3218 incursionibus
503 3142 668 3202 sociorum.
691 3142 780 3218 igitur
794 3141 838 3202 ad·
849 3141 998 3217 oppidum
1012 3156 1119 3202 eorum

138 3226 379 3301 oppugnandum
393 3226 501 3286 consul
516 3226 599 3286 ducit
613 3242 674 3287 non
684 3228 839 3287 Romanas
855 3227 947 3287 modo
963 3226 1118 3297 cohorteS,

137 3307 194 3368 sed
219 3308 405 3371 iuventutem
429 3310 519 3370 etiam
545 3310 651 3370 merito
677 3308 866 3371 infensorum
890 3311 927 3371 iis
951 3311 1115 3370 sociorum.

136 3391 285 3468 oppidum
299 3394 431 3469 longum,
449 3393 477 3452 iu
493 3392 680 3454 latitudinem
691 3392 928 3472 haudquaquam
939 3393 1117 3454 tantundem
1193 3446 1198 3452 .

135 3480 245 3551 patens
264 3475 426 3538 habebant.
461 3476 701 3553 quadringentos
719 3477 790 3537 inde
806 3479 900 3538 terme
914 3492 1027 3553 passus
1044 3489 1115 3534 con-
