2600 4000
299 190 764 283 LIBERXXXVMPAata
785 225 867 319 [με.
881 225 942 295 roa]
1048 218 1110 286 217

132 372 221 452 plicis
236 373 344 449 copias
359 370 511 449 peditum,
533 380 563 434 et
576 372 751 434 nominibus
767 386 892 446 quoque
910 367 1044 447 gentium
1057 373 1111 435 vix

131 459 224 520 lando
239 456 351 518 auditis
365 458 512 538 terrebat,
527 456 630 519 Dahas
644 455 754 516 Medos
765 455 995 531 Elymaeosque
1010 463 1041 517 et
1055 455 1109 517 Ca-

132 543 240 603 dusios
261 542 431 617 appellans.
465 541 616 601 navalium
636 555 710 600 vero
736 537 911 614 copiarum,
937 554 1016 614 quas
1037 541 1110 601 nulli

132 632 240 702 portus
252 640 363 701 capere
374 626 404 685 in
413 623 542 687 Graecia
552 630 689 699 possent,
703 623 844 683 dextrum
854 638 952 684 cornu
964 620 1109 686 Sidonios

132 717 164 770 et
181 708 307 789 Tyrios,
332 707 491 770 sinistrum
513 707 647 769 Aradios
672 714 703 768 et
726 721 767 766 ex
785 705 967 783 Pamphylia
987 704 1109 768 Sidetas

131 800 251 868 tenere,
273 808 351 869 quas
372 802 481 868 gentes
500 794 601 852 nullae
614 806 761 867 umquam
774 805 834 851 nec
849 797 913 850 arte
927 805 986 850 aec
999 790 1110 853 anate

132 877 231 937 navali
243 883 439 953 aequassent.
462 875 523 936 ianr
535 876 710 952 pecuniam,
726 876 786 935 iam
799 873 877 934 alios
892 873 1107 950 belli'appara—

132 968 180 1022 tus
194 961 310 1021 reterre
324 976 588 1037 supervacaneum
607 974 695 1020 esser
721 958 802 1019 seire
822 958 910 1034 ipsos
931 958 1109 1020 abundasse

130 1060 255 1120 semper
273 1060 349 1105 auro
368 1059 463 1119 regna
476 1044 580 1105 Asiae.
612 1043 716 1118 ltaque
735 1058 798 1105 non
812 1058 880 1103 cum
894 1041 1035 1118 Philippo
1051 1059 1109 1104 nec

129 1127 299 1189 Hannibale
318 1144 383 1189 rem
403 1129 535 1189 loturam
554 1127 717 1201 Romanis,
743 1127 882 1204 principe
901 1128 997 1189 altero
1018 1127 1108 1189 unius

130 1210 277 1285 civitatis,
300 1214 394 1273 altero
408 1210 608 1273 Macedoniae
620 1217 735 1273 tantum
748 1209 836 1286 regni
850 1210 963 1272 linibus
978 1209 1106 1284 incluso,

130 1297 187 1357 sed
213 1312 282 1357 eum
305 1311 419 1371 magno
438 1295 534 1357 Asiae
558 1295 651 1357 totius
678 1295 834 1371 partisque
856 1294 1000 1370 Europae
1023 1311 1107 1372 rege.

129 1395 199 1441 eum
214 1386 328 1452 tamen,
345 1395 530 1456 quamquam
543 1379 582 1439 ab
597 1378 710 1440 ultimis
726 1379 852 1441 orientis
866 1379 1003 1440 terminis
1018 1381 1058 1441 ad
1073 1380 1106 1440 li·

129 1464 296 1525 berandam
316 1463 473 1525 Graeciam
492 1465 608 1538 veniat,
629 1462 703 1524 nihil
725 1465 881 1540 postulare
903 1465 942 1524 ab
962 1463 1105 1537 Achaeis,

128 1546 159 1607 in
183 1550 244 1624 quo
261 1548 341 1610 lidos
362 1562 468 1609 eorum
487 1549 639 1610 adversus
657 1549 831 1623 Romanos,
857 1548 976 1622 priores
1001 1547 1105 1608 socios

128 1639 221 1706 atque
235 1632 367 1707 amicos,
383 1634 529 1694 laedatur.
551 1633 707 1696 nonenim
718 1641 752 1693 ut
763 1648 868 1693 secum
883 1632 1035 1691 adversus
1050 1645 1105 1693 eos

127 1730 212 1775 anna
225 1715 360 1793 capiant,
381 1718 437 1778 sed
451 1724 486 1779 ut
498 1718 596 1779 neutri
611 1717 690 1793 parti
705 1731 777 1776 sese
792 1713 978 1789 coniungant
991 1721 1105 1788 petere.

128 1815 236 1874 pacem
250 1801 373 1877 utrique
386 1801 480 1879 parti,
496 1802 581 1876 quod
593 1799 713 1862 medios
724 1799 832 1857 deceat
844 1794 970 1872 amicos,
986 1803 1105 1872 optata

126 1882 207 1944 bello
223 1899 258 1943 se
272 1900 334 1945 non
348 1884 552 1959 interponant
575 1884 657 1943 idem
672 1883 766 1941 terme
787 1886 819 1941 et
831 1881 1009 1941 Aetolorum
1024 1881 1104 1957 lega·

21 1968 24 1973 ’
126 1973 176 2028 tus
188 1966 393 2027 Archidamus
406 1967 489 2043 petit,
503 1971 545 2039 ut,
561 1981 641 2041 quae
653 1964 796 2027 facillima
807 1970 837 2026 et
851 1963 1001 2027 tutissima
1012 1974 1104 2042 esset,

127 2049 261 2123 quietem
273 2055 473 2123 praestarent,
486 2056 742 2124 spectatoresque
751 2049 822 2109 belli
834 2050 1021 2109 fortunarum
1032 2051 1106 2111 alle-

126 2146 234 2191 narum
249 2138 390 2191 eventum
406 2130 472 2191 sine
486 2133 548 2192 ullo
564 2132 738 2193 discrhnine
751 2147 851 2192 rerum
869 2149 993 2195 suarum
1008 2149 1104 2209 oppe-

126 2213 264 2276 rirentur.
296 2222 462 2290 provectus
482 2215 594 2276 deinde
615 2222 664 2277 est
682 2216 914 2292 intemperantia
932 2216 1054 2292 linguae
1074 2216 1104 2277 in

125 2297 289 2360 maledicta
313 2316 395 2361 nunc
420 2301 620 2362 communiter
644 2301 850 2363 Romanorum
875 2316 957 2361 nunc
981 2300 1105 2376 proprie

126 2381 226 2457 ipsius
245 2383 389 2459 Quinctii,
415 2384 552 2460 ingratos
572 2385 751 2460 appellans,
777 2391 808 2446 et
828 2383 1020 2460 exprobrans
1041 2400 1104 2445 non

124 2466 281 2529 victoriam
297 2470 390 2531 modo
406 2468 445 2529 de
457 2468 598 2544 Philippo
610 2470 650 2529 de
662 2469 770 2531 virtute
781 2471 962 2531 Aetolorum
975 2474 1103 2544 partam,

124 2552 285 2614 sedetiam
300 2554 444 2626 salutern,
460 2553 624 2629 ipsumque
639 2559 670 2613 et
684 2553 850 2614 exereitum
865 2569 923 2615 sua
933 2569 1028 2630 opera
1039 2568 1103 2614 ser·

124 2641 222 2696 vatos.
237 2653 300 2712 quo
312 2637 392 2696 enim
403 2636 486 2696 illurn
496 2652 643 2712 umquam
654 2638 846 2713 imperatoris
858 2636 1103 2699 lanctumollicio

124 2725 218 2779 esset
238 2719 449 2795 auspicantem
464 2719 732 2796 immolantemque
746 2729 776 2781 et
788 2727 863 2784 vola
877 2727 1103 2798 nuncupantem

125 2801 289 2862 sacrificuli
302 2802 381 2863 vatis
401 2803 495 2863 modo
515 2803 546 2863 in
567 2803 634 2864 acie
654 2804 787 2876 vidisse,
811 2820 880 2866 curn
901 2806 968 2882 lpse
988 2821 1103 2881 corpus

124 2901 212 2946 sunm
227 2901 286 2961 pro
300 2902 338 2948 eo
358 2885 427 2947 telis
441 2885 576 2948 hostium
596 2887 741 2949 obiceret.
772 2889 873 2949 XLIX.
905 2889 944 2949 ad
959 2905 997 2949 ea
1012 2889 1102 2964 Quin-

54 3023 55 3026 ,
123 2969 217 3046 clius,
233 2985 336 3032 coram
348 2969 460 3046 qulbus
471 2970 569 3046 magis
582 2987 674 3047 quam
687 2974 771 3047 apud
783 2989 862 3048 quos
874 2974 969 3034 verba
980 2973 1103 3048 laceret,

122 3053 225 3114 dicere
245 3054 464 3117 Archidamum
487 3056 636 3118 rationem
660 3055 816 3118 habuisse.
852 3057 996 3119 Achaeos
1023 3057 1102 3117 enim

124 3137 220 3210 probe
235 3138 316 3199 seire
325 3140 505 3202 Aetolorum
521 3156 642 3203 omnem
658 3141 804 3202 ferociam
818 3139 848 3200 in
861 3141 978 3215 verbis,
993 3157 1056 3201 non
1070 3141 1100 3200 in

124 3220 210 3281 lactis
225 3237 312 3297 esse,
335 3231 366 3285 et
380 3224 409 3283 in
425 3225 562 3286 conciliis
580 3223 678 3301 magis
694 3226 951 3302 contionibusque
965 3242 1057 3300 quam
1071 3225 1101 3284 ia

124 3302 189 3364 acic
203 3320 361 3382 apparere.
392 3306 498 3384 itaque
517 3310 606 3385 parvi
620 3309 815 3371 Achaeorum
838 3307 1102 3383 existimationem,

123 3387 235 3462 quibus
249 3398 341 3452 notos
356 3407 428 3454 esse
444 3409 479 3455 se
495 3393 623 3467 scirent,
639 3392 767 3454 secisse:
789 3394 896 3469 legatis
908 3393 991 3468 regis
1001 3398 1032 3452 et
1047 3405 1102 3467 per

122 3485 176 3531 eos
192 3472 309 3534 absenti
324 3474 389 3550 regi
402 3492 472 3537 eum
484 3492 519 3538 se
530 3477 673 3538 iactasse.
695 3475 819 3554 quodsi
832 3472 1098 3553 quisanteaigno·
