2600 4000
278 229 406 309 'trena
419 247 687 311 xxxvrncnr.
701 217 744 309 m.
767 211 808 323 [a
821 253 851 303 c.
869 250 930 326 rar]
1036 247 1101 312 >ars

125 402 192 462 lore
211 400 463 462 erubescendum.
494 399 555 458 LX.
580 397 730 458 adversus
753 413 790 458 ea
803 397 961 460 Terentius
979 410 1101 474 praetor

124 484 314 561 rogationem
326 483 471 543 Petilliam
484 488 516 543 et
530 484 656 543 senalus
671 481 845 542 consultum
860 487 890 541 el
903 480 1047 542 iudicium
1062 487 1101 546 de

123 568 156 630 1..
174 566 317 643 Scipione
338 568 448 642 iactum
468 565 620 627 recitavita
642 564 744 640 se„ni
764 565 912 625 referatur
927 567 1057 641 pecunia
1070 566 1101 627 in
1219 593 1223 601 »

10 707 23 718 ,,
124 650 279 728 publicum
294 665 373 728 quae
387 649 520 710 iudicata
533 649 585 732 sit,
609 648 682 708 nihil
695 647 810 708 habere
825 648 908 723 quod
924 648 1027 726 iaciat,
1042 651 1101 712 nisi

79 771 95 812 .·
123 742 158 796 ut
172 735 278 810 prendi
292 734 466 794 damnatum
480 741 510 806 el
523 734 553 792 in
564 732 688 793 vincula
701 732 772 792 duci
782 731 893 793 iubeat.
910 731 1020 793 tribuni
1032 750 1100 796 eum

125 817 162 879 ln
176 817 335 880 consilium
357 816 574 891 secessissent,
597 818 690 892 paulo
707 823 778 890 post
793 816 823 876 0.
839 816 973 876 Fannius
989 833 1028 878 ex
1043 834 1099 879 sua

47 961 50 965 ,
124 903 370 977 collegarumque
387 901 522 977 aliorum,
538 908 659 976 praeter
674 900 852 975 Gracchum,
868 901 1016 962 sententia
1030 911 1098 978 pro·

122 983 269 1046 nuntiavit
288 985 422 1062 praetori
442 1001 503 1046 non
524 984 715 1045 intercedere
739 985 892 1057 tribunos,
916 988 1097 1060 quominus
1144 1051 1146 1055 ,

124 1084 180 1130 aua
194 1075 346 1144 potestate
359 1074 468 1130 utatur.
488 1068 531 1130 Ti.
546 1067 703 1129 Gracchus
714 1068 755 1130 ita
767 1068 910 1145 decrevit,
927 1070 1097 1145 quominus

54 1167 57 1171 ⁸
122 1167 162 1212 ex
175 1151 266 1213 bonis
279 1153 312 1213 L.
325 1151 477 1228 Scipionis
492 1153 576 1229 quod
586 1151 751 1213 iudicatum
763 1151 803 1212 sit
811 1152 975 1229 redigetur,
990 1151 1025 1215 se
1036 1163 1097 1216 non
1135 1185 1138 1190 ·

121 1235 311 1300 intercedere
326 1236 472 1311 praetoria
493 1237 527 1296 L.
543 1233 728 1310 Scipionem,
746 1235 798 1310 qui
812 1245 916 1310 regem
931 1238 1096 1313 opulentis-

122 1318 231 1379 simum
246 1319 330 1380 orbis
345 1326 493 1381 terrarum
507 1318 660 1393 devicerit,
676 1318 833 1394 imperium
847 1320 954 1396 populi
968 1321 1108 1393 Romani.
1220 1388 1223 1392 A

13 1441 20 1448 -
121 1403 338 1479 propagaverit
351 1403 381 1463 ln
396 1404 516 1464 ultimos
532 1409 678 1463 terrarum
692 1403 785 1476 fines,
806 1418 909 1479 regem
922 1401 1096 1481 Eumenem,

120 1484 274 1559 Rhodios,
296 1486 371 1546 alias
394 1493 438 1547 tot
450 1485 544 1546 Asiae
558 1486 650 1547 urbes
665 1485 835 1547 devinxerit
849 1487 953 1561 populi
968 1489 1094 1548 Romani

36 1607 41 1614 -
120 1568 293 1641 beneflciis,
321 1567 467 1644 plurimos
493 1570 587 1630 duces
608 1569 742 1630 hostium
762 1569 793 1628 in
814 1569 965 1644 triumpho
986 1571 1094 1631 ductos

122 1667 244 1713 carcere
260 1652 430 1729 incluserit,
448 1669 509 1714 non
523 1668 687 1729 passurum
702 1654 780 1712 inter
793 1651 899 1710 hostes
914 1652 1020 1725 populi
1034 1654 1080 1715 Ro
1134 1689 1137 1696 -

121 1734 200 1808 mani
215 1735 246 1795 L.
259 1735 433 1811 Scipionem
447 1735 478 1797 in
493 1752 616 1798 earcere
630 1735 705 1795 etin
720 1732 848 1792 vinculis
864 1748 944 1808 esse,
958 1735 1095 1812 mittique

18 1825 26 1844 ¹
120 1834 189 1880 eum
204 1834 240 1880 se
250 1820 364 1881 iubere.
386 1813 469 1882 tanto
481 1821 618 1879 adsensu
629 1815 765 1875 auditum
778 1821 826 1875 est
836 1815 999 1893 decretum,
1013 1818 1092 1880 adeo

9 1941 12 1946 «
72 1963 76 1969 ,
119 1902 279 1963 dimissum
293 1903 326 1960 L.
343 1902 517 1975 Scipionem
537 1896 759 1959 laetihomines
775 1895 929 1973 viderunt,
949 1906 983 1961 ut
997 1902 1048 1961 vix
1063 1902 1092 1961 in
1127 1898 1130 1904 ’

119 1985 228 2044 eadem
245 1983 365 2042 civitate
378 1982 532 2042 videretur
545 1981 657 2043 laetum
672 1981 823 2044 iudicium.
845 1981 874 2042 in
891 1981 971 2045 bona
982 1984 1093 2046 deinde
1136 2054 1138 2057 ,
1255 2048 1258 2053 ,

119 2066 152 2125 L.
169 2065 323 2141 Scipionis
339 2081 520 2140 possessum
535 2065 656 2140 publice
672 2071 851 2141 quaestores
867 2062 1103 2141 praetermisit

1 2138 2 2181 ³
120 2163 221 2224 neque
241 2148 271 2208 in
287 2145 326 2208 iis
340 2163 401 2209 non
421 2148 513 2208 modo
534 2146 695 2223 vestigium
710 2144 801 2209 ullium
816 2147 985 2224 comparuit
999 2166 1092 2226 pecuv
1118 2226 1121 2231 ι

1 2248 2 2299 l
119 2231 188 2293 niae
202 2232 314 2307 regiae,
329 2233 386 2292 sed
401 2247 592 2308 nequaquam
607 2237 722 2293 tantum
735 2233 891 2293 redactum
903 2240 950 2294 est
962 2240 1092 2308 quantae

1 2362 2 2369 ,
119 2330 256 2375 summae
271 2315 430 2377 damnatus
446 2316 552 2377 iuerat.
574 2316 684 2379 collata
698 2316 828 2391 pecunia
839 2331 858 2376 a
869 2318 1006 2390 cognatis
1019 2317 1092 2377 ami-

2 2436 3 2459 t
120 2398 226 2474 cisque
243 2405 273 2460 et
294 2398 451 2481 clientibus
472 2406 520 2460 est
530 2399 565 2484 L.
581 2398 732 2474 Scipioni,
753 2406 785 2460 ut
806 2398 832 2458 si
848 2399 1000 2474 acciperet
1014 2416 1090 2476 eam,

8 2510 13 2519 ·
118 2481 300 2556 locupletior
310 2482 463 2559 aliquanto
477 2490 568 2559 esset,
590 2499 680 2558 quarn
692 2489 761 2544 ante
772 2482 970 2543 calamitatem
983 2484 1089 2550 luerat.

59 2611 63 2619 .
118 2562 190 2627 n'ihil
205 2566 331 2641 aceepit.
355 2584 433 2642 quae
448 2566 622 2628 necessaria
638 2567 678 2626 ad
693 2567 804 2626 cultum
820 2571 913 2638 erant,
932 2567 1089 2643 redempta

117 2648 146 2705 ei
161 2663 180 2707 u
194 2650 341 2722 proximis
353 2651 492 2724 cognatis
508 2656 587 2709 sunt.
599 2682 601 2685 ·
615 2656 805 2726 verteratque
820 2647 997 2725 Scipionum
1014 2644 1088 2710 invi-

118 2729 169 2789 dia
182 2729 212 2790 ln
228 2739 396 2809 praetorem
412 2740 442 2793 et
456 2733 615 2795 eonsilium
629 2734 697 2793 eius
711 2731 742 2793 et'
754 2738 962 2794 accusatores.
