2600 4000
232 225 347 287 LIBER
361 224 493 285 XXXIII.
516 224 599 285 CAP.
614 233 659 286 Ὦ.
670 233 714 286 23.
727 233 770 286 24.
795 231 831 298 [a.
847 231 878 283 c.
894 231 955 298 197]
1022 226 1086 289 103

2 437 4 458 ‚
103 395 276 460 paucorum
289 392 327 437 aa
338 374 478 437 vicorum
492 375 587 437 lalsas
602 381 633 436 et
651 374 682 434 ln
703 383 825 455 tempus
841 373 998 438 simulatas
1016 378 1084 440 sino

2 511 4 518 ,
103 465 168 527 ullo
183 463 315 539 pignore
330 458 502 520 deditiones
518 460 614 520 tactas
629 474 711 520 esse.
747 460 825 519 haec
845 457 925 520 inter
939 462 1084 522 eonsules

104 547 310 622 tribunosque
339 541 553 604 altercationes
582 540 710 603 biduum
738 550 920 615 tenuerunt,
949 541 1085 619 victique

103 627 336 710 perseverantia
349 627 539 688 tribunorum
554 628 701 688 consules
716 625 882 702 separatim
896 626 1085 688 rettulemnt.

102 714 210 776 XXlll.
226 712 256 773 C.
270 710 410 773 cornelio
426 710 560 772 omnium
574 726 732 772 consensu
745 711 889 772 decretus
903 708 1085 784 triumphus.

104 807 136 859 et
154 794 321 857 Placentini
343 794 630 870 Cremonensesque
650 792 834 855 addiderunt
854 795 991 856 levorem
1012 810 1081 857 eon⁴

104 880 181 955 suli,
203 880 317 956 gratias
331 884 459 953 agentes
481 876 997 953 commemorantesqueobsidione
1012 895 1085 939 sese

103 965 143 1027 ab
157 980 196 1026 eo
210 963 366 1036 liberatos,
382 959 523 1037 plerique
538 960 642 1034 etiarn,
663 977 732 1023 eum
747 962 832 1037 apud
845 961 953 1023 hostes
968 970 1083 1036 essent,

104 1047 251 1111 servitute
272 1053 444 1120 exemptos.
484 1044 518 1119 Q.
531 1043 685 1124 Miuueius
705 1052 851 1120 temptata
872 1052 986 1106 tantum
1006 1047 1084 1106 rela-

103 1131 196 1204 tione,
214 1147 284 1191 curn
299 1129 464 1190 adversum
480 1144 602 1189 ornnem
616 1135 756 1191 senatum
776 1127 908 1203 videret,
929 1127 960 1189 in
981 1137 1084 1191 monte

103 1216 225 1276 Albano
247 1231 282 1275 se
303 1212 557 1289 triumphaturum
576 1220 607 1274 et
626 1212 692 1274 iure
713 1211 834 1289 imperii
859 1212 1031 1274 consularis
1053 1220 1085 1274 et

102 1299 267 1360 multorum
283 1297 434 1358 clarorum
446 1294 583 1359 virorum
597 1298 739 1373 exemplo
755 1295 840 1358 dixit.
877 1297 908 1357 c.
924 1295 1084 1359 Cornelius

104 1383 145 1443 de
164 1379 346 1442 Insubribus
367 1380 612 1457 Cenomanisque
628 1380 659 1441 in
680 1379 859 1457 magistratu
876 1379 1083 1456 triumphavit

104 1465 202 1525 multa
216 1462 305 1539 signa
323 1462 462 1526 militaria
477 1463 557 1538 tulit,
578 1466 673 1526 multa
693 1463 809 1525 Gallina
829 1463 931 1540 spolia
951 1463 1083 1540 captivis

104 1545 260 1623 carpentis
271 1547 549 1622 transvexit3multi
560 1548 680 1611 nobiles
688 1547 765 1608 Galli
777 1556 848 1609 ante
856 1563 978 1608 currum
990 1546 1085 1621 duell,

103 1629 185 1693 inter
205 1648 283 1708 quos
306 1631 430 1708 quidam
449 1630 653 1694 Hamilcarem
672 1633 784 1693 ducem
797 1631 969 1691 Poenorum
985 1629 1084 1690 luisse
1184 1663 1187 1671 ·

103 1722 246 1777 auctores
262 1724 343 1778 sunt
365 1724 500 1779 ceterum
518 1717 615 1793 magis
630 1716 662 1777 in
678 1732 714 1777 se
728 1712 880 1776 convertit
893 1715 1001 1775 oculos
1013 1713 1084 1774 dre

103 1798 296 1862 monensium
307 1799 615 1877 Placentinorumque
635 1800 817 1861 colonorum
830 1797 930 1875 turba,
941 1796 1083 1873 pilleato-

101 1899 168 1945 rum
194 1901 317 1946 currum
332 1884 535 1959 sequentium.
571 1883 651 1944 aeris
664 1882 730 1945 tulit
743 1882 773 1942 in
786 1881 939 1958 triumpho
952 1882 1085 1943 ducenta

100 1965 222 2044 triginta
237 1976 356 2044 septem
370 1965 497 2026 milloet
512 1965 705 2042 qulngentos,
722 1966 839 2043 argenti
849 1965 943 2043 bigati
956 1975 1083 2044 septua-

99 2051 184 2127 ginta
197 2066 311 2112 novem
325 2047 417 2109 milia.
453 2049 635 2123 septuageni
649 2049 730 2109 aeris
745 2050 889 2110 militibus
905 2050 1011 2122 divisi,
1028 2051 1083 2110 du-

98 2136 176 2211 plex
190 2131 287 2206 equiti
302 2129 546 2205 centurionique.
569 2130 603 2204 Q.
618 2129 773 2191 Minucius
788 2132 899 2191 consul
913 2133 952 2190 de
965 2131 1084 2206 Liguri·

97 2219 161 2278 bus
184 2212 335 2289 Boiisque
362 2211 456 2273 Gallis
480 2212 512 2274 in
534 2221 638 2275 monte
659 2212 780 2273 Albano
807 2212 1013 2289 triumphavit
1055 2212 1084 2272 is

98 2296 274 2373 triumphus
288 2304 322 2358 ut
335 2297 405 2359 loco
420 2305 450 2359 et
465 2298 545 2358 lama
558 2313 660 2358 rerum
676 2303 841 2373 gestarmn,
857 2305 887 2357 et
902 2298 986 2373 quod
1001 2313 1081 2358 sum-

99 2392 187 2462 ptum
201 2397 264 2442 non
279 2389 438 2458 erogatum
452 2398 491 2441 ex
505 2382 624 2443 aerario
645 2396 754 2442 omnes
775 2380 927 2455 sciebant,
953 2380 1083 2443 inhono-

99 2465 195 2528 ratior
209 2463 274 2542 luit,
289 2463 331 2527 ita
346 2463 444 2541 signis
460 2465 679 2542 carpentisque
694 2471 725 2525 et
738 2463 848 2541 spoliis
860 2466 957 2528 terme
968 2481 1082 2542 aequa·

101 2550 162 2613 bat.
195 2548 348 2625 pecuniae
362 2548 453 2610 etiarn
468 2565 524 2625 par
538 2566 636 2625 prope
651 2565 771 2610 summa
786 2548 856 2610 luit:
878 2548 959 2612 aeris
974 2551 1083 2611 tralata

101 2636 234 2695 ducenta
249 2631 471 2709 quinquaginta
486 2641 629 2709 quattuor
643 2631 741 2707 milia,
755 2632 872 2709 argenti
883 2633 977 2711 bigati
993 2633 1082 2711 quin·

102 2715 248 2795 quaginta
267 2716 325 2778 tria
344 2716 428 2777 milia
448 2723 479 2778 et
499 2716 632 2779 ducenti.
673 2714 819 2778 militibus
837 2717 1082 2780 centurionibus·

101 2817 163 2878 que
184 2809 215 2862 et
234 2800 389 2877 equitibus
409 2799 492 2861 idem
512 2800 543 2861 in
565 2800 705 2876 singulos
726 2800 830 2861 datum
851 2801 934 2875 quod
955 2802 1100 2867 dederat,

101 2885 230 2960 collega.

182 2968 289 3029 XXIV.
312 2965 489 3028 Secundum
503 2966 689 3043 triumphurn
702 2966 877 3029 consularia
892 2965 1014 3028 comitia
1028 2968 1081 3027 ba·

100 3050 172 3113 bita.
212 3049 307 3112 creati
328 3052 474 3112 consules
488 3052 521 3111 L.
536 3051 646 3113 lunius
667 3049 816 3126 Purpurio
835 3059 866 3112 et
878 3051 919 3109 Μ.
936 3050 1081 3112 Claudius

100 3135 273 3197 Marcellus.
308 3143 468 3210 praetores
489 3143 615 3211 postero
637 3134 688 3196 die
710 3133 782 3196 lacti
803 3134 837 3209 Q.
854 3133 968 3195 Fabius
982 3136 1081 3196 Buteo

99 3217 142 3278 Ti.
159 3216 362 3295 Sempronius
375 3219 500 3294 Longus
517 3219 550 3294 Q.
565 3218 719 3281 Minucius
733 3218 882 3281 Thermus
895 3218 947 3278 Μ’.
961 3217 1081 3279 Acilius

100 3300 223 3365 Glabrio
237 3303 270 3363 L.
285 3301 437 3379 Apustius
451 3303 538 3365 Fullo
555 3303 586 3364 C.
601 3301 735 3364 Laelius.

181 3384 273 3447 Exitu
288 3386 384 3447 ferme
398 3385 471 3446 anni
485 3385 602 3448 litterae
617 3387 681 3446 aT.
698 3383 837 3460 Quinctio
860 3399 1022 3456 venerunt,
1044 3400 1082 3443 se

99 3464 196 3543 signis
218 3468 337 3531 reflatis
358 3486 428 3531 cum
447 3486 521 3546 rege
534 3468 675 3546 Philippo
695 3468 726 3530 in
740 3467 899 3530 Thessalia
912 3480 1079 3543 pugnasse,
