<?xml version="1.0" encoding="UTF-8"?>
<!DOCTYPE html PUBLIC "-//W3C//DTD XHTML 1.0 Transitional//EN"
    "http://www.w3.org/TR/xhtml1/DTD/xhtml1-transitional.dtd">
<html xmlns="http://www.w3.org/1999/xhtml" xml:lang="en" lang="en">
 <head>
  <title>
</title>
<meta http-equiv="Content-Type" content="text/html;charset=utf-8" />
  <meta name='ocr-system' content='tesseract 3.04.00' />
  <meta name='ocr-capabilities' content='ocr_page ocr_carea ocr_par ocr_line ocrx_word'/>
</head>
<body>
  <div class='ocr_page' id='page_1' title='image "./aburbeconditali00mlgoog_0201.png"; bbox 0 0 2600 4000; ppageno 0'>
   <div class='ocr_carea' id='block_1_1' title="bbox 312 241 1125 318">
    <p class='ocr_par' dir='ltr' id='par_1_1' title="bbox 312 241 1125 318">
     <span class='ocr_line' id='line_1_1' title="bbox 312 241 1125 318; baseline 0.005 -14"><span class='ocrx_word' id='word_1_1' title='bbox 312 243 428 304; x_wconf 82' lang='lat' dir='ltr'><strong>LIBER</strong></span> <span class='ocrx_word' id='word_1_2' title='bbox 439 242 571 302; x_wconf 84' lang='lat' dir='ltr'>XXXIV.</span> <span class='ocrx_word' id='word_1_3' title='bbox 595 241 677 302; x_wconf 81' lang='lat' dir='ltr'>CAP.</span> <span class='ocrx_word' id='word_1_4' title='bbox 692 250 736 307; x_wconf 84' lang='grc'>37.</span> <span class='ocrx_word' id='word_1_5' title='bbox 748 251 792 305; x_wconf 85' lang='grc'>38.</span> <span class='ocrx_word' id='word_1_6' title='bbox 812 250 849 317; x_wconf 77' lang='lat' dir='ltr'>[a.</span> <span class='ocrx_word' id='word_1_7' title='bbox 861 250 894 302; x_wconf 82' lang='lat'>0·</span> <span class='ocrx_word' id='word_1_8' title='bbox 906 251 969 318; x_wconf 76' lang='lat'>195]</span> <span class='ocrx_word' id='word_1_9' title='bbox 1064 244 1125 309; x_wconf 85' lang='grc'>157</span> 
     </span>
    </p>
   </div>
   <div class='ocr_carea' id='block_1_2' title="bbox 140 391 1158 3571">
    <p class='ocr_par' dir='ltr' id='par_1_2' title="bbox 141 391 1126 1379">
     <span class='ocr_line' id='line_1_2' title="bbox 141 391 1124 472; baseline -0.001 -13"><span class='ocrx_word' id='word_1_10' title='bbox 141 395 272 458; x_wconf 75' lang='lat' dir='ltr'><strong>aiebant.</strong></span> <span class='ocrx_word' id='word_1_11' title='bbox 294 393 344 453; x_wconf 89' lang='lat' dir='ltr'>his</span> <span class='ocrx_word' id='word_1_12' title='bbox 363 391 493 454; x_wconf 85' lang='lat' dir='ltr'>vocibus</span> <span class='ocrx_word' id='word_1_13' title='bbox 507 392 650 453; x_wconf 89' lang='lat' dir='ltr'>incitatus</span> <span class='ocrx_word' id='word_1_14' title='bbox 664 397 814 472; x_wconf 79' lang='lat' dir='ltr'>tyrannus</span> <span class='ocrx_word' id='word_1_15' title='bbox 828 399 860 454; x_wconf 89' lang='lat' dir='ltr'>et</span> <span class='ocrx_word' id='word_1_16' title='bbox 869 393 1053 458; x_wconf 81' lang='lat' dir='ltr'>Antiochum</span> <span class='ocrx_word' id='word_1_17' title='bbox 1064 397 1124 457; x_wconf 82' lang='lat' dir='ltr'>Ae</span> 
     </span>
     <span class='ocr_line' id='line_1_3' title="bbox 141 475 1123 556; baseline -0.001 -14"><span class='ocrx_word' id='word_1_18' title='bbox 141 480 286 556; x_wconf 84' lang='lat' dir='ltr'>totosque</span> <span class='ocrx_word' id='word_1_19' title='bbox 299 476 458 537; x_wconf 88' lang='lat' dir='ltr'>adiuturos</span> <span class='ocrx_word' id='word_1_20' title='bbox 469 475 656 551; x_wconf 76' lang='lat' dir='ltr'>pronuntiat,</span> <span class='ocrx_word' id='word_1_21' title='bbox 664 483 696 536; x_wconf 89' lang='lat' dir='ltr'>et</span> <span class='ocrx_word' id='word_1_22' title='bbox 707 476 765 537; x_wconf 79' lang='lat' dir='ltr'>sibi</span> <span class='ocrx_word' id='word_1_23' title='bbox 777 478 817 537; x_wconf 85' lang='lat' dir='ltr'>ad</span> <span class='ocrx_word' id='word_1_24' title='bbox 828 476 1021 539; x_wconf 83' lang='lat' dir='ltr'>obsidionem</span> <span class='ocrx_word' id='word_1_25' title='bbox 1033 484 1123 541; x_wconf 83' lang='lat' dir='ltr'>susti-</span> 
     </span>
     <span class='ocr_line' id='line_1_4' title="bbox 141 560 1123 637; baseline 0 -13"><span class='ocrx_word' id='word_1_26' title='bbox 141 563 273 625; x_wconf 89' lang='lat' dir='ltr'>nendam</span> <span class='ocrx_word' id='word_1_27' title='bbox 294 561 452 636; x_wconf 86' lang='lat' dir='ltr'>copiarum</span> <span class='ocrx_word' id='word_1_28' title='bbox 472 560 599 622; x_wconf 75' lang='lat' dir='ltr'>adfatim</span> <span class='ocrx_word' id='word_1_29' title='bbox 619 576 701 621; x_wconf 91' lang='lat' dir='ltr'>esse.</span> <span class='ocrx_word' id='word_1_30' title='bbox 735 560 893 622; x_wconf 78' lang='lat' dir='ltr'>exciderat</span> <span class='ocrx_word' id='word_1_31' title='bbox 910 563 996 637; x_wconf 82' lang='lat' dir='ltr'><strong>pacis</strong></span> <span class='ocrx_word' id='word_1_32' title='bbox 1011 565 1123 624; x_wconf 90' lang='lat' dir='ltr'>mentio</span> 
     </span>
     <span class='ocr_line' id='line_1_5' title="bbox 142 642 1123 720; baseline -0.001 -12"><span class='ocrx_word' id='word_1_33' title='bbox 142 663 182 708; x_wconf 89' lang='lat' dir='ltr'>ex</span> <span class='ocrx_word' id='word_1_34' title='bbox 196 645 331 708; x_wconf 90' lang='lat' dir='ltr'>omnium</span> <span class='ocrx_word' id='word_1_35' title='bbox 345 642 470 716; x_wconf 85' lang='lat' dir='ltr'>animis,</span> <span class='ocrx_word' id='word_1_36' title='bbox 487 651 517 705; x_wconf 89' lang='lat' dir='ltr'>et</span> <span class='ocrx_word' id='word_1_37' title='bbox 530 644 562 704; x_wconf 92' lang='lat' dir='ltr'>iu</span> <span class='ocrx_word' id='word_1_38' title='bbox 576 644 726 705; x_wconf 90' lang='lat' dir='ltr'>stationes</span> <span class='ocrx_word' id='word_1_39' title='bbox 742 660 804 705; x_wconf 93' lang='lat' dir='ltr'>non</span> <span class='ocrx_word' id='word_1_40' title='bbox 818 645 898 706; x_wconf 89' lang='lat' dir='ltr'>ultra</span> <span class='ocrx_word' id='word_1_41' title='bbox 913 645 1044 720; x_wconf 90' lang='lat' dir='ltr'>quieturi</span> <span class='ocrx_word' id='word_1_42' title='bbox 1061 647 1123 708; x_wconf 90' lang='lat' dir='ltr'>dis·</span> 
     </span>
     <span class='ocr_line' id='line_1_6' title="bbox 142 727 1126 804; baseline 0 -13"><span class='ocrx_word' id='word_1_43' title='bbox 142 736 275 792; x_wconf 81' lang='lat' dir='ltr'>currum.</span> <span class='ocrx_word' id='word_1_44' title='bbox 293 743 464 804; x_wconf 89' lang='lat' dir='ltr'>paucorum</span> <span class='ocrx_word' id='word_1_45' title='bbox 475 728 620 789; x_wconf 81' lang='lat' dir='ltr'>excursio</span> <span class='ocrx_word' id='word_1_46' title='bbox 631 727 849 789; x_wconf 82' lang='lat' dir='ltr'>lacessentium</span> <span class='ocrx_word' id='word_1_47' title='bbox 861 729 1016 790; x_wconf 84' lang='lat' dir='ltr'>ctemissa</span> <span class='ocrx_word' id='word_1_48' title='bbox 1027 730 1126 791; x_wconf 86' lang='lat' dir='ltr'>iacula</span> 
     </span>
     <span class='ocr_line' id='line_1_7' title="bbox 142 811 1116 889; baseline -0.002 -15"><span class='ocrx_word' id='word_1_49' title='bbox 142 812 295 889; x_wconf 84' lang='lat' dir='ltr'>extempio</span> <span class='ocrx_word' id='word_1_50' title='bbox 310 820 341 873; x_wconf 91' lang='lat' dir='ltr'>et</span> <span class='ocrx_word' id='word_1_51' title='bbox 350 811 498 874; x_wconf 88' lang='lat' dir='ltr'>Romanis</span> <span class='ocrx_word' id='word_1_52' title='bbox 512 811 741 885; x_wconf 69' lang='lat' dir='ltr'>dubitationem,</span> <span class='ocrx_word' id='word_1_53' title='bbox 758 812 832 889; x_wconf 93' lang='lat' dir='ltr'>quin</span> <span class='ocrx_word' id='word_1_54' title='bbox 842 812 1017 873; x_wconf 88' lang='lat' dir='ltr'>bellandum</span> <span class='ocrx_word' id='word_1_55' title='bbox 1033 822 1116 874; x_wconf 88' lang='lat' dir='ltr'>esset</span> 
     </span>
     <span class='ocr_line' id='line_1_8' title="bbox 141 893 1126 973; baseline 0.001 -15"><span class='ocrx_word' id='word_1_56' title='bbox 141 902 329 959; x_wconf 86' lang='lat' dir='ltr'>exemerunt</span> <span class='ocrx_word' id='word_1_57' title='bbox 361 894 442 955; x_wconf 88' lang='lat' dir='ltr'>levia</span> <span class='ocrx_word' id='word_1_58' title='bbox 460 893 533 956; x_wconf 90' lang='lat' dir='ltr'>inde</span> <span class='ocrx_word' id='word_1_59' title='bbox 554 896 673 971; x_wconf 83' lang='lat' dir='ltr'>proelia</span> <span class='ocrx_word' id='word_1_60' title='bbox 693 911 750 972; x_wconf 89' lang='lat' dir='ltr'>per</span> <span class='ocrx_word' id='word_1_61' title='bbox 771 895 975 972; x_wconf 86' lang='lat' dir='ltr'>quadriduum</span> <span class='ocrx_word' id='word_1_62' title='bbox 995 896 1126 973; x_wconf 89' lang='lat' dir='ltr'>primum</span> 
     </span>
     <span class='ocr_line' id='line_1_9' title="bbox 142 978 1126 1056; baseline 0 -14"><span class='ocrx_word' id='word_1_63' title='bbox 142 983 210 1042; x_wconf 86' lang='lat' dir='ltr'>siue</span> <span class='ocrx_word' id='word_1_64' title='bbox 230 981 293 1042; x_wconf 91' lang='lat' dir='ltr'>ullo</span> <span class='ocrx_word' id='word_1_65' title='bbox 315 978 390 1041; x_wconf 86' lang='lat' dir='ltr'>satis</span> <span class='ocrx_word' id='word_1_66' title='bbox 406 984 490 1040; x_wconf 89' lang='lat' dir='ltr'>certo</span> <span class='ocrx_word' id='word_1_67' title='bbox 506 985 619 1040; x_wconf 90' lang='lat' dir='ltr'>aventu</span> <span class='ocrx_word' id='word_1_68' title='bbox 633 979 807 1041; x_wconf 87' lang='lat' dir='ltr'>commissa.</span> <span class='ocrx_word' id='word_1_69' title='bbox 842 979 948 1055; x_wconf 90' lang='lat' dir='ltr'>quinto</span> <span class='ocrx_word' id='word_1_70' title='bbox 963 980 1014 1041; x_wconf 86' lang='lat' dir='ltr'>die</span> <span class='ocrx_word' id='word_1_71' title='bbox 1027 997 1126 1056; x_wconf 85' lang='lat' dir='ltr'>prope</span> 
     </span>
     <span class='ocr_line' id='line_1_10' title="bbox 141 1061 1125 1140; baseline -0.008 -12"><span class='ocrx_word' id='word_1_72' title='bbox 141 1066 221 1128; x_wconf 86' lang='lat' dir='ltr'>iusta</span> <span class='ocrx_word' id='word_1_73' title='bbox 248 1080 354 1140; x_wconf 79' lang='lat' dir='ltr'>pugna</span> <span class='ocrx_word' id='word_1_74' title='bbox 377 1064 457 1123; x_wconf 86' lang='lat' dir='ltr'>adeo</span> <span class='ocrx_word' id='word_1_75' title='bbox 482 1070 633 1138; x_wconf 86' lang='lat' dir='ltr'>paventes</span> <span class='ocrx_word' id='word_1_76' title='bbox 660 1062 693 1123; x_wconf 92' lang='lat' dir='ltr'>in</span> <span class='ocrx_word' id='word_1_77' title='bbox 717 1061 866 1139; x_wconf 92' lang='lat' dir='ltr'>oppidum</span> <span class='ocrx_word' id='word_1_78' title='bbox 891 1064 1125 1128; x_wconf 83' lang='lat' dir='ltr'>Lacedaemonii</span> 
     </span>
     <span class='ocr_line' id='line_1_11' title="bbox 141 1145 1125 1225; baseline -0.001 -13"><span class='ocrx_word' id='word_1_79' title='bbox 141 1148 294 1225; x_wconf 86' lang='lat' dir='ltr'>compulsi</span> <span class='ocrx_word' id='word_1_80' title='bbox 308 1152 388 1222; x_wconf 89' lang='lat' dir='ltr'>suut,</span> <span class='ocrx_word' id='word_1_81' title='bbox 402 1151 436 1207; x_wconf 90' lang='lat' dir='ltr'>ut</span> <span class='ocrx_word' id='word_1_82' title='bbox 450 1145 576 1222; x_wconf 90' lang='lat' dir='ltr'>quidam</span> <span class='ocrx_word' id='word_1_83' title='bbox 589 1147 700 1208; x_wconf 86' lang='lat' dir='ltr'>milites</span> <span class='ocrx_word' id='word_1_84' title='bbox 710 1146 839 1208; x_wconf 89' lang='lat' dir='ltr'>Romani</span> <span class='ocrx_word' id='word_1_85' title='bbox 850 1154 937 1222; x_wconf 82' lang='lat' dir='ltr'>terga</span> <span class='ocrx_word' id='word_1_86' title='bbox 947 1147 1125 1223; x_wconf 79' lang='lat' dir='ltr'>fugientium</span> 
     </span>
     <span class='ocr_line' id='line_1_12' title="bbox 142 1229 1121 1307; baseline -0.003 -11"><span class='ocrx_word' id='word_1_87' title='bbox 142 1234 307 1296; x_wconf 89' lang='lat' dir='ltr'>caedentes</span> <span class='ocrx_word' id='word_1_88' title='bbox 329 1247 386 1307; x_wconf 90' lang='lat' dir='ltr'>per</span> <span class='ocrx_word' id='word_1_89' title='bbox 406 1229 595 1306; x_wconf 87' lang='lat' dir='ltr'>intermissa,</span> <span class='ocrx_word' id='word_1_90' title='bbox 616 1237 651 1291; x_wconf 92' lang='lat' dir='ltr'>ut</span> <span class='ocrx_word' id='word_1_91' title='bbox 670 1236 858 1306; x_wconf 80' lang='lat' dir='ltr'>tonuerunt,</span> <span class='ocrx_word' id='word_1_92' title='bbox 881 1233 1003 1292; x_wconf 86' lang='lat' dir='ltr'>moenia</span> <span class='ocrx_word' id='word_1_93' title='bbox 1016 1233 1121 1293; x_wconf 91' lang='lat' dir='ltr'>urbem</span> 
     </span>
     <span class='ocr_line' id='line_1_13' title="bbox 141 1317 289 1379; baseline -0.02 -2"><span class='ocrx_word' id='word_1_94' title='bbox 141 1317 289 1379; x_wconf 81' lang='lat' dir='ltr'>intrarint.</span> 
     </span>
    </p>

    <p class='ocr_par' dir='ltr' id='par_1_3' title="bbox 140 1396 1158 3571">
     <span class='ocr_line' id='line_1_14' title="bbox 224 1396 1126 1476; baseline -0.002 -14"><span class='ocrx_word' id='word_1_95' title='bbox 224 1399 385 1462; x_wconf 84' lang='lat' dir='ltr'>XXXVIII.</span> <span class='ocrx_word' id='word_1_96' title='bbox 407 1400 446 1462; x_wconf 85' lang='lat' dir='ltr'>Et</span> <span class='ocrx_word' id='word_1_97' title='bbox 458 1407 533 1462; x_wconf 88' lang='lat' dir='ltr'>tunc</span> <span class='ocrx_word' id='word_1_98' title='bbox 548 1397 673 1476; x_wconf 91' lang='lat' dir='ltr'>quidem</span> <span class='ocrx_word' id='word_1_99' title='bbox 684 1396 852 1475; x_wconf 81' lang='lat' dir='ltr'>Quinctius,</span> <span class='ocrx_word' id='word_1_100' title='bbox 867 1399 944 1462; x_wconf 81' lang='lat' dir='ltr'>sans</span> <span class='ocrx_word' id='word_1_101' title='bbox 956 1415 994 1460; x_wconf 93' lang='lat' dir='ltr'>eo</span> <span class='ocrx_word' id='word_1_102' title='bbox 1008 1406 1126 1461; x_wconf 89' lang='lat' dir='ltr'>terrore</span> 
     </span>
     <span class='ocr_line' id='line_1_15' title="bbox 143 1481 1125 1560; baseline 0 -15"><span class='ocrx_word' id='word_1_103' title='bbox 143 1484 282 1547; x_wconf 83' lang='lat' dir='ltr'>coeruitis</span> <span class='ocrx_word' id='word_1_104' title='bbox 304 1485 542 1547; x_wconf 80' lang='lat' dir='ltr'>excursionibus</span> <span class='ocrx_word' id='word_1_105' title='bbox 556 1482 707 1554; x_wconf 89' lang='lat' dir='ltr'>hostium,</span> <span class='ocrx_word' id='word_1_106' title='bbox 729 1481 803 1543; x_wconf 82' lang='lat' dir='ltr'>nihil</span> <span class='ocrx_word' id='word_1_107' title='bbox 817 1488 942 1559; x_wconf 88' lang='lat' dir='ltr'>praeter</span> <span class='ocrx_word' id='word_1_108' title='bbox 955 1482 1055 1558; x_wconf 78' lang='lat' dir='ltr'>ipsine</span> <span class='ocrx_word' id='word_1_109' title='bbox 1070 1500 1125 1560; x_wconf 93' lang='lat' dir='ltr'>op·</span> 
     </span>
     <span class='ocr_line' id='line_1_16' title="bbox 142 1566 1123 1646; baseline -0.002 -17"><span class='ocrx_word' id='word_1_110' title='bbox 142 1567 359 1645; x_wconf 75' lang='lat' dir='ltr'>pugnationem</span> <span class='ocrx_word' id='word_1_111' title='bbox 371 1567 458 1631; x_wconf 92' lang='lat' dir='ltr'>urbis</span> <span class='ocrx_word' id='word_1_112' title='bbox 473 1581 641 1646; x_wconf 87' lang='lat' dir='ltr'>superesse</span> <span class='ocrx_word' id='word_1_113' title='bbox 655 1572 748 1641; x_wconf 88' lang='lat' dir='ltr'>ratus,</span> <span class='ocrx_word' id='word_1_114' title='bbox 769 1566 874 1628; x_wconf 87' lang='lat' dir='ltr'>missis</span> <span class='ocrx_word' id='word_1_115' title='bbox 888 1566 943 1644; x_wconf 92' lang='lat' dir='ltr'>qui</span> <span class='ocrx_word' id='word_1_116' title='bbox 958 1567 1058 1627; x_wconf 88' lang='lat' dir='ltr'>omnis</span> <span class='ocrx_word' id='word_1_117' title='bbox 1071 1582 1123 1628; x_wconf 89' lang='lat' dir='ltr'>na·</span> 
     </span>
     <span class='ocr_line' id='line_1_17' title="bbox 143 1649 1124 1732; baseline 0 -21"><span class='ocrx_word' id='word_1_118' title='bbox 143 1653 221 1712; x_wconf 86' lang='lat' dir='ltr'>valis</span> <span class='ocrx_word' id='word_1_119' title='bbox 235 1652 339 1714; x_wconf 87' lang='lat' dir='ltr'>socios</span> <span class='ocrx_word' id='word_1_120' title='bbox 354 1653 496 1732; x_wconf 73' lang='lat' dir='ltr'>aGytbio</span> <span class='ocrx_word' id='word_1_121' title='bbox 511 1656 715 1725; x_wconf 84' lang='lat' dir='ltr'>arcesserent,</span> <span class='ocrx_word' id='word_1_122' title='bbox 730 1651 799 1725; x_wconf 90' lang='lat' dir='ltr'>ipse</span> <span class='ocrx_word' id='word_1_123' title='bbox 812 1649 933 1710; x_wconf 88' lang='lat' dir='ltr'>interim</span> <span class='ocrx_word' id='word_1_124' title='bbox 948 1665 1018 1709; x_wconf 85' lang='lat' dir='ltr'>curn</span> <span class='ocrx_word' id='word_1_125' title='bbox 1031 1649 1124 1711; x_wconf 90' lang='lat' dir='ltr'>tribu·</span> 
     </span>
     <span class='ocr_line' id='line_1_18' title="bbox 143 1731 1126 1799; baseline -0.005 -3"><span class='ocrx_word' id='word_1_126' title='bbox 143 1735 192 1797; x_wconf 88' lang='lat' dir='ltr'>nis</span> <span class='ocrx_word' id='word_1_127' title='bbox 198 1735 370 1798; x_wconf 86' lang='lat' dir='ltr'>militumad</span> <span class='ocrx_word' id='word_1_128' title='bbox 379 1737 543 1799; x_wconf 89' lang='lat' dir='ltr'>visendum</span> <span class='ocrx_word' id='word_1_129' title='bbox 552 1734 638 1797; x_wconf 90' lang='lat' dir='ltr'>urbis</span> <span class='ocrx_word' id='word_1_130' title='bbox 650 1734 743 1795; x_wconf 89' lang='lat' dir='ltr'>situm</span> <span class='ocrx_word' id='word_1_131' title='bbox 754 1733 875 1794; x_wconf 88' lang='lat' dir='ltr'>moenia</span> <span class='ocrx_word' id='word_1_132' title='bbox 882 1731 1126 1795; x_wconf 85' lang='lat' dir='ltr'>circumvehitur.</span> 
     </span>
     <span class='ocr_line' id='line_1_19' title="bbox 142 1817 1125 1898; baseline -0.002 -18"><span class='ocrx_word' id='word_1_133' title='bbox 142 1821 241 1882; x_wconf 79' lang='lat' dir='ltr'>tuerat</span> <span class='ocrx_word' id='word_1_134' title='bbox 264 1821 421 1898; x_wconf 89' lang='lat' dir='ltr'>quondam</span> <span class='ocrx_word' id='word_1_135' title='bbox 441 1822 510 1882; x_wconf 88' lang='lat' dir='ltr'>sine</span> <span class='ocrx_word' id='word_1_136' title='bbox 529 1836 617 1881; x_wconf 91' lang='lat' dir='ltr'>muro</span> <span class='ocrx_word' id='word_1_137' title='bbox 633 1817 761 1893; x_wconf 71' lang='lat' dir='ltr'>Spartae</span> <span class='ocrx_word' id='word_1_138' title='bbox 788 1818 913 1895; x_wconf 75' lang='lat' dir='ltr'>tyrarmi</span> <span class='ocrx_word' id='word_1_139' title='bbox 934 1828 1034 1894; x_wconf 88' lang='lat' dir='ltr'>nuper</span> <span class='ocrx_word' id='word_1_140' title='bbox 1047 1818 1125 1880; x_wconf 89' lang='lat' dir='ltr'>locis</span> 
     </span>
     <span class='ocr_line' id='line_1_20' title="bbox 141 1901 1126 1980; baseline -0.003 -14"><span class='ocrx_word' id='word_1_141' title='bbox 141 1905 316 1980; x_wconf 90' lang='lat' dir='ltr'>patentibus</span> <span class='ocrx_word' id='word_1_142' title='bbox 338 1905 501 1980; x_wconf 86' lang='lat' dir='ltr'>planisque</span> <span class='ocrx_word' id='word_1_143' title='bbox 521 1903 696 1964; x_wconf 86' lang='lat' dir='ltr'>obiecerant</span> <span class='ocrx_word' id='word_1_144' title='bbox 715 1916 852 1971; x_wconf 72' lang='lat' dir='ltr'>murum,</span> <span class='ocrx_word' id='word_1_145' title='bbox 881 1901 989 1964; x_wconf 85' lang='lat' dir='ltr'>altiora</span> <span class='ocrx_word' id='word_1_146' title='bbox 1008 1903 1078 1963; x_wconf 85' lang='lat' dir='ltr'>loca</span> <span class='ocrx_word' id='word_1_147' title='bbox 1096 1910 1126 1963; x_wconf 90' lang='lat' dir='ltr'>et</span> 
     </span>
     <span class='ocr_line' id='line_1_21' title="bbox 142 1985 1125 2061; baseline -0.003 -12"><span class='ocrx_word' id='word_1_148' title='bbox 142 1988 279 2050; x_wconf 84' lang='lat' dir='ltr'>difficilia</span> <span class='ocrx_word' id='word_1_149' title='bbox 299 1987 384 2048; x_wconf 89' lang='lat' dir='ltr'>aditu</span> <span class='ocrx_word' id='word_1_150' title='bbox 398 1986 580 2048; x_wconf 88' lang='lat' dir='ltr'>stationibus</span> <span class='ocrx_word' id='word_1_151' title='bbox 595 1992 779 2047; x_wconf 84' lang='lat' dir='ltr'>armatorum</span> <span class='ocrx_word' id='word_1_152' title='bbox 793 2002 852 2061; x_wconf 94' lang='lat' dir='ltr'>pro</span> <span class='ocrx_word' id='word_1_153' title='bbox 866 1985 1055 2048; x_wconf 89' lang='lat' dir='ltr'>munimento</span> <span class='ocrx_word' id='word_1_154' title='bbox 1071 1986 1125 2047; x_wconf 92' lang='lat' dir='ltr'>ob-</span> 
     </span>
     <span class='ocr_line' id='line_1_22' title="bbox 141 2067 1123 2144; baseline -0.001 -13"><span class='ocrx_word' id='word_1_155' title='bbox 141 2072 230 2131; x_wconf 90' lang='lat' dir='ltr'>iectis</span> <span class='ocrx_word' id='word_1_156' title='bbox 250 2070 435 2131; x_wconf 74' lang='lat' dir='ltr'>tutabantur.</span> <span class='ocrx_word' id='word_1_157' title='bbox 464 2068 518 2130; x_wconf 92' lang='lat' dir='ltr'>ubi</span> <span class='ocrx_word' id='word_1_158' title='bbox 538 2069 614 2129; x_wconf 86' lang='lat' dir='ltr'>satis</span> <span class='ocrx_word' id='word_1_159' title='bbox 636 2067 739 2128; x_wconf 88' lang='lat' dir='ltr'>omnia</span> <span class='ocrx_word' id='word_1_160' title='bbox 759 2070 909 2143; x_wconf 87' lang='lat' dir='ltr'>inspexit,</span> <span class='ocrx_word' id='word_1_161' title='bbox 931 2086 1049 2130; x_wconf 89' lang='lat' dir='ltr'>corona</span> <span class='ocrx_word' id='word_1_162' title='bbox 1069 2086 1123 2144; x_wconf 82' lang='lat' dir='ltr'>op</span> 
     </span>
     <span class='ocr_line' id='line_1_23' title="bbox 142 2150 1125 2229; baseline -0.002 -16"><span class='ocrx_word' id='word_1_163' title='bbox 142 2154 342 2229; x_wconf 78' lang='lat' dir='ltr'>pugnandum</span> <span class='ocrx_word' id='word_1_164' title='bbox 360 2159 447 2212; x_wconf 88' lang='lat' dir='ltr'>ratus</span> <span class='ocrx_word' id='word_1_165' title='bbox 468 2151 610 2212; x_wconf 92' lang='lat' dir='ltr'>omnibus</span> <span class='ocrx_word' id='word_1_166' title='bbox 630 2150 729 2225; x_wconf 84' lang='lat' dir='ltr'>copiis</span> <span class='ocrx_word' id='word_1_167' title='bbox 743 2183 786 2198; x_wconf 93' lang='lat'><em>-</em></span> <span class='ocrx_word' id='word_1_168' title='bbox 799 2157 887 2210; x_wconf 87' lang='lat' dir='ltr'>erant</span> <span class='ocrx_word' id='word_1_169' title='bbox 899 2158 1000 2215; x_wconf 86' lang='lat' dir='ltr'>autem</span> <span class='ocrx_word' id='word_1_170' title='bbox 1013 2152 1125 2214; x_wconf 89' lang='lat' dir='ltr'>Roma·</span> 
     </span>
     <span class='ocr_line' id='line_1_24' title="bbox 141 2232 1127 2312; baseline -0.002 -16"><span class='ocrx_word' id='word_1_171' title='bbox 141 2252 253 2298; x_wconf 88' lang='lat' dir='ltr'>norum</span> <span class='ocrx_word' id='word_1_172' title='bbox 273 2234 505 2312; x_wconf 86' lang='lat' dir='ltr'>sociorumque,</span> <span class='ocrx_word' id='word_1_173' title='bbox 531 2234 622 2296; x_wconf 87' lang='lat' dir='ltr'>simul</span> <span class='ocrx_word' id='word_1_174' title='bbox 641 2232 779 2308; x_wconf 87' lang='lat' dir='ltr'>peditum</span> <span class='ocrx_word' id='word_1_175' title='bbox 801 2234 1015 2310; x_wconf 85' lang='lat' dir='ltr'>equitumque,</span> <span class='ocrx_word' id='word_1_176' title='bbox 1038 2234 1127 2295; x_wconf 87' lang='lat' dir='ltr'>simul</span> 
     </span>
     <span class='ocr_line' id='line_1_25' title="bbox 142 2317 1128 2395; baseline -0.003 -13"><span class='ocrx_word' id='word_1_177' title='bbox 142 2318 330 2382; x_wconf 78' lang='lat' dir='ltr'>terrestrium</span> <span class='ocrx_word' id='word_1_178' title='bbox 343 2335 380 2381; x_wconf 87' lang='lat' dir='ltr'>ac</span> <span class='ocrx_word' id='word_1_179' title='bbox 395 2319 548 2381; x_wconf 87' lang='lat' dir='ltr'>navalium</span> <span class='ocrx_word' id='word_1_180' title='bbox 561 2318 734 2395; x_wconf 87' lang='lat' dir='ltr'>copiarum,</span> <span class='ocrx_word' id='word_1_181' title='bbox 755 2317 796 2378; x_wconf 92' lang='lat' dir='ltr'>ad</span> <span class='ocrx_word' id='word_1_182' title='bbox 810 2317 1033 2394; x_wconf 71' lang='lat' dir='ltr'>quinquaginta</span> <span class='ocrx_word' id='word_1_183' title='bbox 1046 2319 1128 2379; x_wconf 89' lang='lat' dir='ltr'>milia</span> 
     </span>
     <span class='ocr_line' id='line_1_26' title="bbox 141 2401 1125 2478; baseline -0.003 -13"><span class='ocrx_word' id='word_1_184' title='bbox 141 2403 297 2468; x_wconf 90' lang='lat' dir='ltr'>hominum</span> <span class='ocrx_word' id='word_1_185' title='bbox 311 2437 348 2449; x_wconf 89' lang='lat'>-</span> <span class='ocrx_word' id='word_1_186' title='bbox 360 2404 469 2464; x_wconf 92' lang='lat' dir='ltr'>urbem</span> <span class='ocrx_word' id='word_1_187' title='bbox 483 2404 585 2465; x_wconf 85' lang='lat' dir='ltr'>cinxit</span> <span class='ocrx_word' id='word_1_188' title='bbox 607 2402 659 2463; x_wconf 92' lang='lat' dir='ltr'>alii</span> <span class='ocrx_word' id='word_1_189' title='bbox 673 2403 785 2477; x_wconf 84' lang='lat' dir='ltr'>scalas,</span> <span class='ocrx_word' id='word_1_190' title='bbox 800 2401 851 2462; x_wconf 86' lang='lat' dir='ltr'>alii</span> <span class='ocrx_word' id='word_1_191' title='bbox 865 2401 977 2478; x_wconf 80' lang='lat' dir='ltr'>ignem,</span> <span class='ocrx_word' id='word_1_192' title='bbox 992 2402 1043 2463; x_wconf 86' lang='lat' dir='ltr'>atii</span> <span class='ocrx_word' id='word_1_193' title='bbox 1057 2402 1125 2472; x_wconf 85' lang='lat' dir='ltr'>alia.</span> 
     </span>
     <span class='ocr_line' id='line_1_27' title="bbox 142 2486 1124 2565; baseline -0.004 -16"><span class='ocrx_word' id='word_1_194' title='bbox 142 2488 254 2564; x_wconf 81' lang='lat' dir='ltr'>quibus</span> <span class='ocrx_word' id='word_1_195' title='bbox 275 2505 338 2550; x_wconf 93' lang='lat' dir='ltr'>non</span> <span class='ocrx_word' id='word_1_196' title='bbox 353 2495 570 2565; x_wconf 77' lang='lat' dir='ltr'>oppugnarent</span> <span class='ocrx_word' id='word_1_197' title='bbox 581 2488 675 2549; x_wconf 90' lang='lat' dir='ltr'>modo</span> <span class='ocrx_word' id='word_1_198' title='bbox 689 2487 748 2548; x_wconf 92' lang='lat' dir='ltr'>sed</span> <span class='ocrx_word' id='word_1_199' title='bbox 761 2486 853 2548; x_wconf 89' lang='lat' dir='ltr'>etiam</span> <span class='ocrx_word' id='word_1_200' title='bbox 867 2493 1032 2560; x_wconf 90' lang='lat' dir='ltr'>terrerent,</span> <span class='ocrx_word' id='word_1_201' title='bbox 1054 2501 1124 2562; x_wconf 90' lang='lat' dir='ltr'>por-</span> 
     </span>
     <span class='ocr_line' id='line_1_28' title="bbox 140 2570 1129 2648; baseline -0.001 -15"><span class='ocrx_word' id='word_1_202' title='bbox 140 2574 254 2635; x_wconf 90' lang='lat' dir='ltr'>tabant.</span> <span class='ocrx_word' id='word_1_203' title='bbox 288 2572 366 2634; x_wconf 89' lang='lat' dir='ltr'>iussi</span> <span class='ocrx_word' id='word_1_204' title='bbox 389 2575 523 2635; x_wconf 87' lang='lat' dir='ltr'>clamore</span> <span class='ocrx_word' id='word_1_205' title='bbox 538 2571 659 2633; x_wconf 86' lang='lat' dir='ltr'>sublato</span> <span class='ocrx_word' id='word_1_206' title='bbox 675 2570 779 2633; x_wconf 88' lang='lat' dir='ltr'>subire</span> <span class='ocrx_word' id='word_1_207' title='bbox 796 2570 935 2648; x_wconf 86' lang='lat' dir='ltr'>undique</span> <span class='ocrx_word' id='word_1_208' title='bbox 950 2585 1073 2647; x_wconf 90' lang='lat' dir='ltr'>omnes,</span> <span class='ocrx_word' id='word_1_209' title='bbox 1094 2577 1129 2632; x_wconf 89' lang='lat' dir='ltr'>ut</span> 
     </span>
     <span class='ocr_line' id='line_1_29' title="bbox 142 2655 1128 2733; baseline 0 -17"><span class='ocrx_word' id='word_1_210' title='bbox 142 2672 205 2733; x_wconf 89' lang='lat' dir='ltr'>qua</span> <span class='ocrx_word' id='word_1_211' title='bbox 225 2655 356 2732; x_wconf 91' lang='lat' dir='ltr'>primum</span> <span class='ocrx_word' id='word_1_212' title='bbox 376 2664 573 2718; x_wconf 85' lang='lat' dir='ltr'>occurrerant</span> <span class='ocrx_word' id='word_1_213' title='bbox 593 2671 695 2732; x_wconf 89' lang='lat' dir='ltr'>quave</span> <span class='ocrx_word' id='word_1_214' title='bbox 711 2671 802 2732; x_wconf 89' lang='lat' dir='ltr'>opern</span> <span class='ocrx_word' id='word_1_215' title='bbox 817 2656 947 2728; x_wconf 78' lang='lat' dir='ltr'>renent,</span> <span class='ocrx_word' id='word_1_216' title='bbox 968 2655 1128 2716; x_wconf 85' lang='lat' dir='ltr'>adomnia</span> 
     </span>
     <span class='ocr_line' id='line_1_30' title="bbox 141 2738 1127 2815; baseline 0 -17"><span class='ocrx_word' id='word_1_217' title='bbox 141 2740 232 2799; x_wconf 88' lang='lat' dir='ltr'>simui</span> <span class='ocrx_word' id='word_1_218' title='bbox 247 2747 396 2814; x_wconf 86' lang='lat' dir='ltr'>paventes</span> <span class='ocrx_word' id='word_1_219' title='bbox 406 2739 641 2801; x_wconf 82' lang='lat' dir='ltr'>Lacedaemonii</span> <span class='ocrx_word' id='word_1_220' title='bbox 654 2739 839 2814; x_wconf 73' lang='lat' dir='ltr'>ignorarent</span> <span class='ocrx_word' id='word_1_221' title='bbox 862 2738 948 2815; x_wconf 92' lang='lat' dir='ltr'>quod</span> <span class='ocrx_word' id='word_1_222' title='bbox 962 2738 1084 2800; x_wconf 85' lang='lat' dir='ltr'>roboris</span> <span class='ocrx_word' id='word_1_223' title='bbox 1095 2738 1127 2799; x_wconf 90' lang='lat' dir='ltr'>in</span> 
     </span>
     <span class='ocr_line' id='line_1_31' title="bbox 141 2821 1158 2898; baseline 0.005 -15"><span class='ocrx_word' id='word_1_224' title='bbox 141 2821 279 2883; x_wconf 87' lang='lat' dir='ltr'>exercitu</span> <span class='ocrx_word' id='word_1_225' title='bbox 299 2829 380 2896; x_wconf 85' lang='lat' dir='ltr'>erat,</span> <span class='ocrx_word' id='word_1_226' title='bbox 401 2823 547 2883; x_wconf 78' lang='lat' dir='ltr'>tritanum</span> <span class='ocrx_word' id='word_1_227' title='bbox 567 2823 709 2883; x_wconf 87' lang='lat' dir='ltr'>divisum.</span> <span class='ocrx_word' id='word_1_228' title='bbox 746 2829 833 2898; x_wconf 85' lang='lat' dir='ltr'>parte</span> <span class='ocrx_word' id='word_1_229' title='bbox 851 2838 914 2882; x_wconf 88' lang='lat' dir='ltr'>ona</span> <span class='ocrx_word' id='word_1_230' title='bbox 933 2838 953 2882; x_wconf 90' lang='lat' dir='ltr'>a</span> <span class='ocrx_word' id='word_1_231' title='bbox 972 2821 1127 2897; x_wconf 86' lang='lat' dir='ltr'>Phoebeo,</span> <span class='ocrx_word' id='word_1_232' title='bbox 1153 2875 1158 2888; x_wconf 90' lang='lat'><em>.</em></span> 
     </span>
     <span class='ocr_line' id='line_1_32' title="bbox 142 2905 1127 2985; baseline -0.004 -14"><span class='ocrx_word' id='word_1_233' title='bbox 142 2907 239 2971; x_wconf 76' lang='lat' dir='ltr'>altera</span> <span class='ocrx_word' id='word_1_234' title='bbox 252 2922 271 2965; x_wconf 87' lang='lat' dir='ltr'>a</span> <span class='ocrx_word' id='word_1_235' title='bbox 284 2906 474 2985; x_wconf 77' lang='lat' dir='ltr'>Dictynueo,</span> <span class='ocrx_word' id='word_1_236' title='bbox 496 2906 585 2967; x_wconf 89' lang='lat' dir='ltr'>tertia</span> <span class='ocrx_word' id='word_1_237' title='bbox 605 2907 644 2966; x_wconf 88' lang='lat' dir='ltr'>ab</span> <span class='ocrx_word' id='word_1_238' title='bbox 666 2921 704 2967; x_wconf 89' lang='lat' dir='ltr'>co</span> <span class='ocrx_word' id='word_1_239' title='bbox 718 2906 788 2966; x_wconf 92' lang='lat' dir='ltr'>loco</span> <span class='ocrx_word' id='word_1_240' title='bbox 807 2921 899 2981; x_wconf 87' lang='lat' dir='ltr'>quem</span> <span class='ocrx_word' id='word_1_241' title='bbox 915 2905 1127 2982; x_wconf 76' lang='lat' dir='ltr'>Heptagonias</span> 
     </span>
     <span class='ocr_line' id='line_1_33' title="bbox 141 2988 1128 3067; baseline -0.001 -17"><span class='ocrx_word' id='word_1_242' title='bbox 141 2990 299 3067; x_wconf 82' lang='lat' dir='ltr'>appeliant</span> <span class='ocrx_word' id='word_1_243' title='bbox 313 3023 352 3035; x_wconf 89' lang='lat'><em>—</em></span> <span class='ocrx_word' id='word_1_244' title='bbox 366 2989 468 3050; x_wconf 89' lang='lat' dir='ltr'>omnia</span> <span class='ocrx_word' id='word_1_245' title='bbox 491 2995 593 3050; x_wconf 87' lang='lat' dir='ltr'>autem</span> <span class='ocrx_word' id='word_1_246' title='bbox 616 2989 694 3050; x_wconf 87' lang='lat' dir='ltr'>haec</span> <span class='ocrx_word' id='word_1_247' title='bbox 719 2995 826 3066; x_wconf 88' lang='lat' dir='ltr'>aperta</span> <span class='ocrx_word' id='word_1_248' title='bbox 851 2988 920 3049; x_wconf 85' lang='lat' dir='ltr'>sine</span> <span class='ocrx_word' id='word_1_249' title='bbox 945 3006 1033 3050; x_wconf 88' lang='lat' dir='ltr'>muro</span> <span class='ocrx_word' id='word_1_250' title='bbox 1058 2992 1128 3051; x_wconf 88' lang='lat' dir='ltr'>loca</span> 
     </span>
     <span class='ocr_line' id='line_1_34' title="bbox 141 3073 1128 3150; baseline 0 -16"><span class='ocrx_word' id='word_1_251' title='bbox 141 3081 213 3136; x_wconf 92' lang='lat' dir='ltr'>suut</span> <span class='ocrx_word' id='word_1_252' title='bbox 222 3106 265 3120; x_wconf 93' lang='lat'>-</span> <span class='ocrx_word' id='word_1_253' title='bbox 279 3073 408 3149; x_wconf 81' lang='lat' dir='ltr'>adgredi</span> <span class='ocrx_word' id='word_1_254' title='bbox 426 3074 520 3135; x_wconf 90' lang='lat' dir='ltr'>iubet.</span> <span class='ocrx_word' id='word_1_255' title='bbox 554 3089 624 3135; x_wconf 88' lang='lat' dir='ltr'>cum</span> <span class='ocrx_word' id='word_1_256' title='bbox 636 3080 739 3136; x_wconf 87' lang='lat' dir='ltr'>tantus</span> <span class='ocrx_word' id='word_1_257' title='bbox 753 3073 893 3150; x_wconf 88' lang='lat' dir='ltr'>undique</span> <span class='ocrx_word' id='word_1_258' title='bbox 905 3079 1006 3134; x_wconf 89' lang='lat' dir='ltr'>terror</span> <span class='ocrx_word' id='word_1_259' title='bbox 1019 3073 1128 3135; x_wconf 89' lang='lat' dir='ltr'>urbem</span> 
     </span>
     <span class='ocr_line' id='line_1_35' title="bbox 141 3158 1126 3237; baseline -0.001 -19"><span class='ocrx_word' id='word_1_260' title='bbox 141 3158 398 3233; x_wconf 86' lang='lat' dir='ltr'>circumvasisset,</span> <span class='ocrx_word' id='word_1_261' title='bbox 412 3158 512 3234; x_wconf 91' lang='lat' dir='ltr'>primo</span> <span class='ocrx_word' id='word_1_262' title='bbox 526 3165 675 3237; x_wconf 80' lang='lat' dir='ltr'>tyrannus</span> <span class='ocrx_word' id='word_1_263' title='bbox 691 3164 721 3219; x_wconf 91' lang='lat' dir='ltr'>et</span> <span class='ocrx_word' id='word_1_264' title='bbox 732 3158 773 3219; x_wconf 87' lang='lat' dir='ltr'>ad</span> <span class='ocrx_word' id='word_1_265' title='bbox 784 3158 936 3219; x_wconf 86' lang='lat' dir='ltr'>clamores</span> <span class='ocrx_word' id='word_1_266' title='bbox 947 3158 1126 3235; x_wconf 90' lang='lat' dir='ltr'>repentinos</span> 
     </span>
     <span class='ocr_line' id='line_1_36' title="bbox 142 3241 1126 3319; baseline 0.001 -18"><span class='ocrx_word' id='word_1_267' title='bbox 142 3248 173 3302; x_wconf 88' lang='lat' dir='ltr'>ct</span> <span class='ocrx_word' id='word_1_268' title='bbox 185 3242 225 3303; x_wconf 90' lang='lat' dir='ltr'>ad</span> <span class='ocrx_word' id='word_1_269' title='bbox 246 3243 369 3306; x_wconf 89' lang='lat' dir='ltr'>nuntios</span> <span class='ocrx_word' id='word_1_270' title='bbox 388 3243 526 3318; x_wconf 89' lang='lat' dir='ltr'>trepidos</span> <span class='ocrx_word' id='word_1_271' title='bbox 547 3250 664 3315; x_wconf 89' lang='lat' dir='ltr'>motus,</span> <span class='ocrx_word' id='word_1_272' title='bbox 684 3249 719 3303; x_wconf 87' lang='lat' dir='ltr'>ut</span> <span class='ocrx_word' id='word_1_273' title='bbox 739 3242 872 3319; x_wconf 82' lang='lat' dir='ltr'>quisque</span> <span class='ocrx_word' id='word_1_274' title='bbox 895 3244 1028 3303; x_wconf 87' lang='lat' dir='ltr'>maxime</span> <span class='ocrx_word' id='word_1_275' title='bbox 1043 3241 1126 3302; x_wconf 87' lang='lat' dir='ltr'>tabo·</span> 
     </span>
     <span class='ocr_line' id='line_1_37' title="bbox 140 3324 1126 3406; baseline -0.002 -21"><span class='ocrx_word' id='word_1_276' title='bbox 140 3325 229 3388; x_wconf 87' lang='lat' dir='ltr'>rabat</span> <span class='ocrx_word' id='word_1_277' title='bbox 252 3329 356 3401; x_wconf 91' lang='lat' dir='ltr'>locus,</span> <span class='ocrx_word' id='word_1_278' title='bbox 381 3333 434 3388; x_wconf 87' lang='lat' dir='ltr'>aut</span> <span class='ocrx_word' id='word_1_279' title='bbox 457 3328 527 3402; x_wconf 90' lang='lat' dir='ltr'>ipse</span> <span class='ocrx_word' id='word_1_280' title='bbox 552 3327 735 3387; x_wconf 86' lang='lat' dir='ltr'>occurrebat</span> <span class='ocrx_word' id='word_1_281' title='bbox 760 3334 812 3388; x_wconf 88' lang='lat' dir='ltr'>aut</span> <span class='ocrx_word' id='word_1_282' title='bbox 834 3327 956 3401; x_wconf 87' lang='lat' dir='ltr'>aliquos</span> <span class='ocrx_word' id='word_1_283' title='bbox 980 3324 1126 3406; x_wconf 87' lang='lat' dir='ltr'>mittebat.</span> 
     </span>
     <span class='ocr_line' id='line_1_38' title="bbox 140 3408 1126 3487; baseline -0.002 -19"><span class='ocrx_word' id='word_1_284' title='bbox 140 3408 254 3470; x_wconf 91' lang='lat' dir='ltr'>deinde</span> <span class='ocrx_word' id='word_1_285' title='bbox 275 3410 460 3472; x_wconf 81' lang='lat' dir='ltr'>circumsiuso</span> <span class='ocrx_word' id='word_1_286' title='bbox 480 3410 619 3486; x_wconf 91' lang='lat' dir='ltr'>undique</span> <span class='ocrx_word' id='word_1_287' title='bbox 638 3424 758 3487; x_wconf 87' lang='lat' dir='ltr'>pavore</span> <span class='ocrx_word' id='word_1_288' title='bbox 770 3410 813 3471; x_wconf 85' lang='lat' dir='ltr'>ita</span> <span class='ocrx_word' id='word_1_289' title='bbox 829 3408 999 3486; x_wconf 89' lang='lat' dir='ltr'>obtorpuit,</span> <span class='ocrx_word' id='word_1_290' title='bbox 1021 3414 1056 3469; x_wconf 88' lang='lat' dir='ltr'>ut</span> <span class='ocrx_word' id='word_1_291' title='bbox 1069 3422 1126 3467; x_wconf 85' lang='lat' dir='ltr'>nec</span> 
     </span>
     <span class='ocr_line' id='line_1_39' title="bbox 141 3492 1127 3571; baseline -0.001 -19"><span class='ocrx_word' id='word_1_292' title='bbox 141 3493 245 3553; x_wconf 87' lang='lat' dir='ltr'>dicere</span> <span class='ocrx_word' id='word_1_293' title='bbox 266 3494 350 3571; x_wconf 92' lang='lat' dir='ltr'>quod</span> <span class='ocrx_word' id='word_1_294' title='bbox 369 3494 400 3553; x_wconf 93' lang='lat' dir='ltr'>in</span> <span class='ocrx_word' id='word_1_295' title='bbox 420 3510 486 3555; x_wconf 88' lang='lat' dir='ltr'>rem</span> <span class='ocrx_word' id='word_1_296' title='bbox 506 3500 670 3555; x_wconf 90' lang='lat' dir='ltr'>essetnec</span> <span class='ocrx_word' id='word_1_297' title='bbox 690 3494 798 3555; x_wconf 91' lang='lat' dir='ltr'>audire</span> <span class='ocrx_word' id='word_1_298' title='bbox 816 3499 941 3566; x_wconf 84' lang='lat' dir='ltr'>posset.</span> <span class='ocrx_word' id='word_1_299' title='bbox 963 3506 1020 3549; x_wconf 85' lang='lat' dir='ltr'>nec</span> <span class='ocrx_word' id='word_1_300' title='bbox 1035 3492 1127 3565; x_wconf 90' lang='lat' dir='ltr'>inops</span> 
     </span>
    </p>
   </div>
   <div class='ocr_carea' id='block_1_3' title="bbox 0 0 1305 4000">
    <p class='ocr_par' dir='ltr' id='par_1_4' title="bbox 0 0 1305 4000">
     <span class='ocr_line' id='line_1_40' title="bbox 0 0 1305 4000; baseline 0 0"><span class='ocrx_word' id='word_1_301' title='bbox 0 0 1305 4000; x_wconf 95' lang='lat' dir='ltr'> </span> 
     </span>
    </p>
   </div>
  </div>
 </body>
</html>
