2600 4000
210 248 272 311 aro
337 238 593 307 nronnxxxv,
610 243 692 306 car.
708 252 861 309 romae.
883 252 966 321 pu.
982 270 1007 308 a
1023 255 1086 318 soor
1183 264 1185 269 >

211 416 272 477 que
284 398 502 460 Chalcidenses
514 412 615 473 neque
625 396 747 457 vindice
762 396 907 458 libertatis
922 399 984 459 ullo
1000 413 1107 474 egere,
1122 416 1188 462 cum

210 484 296 545 liberi
310 483 386 556 sint,
406 496 509 557 neque
523 480 695 556 praesidio,
718 494 787 540 cum
802 495 910 555 pacem
930 481 1069 541 eiusdem
1084 485 1188 560 populi

210 568 337 630 Romani
358 564 509 627 beneflcio
530 571 561 626 et
579 563 748 624 libertatem
762 563 904 625 habeant
932 565 1095 627 amicitiam
1109 567 1189 643 regis

209 669 271 714 non
283 649 458 728 aspernari,
473 663 575 725 neque
586 648 727 723 ipsorum
738 649 927 709 Aetolorum.
948 648 980 709 id
992 648 1122 724 primum
1134 667 1187 712 eos

208 752 267 812 pro
278 735 384 797 arrricis
396 735 541 808 iacturas,
557 732 584 794 si
595 732 697 794 insula
708 730 964 808 excedantatque
975 733 1095 795 abeant
1118 751 1186 802 nam

208 818 286 898 ipsis
302 824 418 881 certum
433 833 505 878 esse
519 834 583 878 non
596 817 690 876 modo
704 831 765 876 non
780 815 921 892 recipere
935 817 1111 891 moenibus,
1131 820 1187 879 sed

208 920 247 965 ne
268 903 444 965 societatem
470 901 595 977 quidem
614 900 707 960 ullam
731 899 848 975 pacisci
868 899 928 961 nisi
949 915 989 960 ex
1010 901 1188 963 auctoritate

209 990 425 1050 Romanorum.
459 984 577 1044 XLVII.
598 983 676 1043 haec
689 983 860 1044 renuntiata
874 983 940 1058 regi
954 985 994 1044 ad
1008 1001 1120 1060 naves,
1136 987 1188 1047 nbi

207 1071 373 1143 restiterat,
395 1084 464 1128 cum
485 1074 605 1142 essent,
630 1069 661 1126 in
682 1068 913 1143 praesentia-
927 1082 1029 1144 neque
1051 1069 1130 1131 eninr
1150 1070 1188 1131 iis

211 1159 335 1215 venerat
359 1152 473 1228 copiis,
498 1160 532 1212 ut
552 1151 582 1211 vi
603 1165 695 1226 agere
716 1152 879 1229 quicquam
900 1160 1009 1226 posset
1021 1155 1189 1216 -reverti

209 1236 430 1300 Demetriadem
451 1234 573 1310 placuit.
606 1235 648 1295 ibi
670 1235 813 1310 quoniam
835 1235 964 1310 primum
981 1253 1092 1298 vanum
1105 1238 1186 1299 ince-

209 1329 294 1399 ptum
308 1319 475 1392 evasisset,
491 1321 666 1381 consultare
681 1334 750 1380 curn
763 1318 880 1380 Aetolis
895 1335 968 1396 rex,
987 1320 1060 1397 quid
1075 1320 1188 1383 deinde

208 1406 303 1485 fleret.
325 1403 731 1482 placuitBoeotosAchaecs
739 1403 972 1483 Amynandrum
982 1405 1187 1480 regemAtha-

207 1506 330 1551 manum
344 1496 502 1565 temptare.
525 1490 712 1550 Boeotorum
731 1495 852 1563 gentem
867 1502 1008 1548 aversam
1022 1488 1061 1549 ab
1075 1489 1186 1551 Roma«
1298 1508 1299 1569 ζ

208 1577 256 1635 nis
279 1574 340 1635 iam
365 1574 437 1633 inde
458 1589 477 1633 a
495 1572 678 1650 Brachyllae
702 1577 813 1645 morte,
840 1578 870 1632 et
890 1588 971 1648 quae
992 1579 1099 1634 secuta
1119 1590 1188 1635 eam
1298 1590 1299 1593 ¹

209 1660 342 1734 lucrant,
364 1657 545 1727 censebant;
567 1654 763 1717 Achaeorum
782 1654 1051 1731 Philopoemenem
1075 1658 1187 1733 princi·

209 1757 279 1820 pem
298 1742 501 1802 aemulatione
521 1740 637 1816 gloriae
658 1739 688 1799 in
707 1738 789 1800 bello
803 1740 959 1801 Laconum
980 1740 1125 1803 Infestum
1142 1744 1186 1802 in·

206 1828 371 1903 visumque
385 1839 458 1885 esse
473 1823 610 1898 QuincIIo
633 1823 808 1884 credebant.
837 1823 1040 1903 Amynander
1058 1841 1188 1886 uxorem

207 1911 382 1986 Apamiam,
397 1907 490 1968 illlam
502 1906 672 1967 Alexandri
687 1907 846 1968 cuiusdam
858 1907 1117 1985 Megalopolitani,
1131 1909 1186 1970 ha-

206 1992 313 2068 bebat,
334 1992 437 2069 quise
459 1991 619 2053 oriundum
634 2009 653 2053 a
666 2007 777 2067 magno
793 1993 970 2054 Alexandro
991 1994 1094 2055 ferens
1114 1993 1186 2055 flliIs

208 2077 329 2139 duobus
343 2075 516 2152 Philippum
537 2083 629 2152 atque
643 2076 852 2137 Alexandrum
873 2084 903 2138 et
924 2077 1005 2138 filiae
1024 2078 1188 2153 Apamiam

207 2162 331 2223 nomina
345 2161 547 2238 imposuerat;
572 2176 663 2237 quam
682 2161 775 2236 regiis
797 2161 940 2222 inclutam
961 2162 1075 2237 nuptiis
1090 2163 1189 2224 maior

208 2262 247 2308 ex
258 2247 400 2308 iratribus
407 2245 566 2322 Philippus
577 2252 704 2307 secutus
715 2246 746 2304 ia
752 2244 962 2305 Athamaniam
976 2246 1084 2307 luerat.
1104 2244 1189 2309 huno

207 2332 284 2394 iorte
304 2329 427 2407 ingenio
447 2345 560 2389 vanum
580 2330 682 2389 Aetoli
703 2335 734 2389 et
753 2328 924 2390 Antiochus
949 2330 1133 2405 impulerant
1157 2332 1190 2391 ln

208 2431 310 2492 spem,
336 2414 420 2491 quod
441 2413 468 2472 is
482 2428 556 2474 vere
569 2428 677 2487 regum
691 2410 795 2487 stirpis
816 2421 913 2485 esset,
940 2412 1026 2490 regni
1040 2414 1189 2476 Macedo·
1203 2470 1206 2473 ,

207 2500 290 2572 niae,
303 2497 330 2559 si
341 2497 573 2574 Amynandrum
586 2495 995 2571 AthmnunesqueAntiocho
1008 2497 1189 2560 conluans—

207 2588 262 2642 set.
285 2588 315 2641 et
329 2594 366 2639 ea
376 2578 495 2638 vanitas
507 2578 729 2653 promissorum
740 2595 802 2640 non
815 2582 898 2657 apud
909 2581 1081 2658 Philippum
1091 2583 1189 2645 modo

206 2665 263 2728 sed
278 2663 368 2725 ctiam
383 2661 466 2737 apud
481 2662 714 2740 Amynandrum
729 2665 831 2724 valuit.

290 2746 422 2807 XLVIII.
455 2745 489 2805 ln
508 2746 627 2807 Achaia
651 2746 759 2822 legahs
780 2748 924 2811 Antiochi
944 2751 1191 2829 Aetolorumque

206 2848 309 2907 coram
320 2832 352 2892 Τ.
366 2829 504 2906 Quinctio
516 2830 605 2907 Aegii
618 2832 721 2893 datum
734 2838 782 2892 est
793 2833 964 2895 concillum.
985 2834 1127 2897 Antiochi
1145 2839 1189 2896 le-

205 2923 294 2993 gatus
310 2915 395 2992 prior
410 2932 501 2993 quam
514 2914 616 2976 Aetoli
631 2922 680 2977 est
692 2916 823 2977 auditus.
845 2917 888 2991 is,
903 2925 937 2978 ut
949 2920 1090 2996 plerique
1105 2936 1190 2995 quos
1254 2967 1258 2976 .

205 3016 283 3076 opes
293 3000 398 3076 regiae
409 3002 499 3074 alunt,
514 3000 699 3075 vaniloquus
709 2998 805 3060 maria
815 3008 977 3077 terrasque
988 3002 1071 3064 inani
1082 3004 1192 3066 sonitu

205 3084 370 3153 verborum
385 3085 558 3160 complevit.
590 3084 726 3159 equitum
747 3084 997 3146 Innumerabilem
1020 3087 1079 3147 vim
1100 3088 1192 3148 traIci

204 3167 404 3244 Hellesponto
430 3168 460 3227 in
480 3167 651 3243 Europam,
676 3168 786 3244 partim
811 3169 971 3245 loricatos,
997 3187 1078 3246 quos
1103 3177 1191 3232 cata·

205 3251 351 3330 phractos
365 3258 492 3325 vocant,
508 3252 617 3327 partim
632 3251 749 3327 sagittis
761 3268 799 3312 ex
811 3268 893 3328 equo
906 3254 1033 3328 utenda,
1049 3261 1080 3316 et
1091 3272 1109 3315 a
1121 3273 1192 3331 quo

205 3334 278 3398 nihil
292 3335 367 3396 satis
382 3334 452 3396 tecti
468 3336 521 3410 sit,
542 3351 653 3397 averso
674 3335 850 3412 reIugIentis
865 3353 946 3414 equo
961 3339 1074 3399 certius
1089 3339 1192 3414 figen-

205 3426 262 3481 tes.
282 3419 330 3481 his
346 3419 540 3495 equestribus
557 3419 657 3494 copiis
672 3435 857 3495 quamquam
872 3423 920 3481 vel
935 3422 1029 3483 totius
1040 3422 1194 3499 Europae

206 3501 359 3565 exercitus
374 3504 404 3562 in
421 3518 513 3563 unum
530 3503 627 3564 coacti
643 3502 730 3563 obrui
750 3511 891 3578 possent,
915 3504 1065 3565 adiciebat
1085 3508 1191 3569 multi·
