2600 4000
242 254 503 317 tmaaxxxtu.
527 255 609 316 cnr.
624 263 669 319 aa
682 261 781 318 mro.
804 262 884 330 [ac.
899 259 960 336 195]
1030 256 1092 320 tna

4 405 6 440 ³
110 385 227 486 paratis
241 407 301 467 iarn
315 416 386 468 ante
402 406 545 469 omnihus
560 408 599 467 ad
613 408 730 482 lugam,
747 407 930 467 obversatus
945 424 983 470 eo
998 409 1047 468 die
1061 410 1092 470 in

108 495 179 555 ioro
194 490 380 553 avertendae
395 490 582 567 suspicionis
598 505 703 566 causa,
717 488 824 565 primis
834 490 969 551 tenebris
980 493 1094 555 vestitu
1207 488 1210 494 ’

109 575 227 638 lorensi
249 574 290 635 ad
309 581 429 650 portam
444 590 513 635 cum
528 574 649 635 duobus
666 573 827 634 comitibus
842 574 956 649 ignaris
972 573 1094 635 consilii

109 666 160 721 est
180 674 337 733 egressus.
371 657 503 718 XLVHI.
532 673 602 718 cum
617 657 704 732 equi,
726 672 789 732 quo
810 657 841 717 in
861 658 931 718 loco
950 658 1092 733 iusserat,

109 750 236 820 praesto
256 742 401 816 tuissent,
426 747 516 802 nocte
529 739 697 818 Byzacium
710 737 809 802 —ita
825 740 982 815 regionem
997 757 1093 816 quan-

110 827 183 888 dam
202 825 270 886 Airi
295 830 700 899 vocant—transgressus,
725 830 853 899 postero
879 824 930 884 die
950 826 990 885 ad
1009 839 1094 885 mare

109 909 190 972 inter
203 909 347 987 Acyllam
367 914 398 969 et
410 908 566 983 Thapsum
587 908 628 968 ad
642 923 730 969 suam
747 913 860 968 turrem
875 908 1022 982 pervenit.
1050 907 1093 967 ihi

111 1010 181 1055 eum
196 998 303 1068 parata
316 993 528 1067 instructaque
541 991 668 1066 remigio
681 992 804 1067 excepit
814 991 912 1051 navis.
935 991 977 1053 ita
987 990 1094 1051 Africa

109 1076 262 1141 Hannibal
282 1075 433 1150 excessit,
453 1073 579 1151 saepius
601 1075 719 1150 patriae
740 1090 833 1150 quam
846 1091 936 1136 suum
951 1082 1093 1136 eventum

110 1161 284 1222 miseratus.
317 1159 428 1220 ecdem
447 1159 498 1219 die
516 1159 549 1219 in
564 1159 721 1219 Cercinam
741 1159 872 1219 insulam
891 1157 1018 1218 traiecit.
1039 1155 1094 1219 ubi

112 1261 180 1305 cum
200 1242 232 1303 in
256 1249 349 1319 portu
373 1258 469 1303 naves
495 1242 612 1318 aliquot
630 1241 817 1304 Phoenicum
841 1242 998 1304 onerarias
1024 1257 1094 1303 cum

110 1325 265 1388 mercibus
280 1327 458 1402 invenisset,
475 1334 506 1389 et
519 1326 560 1387 ad
574 1341 734 1402 egressum
749 1343 819 1388 eum
834 1342 852 1387 e
866 1342 945 1386 nave
964 1341 1092 1387 concur·

113 1428 168 1473 sus
184 1410 377 1472 salutantium
391 1411 476 1472 esset
489 1413 604 1485 iactus,
626 1410 896 1485 percunctantibus
911 1411 1043 1484 legatum
1058 1425 1093 1470 se

111 1493 227 1573 lprmn
240 1492 366 1556 missum
381 1495 441 1556 dici
455 1494 553 1556 iussit.
587 1492 704 1555 veritus
718 1503 834 1568 tamen,
856 1510 896 1554 ne
912 1509 973 1569 qua
987 1509 1093 1553 aarum

112 1578 203 1638 navis
218 1584 307 1640 nocte
320 1579 461 1654 proiecta
474 1578 629 1654 Thitpsum
644 1585 697 1639 aut
709 1578 928 1640 Hadrumetum
942 1577 1094 1636 nuntiaret

115 1677 150 1723 se
170 1661 313 1723 Cercinae
338 1663 453 1737 visum,
479 1660 632 1723 sacrificio
658 1661 802 1737 apparari
821 1661 908 1721 iusso
928 1658 1093 1733 magistros

112 1744 235 1807 havium
248 1751 498 1823 mercatoresque
508 1744 629 1807 invitari
640 1745 739 1819 iussit,
751 1751 781 1804 et
790 1745 859 1804 vela
871 1759 941 1802 cum
952 1740 1092 1803 antennis

113 1844 152 1889 ex
168 1828 299 1892 navibus
321 1831 492 1905 surrogari,
512 1837 547 1891 ut
560 1829 668 1889 umbra
681 1860 725 1872 -
738 1827 851 1888 etenim
869 1823 971 1897 media
989 1831 1092 1891 aestas

112 1914 190 1974 torte
214 1920 337 1975 erat-
352 1913 531 1975 cenantibus
553 1913 584 1972 in
603 1911 704 1973 littore
725 1911 821 1972 fieret.
856 1916 970 1987 quanto
990 1924 1042 1969 res
1064 1916 1095 1969 et

112 2005 233 2074 tempus
256 1996 442 2073 patiebatur,
464 2004 615 2072 apparatu
635 1995 807 2058 celebratae
826 1995 893 2056 eius
909 1994 968 2055 diei
984 1994 1094 2070 epulae

112 2090 200 2152 sunt3
225 2082 382 2152 multoque
402 2079 475 2140 vino
496 2079 527 2138 in
547 2094 649 2137 serum
671 2079 770 2138 noctis
788 2077 961 2138 convivium
978 2077 1092 2154 produ-

112 2170 205 2225 ctum.
237 2161 390 2222 Hannibal
414 2176 482 2222 cum
504 2159 635 2236 primum
655 2158 781 2218 fallendi
801 2174 856 2220 eos
878 2161 931 2235 qui
950 2161 980 2220 in
1005 2164 1095 2234 portu

114 2251 201 2319 erant
224 2251 346 2319 tempus
368 2242 488 2319 habuit,
518 2259 629 2303 navem
654 2241 755 2303 solvit.
792 2241 884 2303 ceteri
909 2242 1001 2318 sopiti
1026 2257 1095 2301 cum

113 2335 241 2406 postero
257 2327 439 2390 dictandam
450 2342 489 2387 ex
501 2343 610 2388 somno
623 2325 705 2403 pleni
717 2326 862 2401 crapulae
876 2324 1094 2396 surrexissent,

113 2413 154 2473 ad
167 2411 201 2473 id
215 2412 300 2489 quod
314 2426 417 2472 serum
431 2419 509 2487 erat,
530 2411 647 2487 aliquot
661 2410 753 2470 horas
768 2409 938 2470 referendis
953 2409 983 2470 in
998 2423 1095 2468 naves

114 2495 366 2572 collocandisque
372 2501 403 2556 et
409 2494 551 2571 aptandis
563 2494 757 2554 armamentis
766 2492 1011 2569 absumpserunt.
1024 2491 1095 2552 Car-

113 2579 237 2655 thagine
256 2584 287 2640 et
306 2578 505 2640 multitudinis
525 2580 674 2639 adsuetae
694 2579 818 2639 domum
833 2576 1013 2638 Hannibalis
1035 2575 1095 2635 fre·

115 2668 264 2738 quentare
285 2678 456 2724 concursus
471 2663 511 2723 ad
525 2663 709 2723 vestibulum
727 2661 850 2722 aedium
871 2661 1040 2722 estractus.
1062 2664 1096 2720 ut
1150 2677 1152 2681 ·

114 2762 177 2806 non
199 2761 379 2823 comparere
399 2762 469 2807 eum
488 2747 644 2821 vulgatum
666 2751 728 2819 est,
753 2745 784 2804 in
804 2745 903 2807 iorum
917 2743 1007 2805 turba
1022 2758 1093 2803 con·

114 2828 198 2890 venit
210 2828 381 2907 principem
400 2828 529 2890 civitatis
548 2828 765 2903 quaerentium.
793 2828 888 2887 etalii
903 2828 1006 2902 lugam
1022 2842 1092 2887 con·

116 2909 226 2987 scisse,
241 2913 274 2974 id
289 2913 374 2988 quod
389 2921 468 2984 erat,
484 2912 536 2972 alii
550 2912 659 2973 iraude
673 2913 880 2974 Romanorum
894 2911 1094 2982 interiectum,

115 2995 210 3071 idque
223 2996 330 3071 magis,
344 2996 439 3072 vulgo
451 2996 635 3066 fremebant3
656 2996 824 3070 variosque
835 2996 938 3055 vultus
951 3007 1094 3055 cerneres

114 3079 194 3141 utin
209 3077 331 3141 civitate
346 3080 475 3141 aliorum
490 3080 565 3142 alias
578 3086 681 3154 partes
692 3078 860 3138 foventium
871 3086 901 3138 et
910 3076 1095 3138 factionibus

115 3159 261 3224 discordi.
297 3162 400 3225 visum
424 3163 537 3225 deinde
556 3163 702 3224 Cercinae
727 3177 797 3221 eurn
818 3163 940 3222 tandem
961 3161 1096 3222 adlatum

115 3253 171 3307 est.
198 3246 300 3309 xiix
323 3253 354 3309 et
366 3246 496 3309 Romani
516 3246 608 3324 legati
623 3262 692 3307 cum
707 3245 737 3307 in
753 3254 862 3307 senatu
877 3245 1095 3322 exposuissent

115 3340 305 3406 compertum
328 3331 467 3408 patribus
487 3330 635 3393 Romanis
656 3345 728 3390 esse
749 3336 780 3390 et
798 3329 971 3406 Philippum
990 3342 1094 3402 regem

115 3420 186 3474 ante
199 3415 239 3475 ab
252 3414 423 3476 Hannibale
443 3415 574 3475 maxime
596 3428 761 3475 accensum
775 3413 889 3475 bellum
903 3412 1020 3487 populo
1033 3411 1094 3469 Ro·

115 3510 206 3557 mano
228 3497 357 3574 iecisse,
378 3507 409 3559 ct
427 3515 509 3561 nunc
528 3499 645 3558 litteras
664 3498 850 3567 nuntiosque
871 3496 909 3554 ab
925 3510 962 3553 eo
978 3492 1019 3552 ad
1031 3492 1094 3551 Au·
