2600 4000
249 240 363 302 tlBER
376 240 524 300 XXXVII.
547 241 630 302 cAP.
640 250 684 304 56.
696 250 740 304 57.
763 249 799 315 [a.
813 248 845 301 C.
857 251 919 317 189]
1015 245 1079 310 31³

96 397 138 459 ad
150 393 314 473 Phrygiam
328 398 521 468 vergentem,
546 397 576 452 et
589 393 716 454 castella
730 391 881 469 vicosque
893 401 978 456 trans
993 397 1076 458 Mae-

94 479 225 541 andrum
239 492 373 550 amnem,
395 484 425 536 et
440 474 572 551 oppida,
593 475 654 534 nisi
675 491 755 551 qnae
769 476 866 537 libera
880 483 950 537 ante
963 478 1076 542 bellun

97 562 243 635 missent,
251 559 430 621 Telmesson
442 559 513 619 item
524 556 703 620 nominatim
714 564 744 620 et
756 566 857 621 castra
866 561 1076 638 Telmessium,

96 652 219 724 praeter
238 659 345 719 agrum
366 642 418 719 qui
438 641 602 705 Ptolemaei
615 642 776 704 Telmessii
797 643 908 706 luisset
924 667 978 700 -ε
1000 646 1077 708 haee

97 730 213 805 omnia,
234 743 315 804 quae
329 743 425 804 snpra
438 727 554 802 scripta
567 735 654 799 sunt,
674 726 741 802 regi
754 727 882 789 Eumeni
898 726 985 790 iussa
1000 731 1072 794 dari

94 811 224 875 Rhodiis
244 811 341 891 Lycia
361 811 433 872 data
456 818 543 871 extra
563 811 695 871 eundem
714 811 905 872 Telmessum
926 820 957 873 et
976 820 1077 875 castra

94 896 295 958 Telmessium
319 901 350 956 et
372 909 479 969 agrum
508 896 560 970 qui
584 893 749 957 Ptolemaei
772 895 932 956 Telmessii
957 896 1075 959 luisset.

96 981 172 1043 haec
187 987 218 1042 et
231 980 271 1041 ab
285 978 422 1039 Eumene
436 984 467 1039 et
480 978 520 1039 ab
534 976 664 1040 Rhodiis
680 986 819 1054 excepta.
846 994 884 1039 ea
898 996 1023 1057 quoqne
1036 980 1076 1043 iis

96 1081 168 1142 pars
189 1065 261 1125 data
282 1063 404 1136 Cariae,
429 1077 509 1139 quae
530 1062 658 1139 propior
676 1062 819 1123 Rhodum
839 1061 971 1125 insulam
991 1073 1075 1125 uans

94 1146 293 1210 Maeandrum
307 1161 428 1206 amnem
442 1153 505 1218 est;
527 1146 658 1223 oppida,
679 1143 754 1221 vici,
769 1147 911 1223 castella,
926 1149 1008 1224 agri,
1022 1150 1075 1225 qui

95 1232 135 1294 ad
149 1231 292 1292 Pisidiam
306 1237 451 1307 vergunt,
472 1228 532 1291 nisi
546 1245 746 1307 quadrarum
762 1230 879 1307 oppida
892 1230 923 1291 in
937 1232 1076 1294 libertate

95 1314 226 1379 luissent
239 1314 353 1391 pridie,
376 1329 467 1389 quarn
482 1330 552 1375 cum
566 1313 719 1377 Antiocho
734 1330 807 1391 rege
821 1313 852 1375 in
867 1315 943 1378 Asia
957 1333 1074 1394 pugna-

96 1409 159 1462 tum
174 1404 230 1460 est.

178 1481 237 1544 Pro
250 1482 300 1543 his
315 1497 384 1544 cum
398 1481 512 1557 gratias
532 1481 670 1557 egissent
682 1482 809 1559 Rhodii,
831 1485 870 1545 de
886 1483 969 1547 Solis
988 1487 1071 1561 urbe,

95 1582 175 1643 quae
194 1565 345 1628 incilicia
365 1572 427 1642 est,
454 1571 591 1642 egerunt.
622 1564 716 1643 Argis
736 1575 767 1630 et
785 1565 871 1641 illos,
892 1569 973 1632 sicut
992 1584 1074 1643 sese,

95 1650 242 1712 oriundos
259 1666 348 1720 esse;
374 1650 412 1712 ab
433 1666 470 1710 ea
489 1650 688 1726 germanitate
702 1652 864 1712 fraternam
879 1652 938 1712 sibi
953 1668 1022 1712 eum
1035 1650 1072 1711 iis

95 1733 250 1795 caritatem
270 1750 359 1805 esse;
388 1741 495 1811 petere
515 1734 575 1796 hoe
595 1733 870 1796 extraordinarium
889 1750 1016 1810 munus,
1041 1743 1073 1795 ut

95 1833 162 1879 eam
177 1817 328 1880 civitatem
349 1836 389 1880 ex
410 1818 557 1880 servitute
577 1817 663 1893 regia
682 1817 860 1877 eximerent
889 1818 989 1881 vocati
1003 1830 1073 1880 sunt

94 1902 185 1976 legati
206 1903 289 1979 regis
308 1900 468 1974 Antiochi,
493 1908 657 1975 actumque
680 1914 749 1959 cum
769 1899 807 1959 iis
828 1908 893 1971 est;
917 1916 973 1962 nec
989 1900 1073 1978 quio·

95 2001 186 2063 quam
206 1984 398 2060 impetratum
422 1988 553 2044 testante
575 1982 704 2044 loedere
722 1983 898 2059 Antipatro,
923 1985 1074 2048 adversus

95 2083 176 2145 quae
190 2068 228 2128 ab
239 2065 368 2128 Rhodiis
382 2064 444 2126 non
457 2064 549 2126 Solos
565 2065 623 2126 sed
636 2064 770 2126 Ciliciam
784 2066 847 2144 peti
861 2075 891 2130 et
901 2068 975 2144 iuga
983 2070 1073 2131 Tauri

95 2149 279 2213 transcendi.
300 2147 453 2211 revocatis
464 2148 495 2207 in
507 2148 792 2226 senatumRhodiis,
803 2167 871 2212 cum
884 2159 1074 2230 quantopere

96 2235 233 2297 tenderet
242 2236 361 2311 legatus
372 2232 476 2308 regius
488 2233 715 2309 exposuissent,
728 2235 914 2313 adiecerunt,
930 2235 958 2298 si
969 2236 1074 2312 utiquo

96 2334 163 2380 sam
175 2334 241 2379 rem
256 2319 296 2380 ad
310 2318 439 2380 civitatis
454 2333 530 2378 suae
546 2317 721 2393 dignitatem
742 2317 896 2395 pertinere
912 2330 1073 2382 censerent

93 2402 220 2479 Rhodii,
241 2409 380 2466 senatum
401 2399 595 2464 omnimodo
616 2409 862 2479 expugnaturum
875 2403 1072 2480 pertinaciam

93 2489 271 2565 legatorum.
292 2496 356 2550 tum
370 2503 444 2548 vero
459 2485 630 2563 impensius
646 2503 738 2562 quam
751 2494 821 2549 ante
833 2488 947 2550 Rhodii
959 2487 1072 2564 gratias

92 2580 234 2650 egerunt,
270 2574 479 2649 cessurosque
507 2588 543 2633 se
567 2571 671 2650 potius
696 2573 889 2650 arrogantiae
912 2573 1073 2649 Antipatri,

93 2674 185 2733 quam
200 2674 324 2719 eausam
339 2657 509 2718 turbandae
529 2655 616 2732 pacis
637 2656 832 2733 praebituros
852 2655 1004 2718 dixerunt.
1032 2657 1073 2717 ita

94 2741 169 2801 nihil
183 2742 223 2801 de
238 2739 320 2803 Solis
335 2747 481 2801 mutatum
495 2749 552 2802 est

177 2823 268 2884 LVII.
297 2823 355 2883 Per
375 2839 431 2885 eos
451 2822 518 2883 dies
539 2840 652 2900 qutous
674 2823 751 2884 haec
768 2832 857 2899 gesta
870 2832 956 2896 sunt,
981 2824 1073 2898 legati

92 2904 330 2969 Massiliensium
350 2906 526 2967 nuntiarunt
544 2907 578 2966 L.
593 2908 741 2968 Baebium
762 2913 934 2982 praetorem
953 2907 983 2966 in
1001 2922 1072 2982 pro-

92 2992 224 3054 vinciam
238 2990 418 3068 Hispaniam
438 2988 686 3067 pronciscentem
707 2991 746 3052 ab
760 2990 923 3065 Liguribus
945 2988 1072 3052 cneum·

95 3083 233 3151 rentum,
257 3090 369 3152 magna
389 3082 476 3152 parte
496 3074 639 3137 comitum
660 3091 753 3138 caesa
765 3075 956 3136 vulneratum
970 3074 1072 3151 ipsum

93 3177 163 3222 cum
178 3160 285 3236 paucis
299 3159 367 3222 sine
380 3157 539 3221 lictoribus
553 3158 721 3222 Massiliam
740 3159 929 3236 perfugisse,
952 3165 982 3219 et
995 3159 1073 3219 intra

75 3296 78 3301 ,
94 3246 226 3306 biduum
239 3245 429 3322 exspirasse.
451 3251 577 3306 senatus
592 3260 630 3306 eo
642 3260 678 3306 re
692 3243 796 3305 audita
811 3241 962 3316 decrevit,
982 3243 1025 3304 uti
1038 3241 1070 3300 P.

94 3328 198 3390 lunius
211 3329 340 3404 Brutus,
356 3329 409 3406 qui
422 3336 607 3406 propraetor
619 3329 650 3389 in
665 3327 786 3389 Etruria
799 3336 898 3400 esset,
912 3323 1073 3403 prouincia

93 3415 291 3489 exercituque
310 3412 420 3474 tradito
442 3413 496 3474 uni
516 3411 568 3474 cui
587 3410 743 3473 videretur
756 3427 796 3472 ex
810 3410 934 3488 legatis,
957 3407 1071 3484 ipsein

92 3494 266 3557 ulteriorem
279 3496 458 3574 Hispaniam
473 3496 737 3574 proficisceretur,
756 3510 855 3570 eaque
870 3491 898 3552 ei
913 3489 1073 3567 provincia
