2600 4000
245 223 486 287 LIBERXXXJI.
513 225 596 286 cAP.
612 233 652 288 19.
665 235 708 287 ao.
720 237 765 288 ar.
789 233 826 300 [a.
838 233 870 287 e.
884 234 944 301 rae]
1036 228 1078 291 63

118 382 262 453 optarent,
283 379 357 440 satis
374 379 543 440 constabat.
576 379 615 439 ad
629 378 769 439 homines
783 380 825 438 ita
839 380 971 442 incertos
986 381 1081 445 intro-

117 461 207 522 ductis
220 463 326 538 legatis
337 469 475 539 potestas
487 462 609 523 dioendi
620 463 700 522 lacta
711 469 767 523 est.
782 463 939 524 Romanus
951 466 1082 540 primum

114 547 224 621 legatus
237 547 270 607 L.
286 547 476 623 Calpurnius,
492 546 604 607 deinde
617 546 711 607 Attali
724 546 806 621 regis
821 548 922 622 legati,
940 558 1012 624 post
1027 566 1082 612 eos

25 625 26 634 ’
114 630 217 691 Rhodii
232 632 459 701 disseruerunt;
480 630 611 707 Philippi
633 631 746 691 deinde
760 630 870 706 legatis
886 637 1023 707 potestas
1039 635 1083 694 di-

25 777 26 788 ,
114 715 196 775 rendi
210 716 288 778 lacta
302 723 366 786 est;
389 715 536 792 postremi
549 715 771 789 Athenienses,
787 722 820 775 ut
833 715 1008 778 refellerent
1020 718 1083 778 Ma-

113 799 253 861 cedonum
268 801 365 875 dieta,
379 800 473 861 auditi
488 805 568 860 sunt.
605 800 626 859 ii
640 800 706 859 iere
720 800 910 860 atrocissime
925 800 955 860 in
969 816 1083 877 regem,

112 884 178 958 quia
196 885 268 946 nulli
289 900 348 945 nee
368 887 456 960 plura
477 900 534 945 nee
549 890 610 943 tam
624 883 737 943 acerba
749 883 836 960 passi
850 891 950 957 erant,
974 886 1082 953 invecti

112 972 184 1028 sunt.
211 975 241 1029 et
254 969 308 1029 illa
329 968 453 1045 quidem
468 969 569 1029 oontio
585 968 643 1028 sub
659 983 804 1029 oceasum
818 969 894 1029 solis
909 974 954 1030 tot
968 971 1082 1045 legato·

111 1067 172 1112 rum
198 1053 357 1129 perpetuis
384 1052 574 1115 orationibus
603 1051 653 1111 die
677 1051 840 1128 absumpto
870 1053 998 1115 dimissa
1026 1061 1083 1116 est,

110 1133 166 1197 XX.
187 1143 315 1212 postero
329 1138 379 1197 die
392 1138 562 1199 advocatur
576 1135 752 1208 concilium3
774 1137 827 1199 ubi
842 1153 911 1197 eum
926 1154 983 1214 per
994 1154 1084 1214 prae

112 1235 226 1298 eonem,
248 1220 331 1284 sieut
346 1221 471 1282 Graecis
491 1237 559 1282 mos
581 1226 641 1293 est,
669 1221 833 1295 suadendi,
856 1222 883 1282 si
899 1224 968 1298 quis
982 1224 1083 1298 vellet,

110 1312 240 1380 potestas
255 1323 277 1367 a
290 1306 517 1381 magistratibus
538 1306 618 1367 laeta
638 1311 736 1379 esset,
757 1322 815 1367 neo
834 1306 998 1383 quisquam
1013 1324 1081 1387 pro-

111 1389 192 1466 diret,
213 1391 268 1452 diu
284 1390 435 1450 silentium
456 1390 584 1451 aliorum
598 1389 676 1450 alios
690 1390 868 1450 intuentium
884 1391 948 1452 luit.
980 1407 1084 1468 neque

110 1473 226 1551 mirum,
248 1474 293 1549 si,
315 1474 425 1550 quibus
446 1490 504 1535 sua
524 1481 635 1551 sponte
655 1474 861 1536 volutantibus
884 1491 936 1536 res
958 1476 1036 1537 inter
1049 1491 1085 1536 se

108 1565 311 1635 repugnantes
328 1558 546 1634 obtorpuerant
560 1559 695 1636 quodam
709 1559 802 1620 modo
818 1559 924 1633 animi,
945 1575 1000 1619 eos
1017 1576 1084 1621 ora·

109 1643 201 1705 tiones
224 1659 350 1720 quoque
370 1643 499 1720 insuper
511 1642 723 1716 turbaverant,
743 1643 895 1718 utrimque
911 1658 991 1717 quae
1006 1643 1084 1702 diiii*

109 1726 173 1787 eilia
192 1735 314 1803 essent,
340 1730 509 1804 promendo
536 1726 796 1801 admonendoque
820 1742 877 1801 per
897 1733 992 1787 toturn
1005 1727 1084 1786 diem

107 1808 233 1873 habitae.
255 1813 377 1873 tandem
392 1814 574 1874 Aristaenus
590 1817 714 1888 praetor
728 1811 937 1885 Achaeorum,
959 1826 998 1870 ne
1011 1811 1085 1871 taei-

107 1899 164 1954 tum
180 1897 341 1957 concilium
357 1898 526 1971 dimitteret,
541 1896 632 1971 ‚,ubi“
648 1895 744 1970 inquit
757 1895 829 1970 „illa
843 1895 1008 1956 certamina
1021 1896 1083 1955 ani·

25 2006 26 2021 κ
106 1994 230 2056 morum,
245 1980 372 2054 Achaei,
387 1988 471 2056 sunt,
488 1981 599 2056 quibus
614 1981 645 2041 in
661 1979 808 2040 ronuviis
823 1988 854 2040 et
868 1979 1000 2055 rirouhs,
1016 1996 1083 2044 oum

106 2062 143 2123 de
153 2063 295 2139 Philippo
317 2071 348 2123 et
360 2065 506 2125 Romanis
521 2065 632 2124 mentio
647 2063 766 2136 inridit,
788 2064 840 2123 vix
855 2064 995 2125 manibus
1009 2071 1083 2125 tem·

106 2147 243 2222 peratist
267 2162 349 2206 nuno
366 2147 396 2205 in
415 2146 544 2207 coneilio
560 2146 600 2204 ad
614 2162 681 2205 eam
696 2161 760 2203 rem
773 2162 865 2204 unam
878 2147 1002 2220 indicto,
1018 2163 1085 2207 oum

103 2232 277 2304 legatorum
291 2229 443 2305 utrimque
457 2229 552 2289 verba
568 2227 739 2299 audieritis,
763 2243 831 2287 oum
845 2229 980 2289 reierant
992 2230 1086 2304 magi-

104 2320 237 2385 stratus,
260 2329 329 2374 eum
352 2329 466 2389 praeeo
488 2313 529 2374 ad
543 2311 737 2374 suadendum
751 2317 856 2388 voret,
879 2312 1086 2374 obmutuistis!

106 2398 131 2459 si
146 2415 210 2460 non
226 2413 300 2458 eura
314 2398 421 2460 salutis
436 2397 621 2471 eommunis,
644 2411 684 2456 ne
698 2397 799 2457 studia
814 2397 945 2471 quidem,
962 2398 1086 2474 quaein

106 2480 184 2544 bane
197 2490 249 2545 aut
259 2482 288 2542 in
301 2484 381 2544 illurn
393 2491 511 2558 partem
518 2483 637 2543 animos
646 2487 769 2542 vestros
780 2481 970 2558 inclinarunt,
978 2498 1087 2544 vocem

109 2567 251 2643 cuiquam
271 2573 405 2644 possunt
423 2568 616 2644 exprimeret
643 2582 712 2626 eum
729 2567 906 2641 praesertim
920 2583 1009 2629 nemo
1025 2573 1086 2629 tam

107 2648 202 2712 hebes
222 2652 276 2727 sit,
298 2654 349 2728 qui
370 2653 512 2728 ignorare
532 2651 633 2728 possit
646 2650 768 2711 dicendi
783 2667 820 2711 ae
835 2651 986 2712 suadendi
1001 2652 1086 2727 quod

109 2735 241 2811 quisque
266 2744 318 2797 aut
343 2737 416 2797 velit
440 2743 493 2797 aut
516 2736 663 2811 optimum
684 2740 768 2809 putet
787 2751 869 2796 nuno
890 2736 1085 2797 oooasionem

109 2833 187 2895 esse,
203 2819 384 2897 priusquam
399 2822 563 2897 quiequam
575 2821 789 2880 deoernamus=
811 2818 862 2879 ubi
875 2823 970 2880 semel
980 2820 1086 2881 deere-

111 2908 171 2963 tum
186 2904 258 2976 erit,
281 2905 423 2966 omnibus
439 2905 484 2977 id,
501 2905 590 2964 etium
605 2903 717 2978 quibus
731 2910 801 2963 ante
816 2904 1012 2980 displicuerit,
1029 2920 1085 2980 pro

110 2983 190 3048 bono
202 2995 296 3063 atque
305 2988 370 3050 utili
381 2990 447 3050 iore
459 2987 716 3048 defendendum.“
731 2987 808 3047 haee
815 2987 985 3048 adhortatio
998 3004 1085 3064 prae·

111 3071 184 3133 toris
206 3088 269 3133 non
289 3074 382 3135 modo
404 3088 588 3149 quemquam
605 3087 699 3133 unum
713 3071 816 3132 elieuit
830 3073 869 3132 ad
883 3073 1085 3144 suadendum,

91 3167 96 3176 ·
112 3155 165 3216 sed
179 3172 219 3217 ne
235 3156 383 3218 tremitum
401 3157 523 3234 quidem
541 3163 592 3216 aut
611 3172 747 3216 murmur
767 3155 917 3217 contionis
931 3162 1032 3216 tantae
1047 3172 1086 3215 ex

111 3245 154 3299 tot
164 3241 288 3316 populis
301 3248 502 3317 congregatae
512 3240 614 3301 movit.
634 3240 712 3300 XXI.
733 3247 796 3299 tum
806 3238 987 3301 Aristaenus
998 3256 1085 3315 prae-

111 3330 156 3382 tor
169 3341 279 3386 rursus
292 3342 374 3400 „non
385 3327 482 3401 magis
494 3324 654 3387 eonsilium
664 3323 764 3398 vobis,
780 3322 935 3398 principes
945 3323 1086 3384 Achaeo-

111 3421 192 3484 rum,
216 3409 304 3471 deest
327 3425 419 3486 quam
443 3410 562 3485 lingum
591 3409 648 3469 sed
669 3423 725 3469 suo
747 3408 877 3483 quisque
898 3405 1034 3482 periculo
1056 3406 1085 3463 in

112 3504 271 3554 commune
286 3495 457 3556 consultum
471 3509 534 3555 non
548 3493 623 3553 vult.
651 3490 777 3552 torsitan
793 3506 851 3566 ego
868 3503 991 3565 quoque
1005 3494 1085 3544 taee-
