2600 4000
170 203 286 265 LIBER
294 204 416 264 xxxv.
429 179 622 266 caturam.
635 209 719 277 [sn.
732 228 755 263 a.
768 213 865 268 asoa.
878 211 911 263 c.
924 211 987 278 ma]
1028 194 1093 267 '193

114 358 252 435 peditum
279 356 453 434 quindecim
479 357 703 434 imperarentur
726 363 757 417 et
782 356 937 432 quingenti
960 358 1091 433 equites.

114 440 224 502 Atilius
239 439 361 517 triginta
374 457 471 500 naves
488 442 724 518 quinqueremes
742 441 845 500 lacere
865 438 986 513 iussus,
1007 449 1093 502 etex

114 525 275 586 navalibus
289 532 409 604 veteres
421 524 590 599 deducere,
605 525 632 584 si
646 540 725 600 quae
736 523 827 584 utiles
839 529 959 597 essent,
974 525 1092 599 etseri-

114 609 188 669 bere
202 609 321 668 navalis
345 608 459 669 socios.
487 615 518 669 et
532 607 709 675 consulibus
724 608 921 683 imperatum,
942 614 976 668 ut
987 606 1015 666 ei
1031 607 1092 667 duo

113 690 198 752 milia
211 692 329 753 socium
344 707 381 752 ac
394 690 492 773 Latini
512 692 644 753 nominis
665 698 695 774 et
713 691 795 751 mille
808 692 964 760 Romanos
986 690 1093 753 darem

113 775 244 853 pedites.
265 774 296 834 hi
312 776 373 836 duo
390 781 550 849 praetores
565 783 596 836 et
609 777 671 836 duo
687 774 855 848 exercitus,
870 775 1023 835 terrestris
1040 790 1092 833 na-

113 857 265 935 valisque,
278 859 430 920 adversus
439 859 547 922 Nabim
559 866 666 936 aperte
677 859 737 918 iam
748 866 975 934 oppugnantem
988 858 1092 919 socies

113 944 222 1018 popuii
236 943 366 1004 Romani
381 942 560 1004 dicebamur
574 944 685 1018 parari.
713 949 848 1003 ceterum
869 940 959 1017 legati
974 940 1018 1002 ad
1028 942 1089 1002 An-

114 1027 248 1089 tiochum
262 1025 349 1086 missi
364 1027 638 1100 exspectabantur,
654 1032 684 1088 et
698 1026 878 1102 priusquam
893 1027 913 1084 ii
927 1026 1091 1100 redissent,

113 1116 251 1171 vetuerat
259 1109 480 1170 Callomitium
490 1111 648 1172 consulem
656 1116 782 1172 senatus
789 1110 951 1170 discedere
958 1110 997 1170 ab
1005 1110 1090 1170 urbe.

112 1194 190 1255 XXI.
224 1194 417 1269 praetoribus
431 1193 539 1255 Fulvio
554 1201 585 1256 et
599 1194 774 1266 Scribonio,
798 1194 909 1270 onibus
930 1200 963 1253 ut
983 1194 1031 1254 ins
1046 1194 1093 1253 di·

115 1285 218 1338 cerent
231 1278 348 1338 Romae
357 1277 517 1353 provincia
530 1287 612 1351 erat,
624 1279 779 1352 negotium
791 1278 910 1351 datum,
926 1284 960 1337 ut
970 1283 1092 1352 praeter

113 1377 181 1421 eam
195 1361 344 1435 classem,
367 1360 415 1421 cui
430 1361 538 1422 Atilius
554 1363 748 1437 praefuturus
764 1368 843 1435 erat,
866 1367 987 1422 centum
1003 1358 1091 1435 quin-

115 1450 440 1521 queremespararont
819 1448 821 1453 '

197 1528 379 1604 Priusquam
401 1530 509 1589 consul
529 1537 753 1605 praetoresque
774 1529 804 1588 in
826 1527 1003 1605 provincias
1018 1544 1090 1602 pm-

114 1611 338 1687 delectarentur,
354 1613 538 1688 supplicatio
550 1614 607 1675 luit
618 1612 827 1689 prodigiorum
840 1628 944 1672 causa.
967 1627 1090 1685 caprena

114 1711 173 1756 sex
185 1694 303 1757 haedos
317 1710 379 1757 uno
394 1698 458 1757 fetu
472 1698 609 1759 edidisse
624 1713 664 1757 ex
674 1696 786 1757 Piceno
802 1695 970 1775 nuntiatum
984 1700 1046 1766 est,
1061 1701 1092 1754 ct

114 1778 225 1840 Arretii
235 1796 365 1855 puerum
376 1788 477 1842 natum
490 1781 680 1853 unimanum,
692 1778 840 1838 Amiterni
851 1784 932 1836 terra
942 1777 1090 1852 pluvisse,
1160 1796 1163 1801 ·

115 1857 241 1924 Formiis
257 1872 375 1938 portam
395 1880 577 1938 murumque
598 1865 637 1924 de
659 1864 745 1922 caelo
766 1869 862 1928 tacta;
885 1866 915 1920 et
929 1860 1013 1935 quod
1028 1875 1090 1920 nta-

114 1946 194 2007 xime
206 1946 346 2019 terrebat,
359 1947 494 2007 consulis
502 1946 554 2006 cn.
562 1946 684 2007 Domitii
696 1945 806 2006 bovem
818 1946 950 2005 locutum
962 1944 1089 2020 „Roma

114 2046 190 2089 cave
202 2030 286 2089 tibi.“
304 2038 474 2088 ceterorum
485 2030 694 2103 prodigiorum
706 2043 801 2088 causa
811 2027 1015 2103 supplicatum
1027 2036 1092 2090 est,

113 2112 224 2172 bovem
239 2126 309 2170 cum
323 2124 396 2170 cura
410 2111 527 2169 servari
541 2112 643 2185 alique
657 2111 837 2185 haruspices
852 2112 1015 2192 iusserunt.
1043 2111 1085 2171 Ti

114 2194 197 2254 beris
212 2190 370 2253 infestiore
385 2208 475 2266 quam
491 2193 593 2267 priore
606 2193 722 2267 impetu
736 2194 836 2254 illatus
850 2194 918 2254 urbi
936 2194 998 2255 due
1014 2210 1086 2268 pon-

113 2278 168 2347 tis,
190 2275 330 2336 aedilioIa
343 2278 449 2351 multa,
470 2275 602 2337 maxime
623 2276 706 2337 circa
720 2285 839 2352 portam
853 2278 1090 2352 Flumentanam,

113 2364 230 2422 evertit.
263 2376 372 2420 saxum
392 2360 516 2435 ingens,
545 2361 611 2422 sive
632 2360 779 2423 imbribus
800 2377 855 2421 seu
885 2367 1091 2421 motuterrae

113 2445 227 2506 leniore
256 2460 346 2519 qnam
357 2450 390 2504 ut
400 2444 514 2519 alioqui
526 2446 703 2520 sentiretur,
718 2446 931 2506 labefactatum
945 2446 975 2504 in
990 2444 1090 2505 vicum
1189 2474 1192 2480 ·

111 2529 264 2603 lugarium
284 2544 324 2588 ex
340 2529 486 2605 Capitolio
508 2529 654 2603 procidit,
676 2536 706 2589 et
725 2531 838 2591 multos
859 2529 1026 2603 oppressit.
1059 2527 1089 2588 in

111 2612 194 2687 agris
220 2612 336 2687 passim
359 2612 514 2675 inundatis
540 2629 639 2688 pecua
663 2613 778 2687 ablata,
805 2613 944 2673 villarum
968 2621 1087 2687 strages

112 2697 193 2755 lacta
206 2703 263 2756 est.
347 2695 354 2707 ’

196 2777 376 2852 Priusquam
396 2778 428 2838 L.
451 2779 608 2853 Quinctius
630 2777 788 2840 consalin
811 2780 998 2853 provinciam
1020 2795 1088 2854 per·
1137 2838 1140 2844 .

111 2861 242 2933 renuet,
259 2860 293 2934 Q.
308 2860 458 2921 Minucius
474 2860 505 2920 in
520 2878 593 2936 agro
605 2860 718 2922 Pisano
734 2877 801 2920 curn
815 2862 977 2935 Liguribus
992 2863 1089 2937 signis

95 2944 231 3006 collatis
252 2944 414 3019 pugnavita
437 2960 547 3004 novem
567 2945 649 3005 milia
668 2944 801 3005 hostium
822 2946 948 3016 occidit,
968 2953 1088 3010 ceteros

111 3030 199 3089 lusos
213 3028 399 3103 fugatosque
412 3027 442 3087 in
458 3034 558 3088 castra
574 3028 729 3103 compulit.
756 3041 794 3086 ea
807 3043 908 3101 usque
922 3029 952 3088 in
968 3037 1089 3090 noctem

110 3127 221 3187 magno
237 3109 401 3171 certamine
415 3120 593 3186 oppugnata
605 3113 795 3185 defensaque
808 3117 888 3172 sunt.
911 3121 1000 3173 nocte
1011 3114 1089 3173 clam
1157 3123 1161 3128 ’

111 3196 239 3268 proiecti
253 3195 399 3269 Ligures3
424 3195 523 3270 prima
543 3195 611 3256 luce
631 3210 730 3256 vacua
751 3203 852 3255 eastra
866 3196 1022 3256 Romanus
1044 3195 1087 3256 in·

112 3277 198 3337 vasit.
229 3279 364 3353 praedae
378 3278 477 3339 minus
492 3279 646 3340 inventum
664 3286 725 3349 est,
743 3280 828 3353 quod
844 3279 975 3340 subinde
989 3279 1087 3354 spolia

112 3374 254 3433 agrorum
275 3369 366 3438 capta
386 3362 496 3423 domos
516 3363 682 3423 mittebant.
710 3362 861 3424 Minucius
883 3365 955 3423 nibil
977 3362 1088 3422 deinde

110 3442 274 3505 laxamenti
287 3444 428 3507 hostibus
443 3446 542 3506 dedit:
564 3462 603 3506 ex
618 3460 693 3519 egro
704 3444 816 3507 Pisano
832 3447 862 3506 in
874 3446 1002 3520 Ligures
1017 3461 1085 3520 pro·

150 3543 177 3586 r.
192 3541 254 3586 trvr
268 3542 343 3589 anas
358 3528 410 3587 tv.
848 3536 881 3588 te
