2600 4000
215 196 280 262 272
346 195 621 257 umnaxxxvn.
644 193 728 255 cnr.
743 202 786 256 n.
801 201 843 256 ra.
866 193 1062 272 [tutam

213 350 263 408 die
276 347 429 425 Corycum
438 345 579 406 Teiorum
594 344 836 420 promunturium
848 350 1020 404 tenuerunt
1041 344 1194 407 indacum

213 433 243 492 in
259 430 401 507 proxima
416 428 538 490 Samiae
553 429 668 489 vellent
680 427 824 502 traicere,
844 444 907 489 non
923 434 1104 503 exspectato
1118 431 1195 492 solis

213 524 290 589 ortu,
307 530 346 575 ex
362 529 423 589 quo
439 519 550 574 statum
564 511 642 573 caeli
655 518 763 573 notare
776 512 998 587 guhematores
1009 521 1150 587 possent,
1164 515 1195 574 in
1280 557 1281 592 ,

212 601 359 661 incertam
372 604 584 674 tempestatem
598 597 756 658 miserunt.
779 597 879 658 medio
891 595 1035 672 incursu,
1050 596 1195 673 aquilone
1280 597 1281 614 ¹

212 686 243 745 in
258 684 497 760 septentrionem
509 695 617 754 verso,
639 687 825 756 exasperato
839 678 984 741 fluctibus
999 680 1075 740 mari
1089 680 1195 742 iactari
1280 689 1281 738 ᾗ

213 775 390 844 coeperunt.
412 765 490 826 lllll.
511 764 721 844 Polyxenidas
737 763 862 825 Samum
875 763 1025 840 petituros
1040 771 1125 825 ratus
1140 765 1194 827 ho·

212 854 284 927 stis,
303 858 337 912 ut
354 866 389 910 se
403 849 544 911 Rhodiae
564 848 658 909 classi
673 848 906 923 coniungerent,
928 848 968 907 ab
981 847 1107 923 Epheso
1122 865 1194 925 pro-

212 939 311 998 iectus
325 934 424 1010 primo
440 935 480 995 ad
490 933 697 1010 Myonnesum
712 934 809 1001 stetit;
832 931 905 992 inde
919 932 959 992 ad
970 932 1087 993 Macrin
1102 950 1195 1009 quam

212 1024 325 1080 vocant
338 1018 470 1078 insulam
484 1016 610 1090 traiecit,
624 1023 659 1076 ut
673 1015 934 1093 praetervehentis
949 1015 1060 1077 classis
1076 1015 1194 1092 siquas
1280 1031 1281 1096 ᾗ

210 1101 380 1162 aberrantis
401 1116 440 1161 ex
451 1100 571 1176 agmine
581 1115 678 1160 naves
690 1108 807 1176 posset,
822 1107 875 1161 aut
884 1106 1072 1175 postremum
1084 1116 1195 1176 agmen
1280 1101 1281 1182 j

211 1191 386 1261 opportune
401 1184 580 1246 adoriretur.
596 1192 763 1261 postquam
774 1199 915 1261 sparsam
925 1187 1194 1259 tempestateclas·

212 1285 277 1329 sem
299 1268 388 1341 vidit,
415 1269 610 1329 occasionem
631 1269 729 1343 primo
751 1267 952 1343 adgrediendi
972 1275 1073 1342 ratus,
1101 1272 1193 1343 paulo
1280 1317 1281 1320 η

211 1360 284 1429 post
297 1351 528 1412 increbescante
543 1358 634 1413 vento
650 1361 682 1414 et
694 1353 827 1414 maiores
842 1352 901 1412 iarn
916 1353 1059 1413 volvente
1070 1350 1193 1428 fluctus,

210 1436 283 1512 quia
297 1435 458 1510 pervenire
474 1449 510 1495 se
523 1435 565 1496 ad
576 1449 632 1496 eos
644 1436 769 1498 videbat
779 1452 842 1497 non
852 1451 957 1513 posse,
972 1436 1013 1496 ad
1022 1436 1194 1499 Aethaliam

210 1521 340 1581 insulam
360 1518 490 1592 traiecit,
511 1526 545 1580 ut
565 1519 636 1579 inde
656 1527 782 1595 postero
803 1520 854 1580 die
869 1519 994 1582 Samum
1008 1536 1049 1580 ex
1063 1521 1126 1583 alto
1143 1538 1193 1598 pe

210 1606 300 1666 tentis
316 1604 403 1663 navis
425 1603 653 1678 adgrederetur.
686 1605 830 1680 Romani,
851 1620 924 1680 pars
939 1605 1066 1681 exigua,
1089 1606 1194 1680 primis
1280 1649 1281 1654 η

211 1689 345 1749 tenebris
367 1694 487 1764 portum
510 1684 667 1748 desertum
682 1686 803 1748 Samiae
817 1694 995 1763 tonuerunt,
1017 1689 1130 1750 classis
1145 1706 1193 1751 oe

211 1781 275 1833 tera
294 1780 415 1834 noctem
437 1777 530 1832 totarn
550 1772 581 1830 in
601 1772 662 1832 alto
685 1772 795 1832 iactata
810 1773 841 1831 in
856 1773 988 1834 eundem
1002 1779 1125 1848 portum
1141 1774 1194 1834 de

210 1858 312 1917 currit.
334 1855 376 1916 ibi
390 1871 430 1916 ex
446 1855 619 1930 agrestibus
636 1853 758 1931 cognito
773 1857 907 1917 hostium
921 1872 1018 1917 naves
1029 1858 1071 1917 ad
1080 1857 1193 1919 Aetha·
1237 1871 1239 1878 ’

210 1941 280 1999 liam
295 1946 392 2013 stare,
415 1939 578 1999 consilium
591 1940 740 2012 habitum,
762 1947 861 2002 utrum
875 1941 1031 2017 extemplo
1047 1941 1194 2003 decerne·

209 2030 285 2098 rent,
310 2041 349 2084 an
363 2023 516 2084 Rhodiam
532 2031 749 2099 exspectarent
763 2028 904 2086 classem.
941 2026 1034 2087 dilata
1048 2041 1083 2086 re
1095 2059 1141 2074 -
1154 2028 1196 2087 ita

209 2109 289 2167 enirn
304 2107 635 2187 placuit—Corycum
653 2110 734 2170 unde
748 2117 905 2185 venerant,
920 2110 1112 2172 traiecerunt
1135 2111 1194 2171 Po·
1280 2176 1281 2197 χ

210 2193 372 2271 tyxenidns
389 2207 528 2267 quoque,
545 2209 614 2253 curn
629 2194 742 2255 frustra
756 2192 906 2266 stetisset,
920 2193 1078 2269 Ephesum
1091 2195 1195 2255 rediit
1280 2210 1281 2267 3

210 2284 271 2336 turn
282 2278 439 2338 Romanae
453 2291 550 2337 naves
565 2293 663 2339 vacuo
677 2278 716 2338 ah
727 2277 868 2339 hostibus
879 2278 955 2339 mari
966 2275 1092 2339 Samum
1103 2280 1195 2339 traie-

209 2367 323 2421 cerunt.
357 2361 466 2421 eodem
487 2366 516 2420 et
529 2360 651 2420 Rhodia
672 2362 781 2422 classis
797 2368 869 2437 post
884 2362 951 2423 dics
965 2377 1085 2438 pancos
1098 2363 1195 2438 veuit

209 2460 300 2518 quam
323 2450 355 2503 ut
375 2448 583 2517 exspectatam
603 2458 676 2503 esse
690 2452 868 2521 appareret,
892 2446 1021 2522 proiecti
1036 2448 1195 2523 extemplo

209 2531 280 2585 sunt
293 2525 467 2600 Ephesum,
489 2530 522 2583 ut
542 2532 594 2585 aut
608 2525 810 2590 decernerent
822 2530 924 2590 navali
940 2530 1120 2604 certamine,
1141 2538 1197 2592 aut

207 2609 234 2669 si
250 2609 433 2667 detractaret
446 2606 544 2667 hostis
559 2623 702 2683 pugnam,
720 2614 804 2688 quod
818 2613 980 2689 plurimum
996 2614 1143 2675 intererat
1153 2614 1197 2676 ad

208 2693 326 2752 animos
357 2690 536 2766 civitatium,
572 2692 689 2755 timoris
718 2697 947 2759 confessionem
975 2697 1195 2774 exprimerent

207 2783 314 2838 contra
329 2776 434 2835 lauces
449 2782 557 2850 portus
571 2774 719 2840 instructa
733 2780 764 2840 in
777 2781 906 2842 frontem
917 2780 1040 2842 navium
1051 2782 1119 2842 acie
1130 2788 1194 2843 ste

208 2868 280 2921 tere.
304 2868 470 2935 postquam
484 2876 573 2921 nemo
589 2862 739 2924 adversus
753 2863 825 2939 ibat,
841 2865 941 2925 classe
957 2865 1057 2926 divisa
1072 2882 1147 2940 pars
1161 2866 1196 2926 in

207 2946 273 3004 salo
290 2944 330 3004 ad
345 2945 456 3005 ostium
471 2951 579 3020 portus
594 2945 624 3006 in
640 2947 762 3009 ancoris
778 2949 868 3023 stetit,
883 2965 956 3026 pars
971 2949 1125 3009 interram
1138 2950 1195 3010 rni-

207 3028 274 3088 lites
297 3027 451 3103 exposuit.
483 3029 514 3089 in
534 3044 590 3091 eos
611 3030 671 3091 iam
690 3030 843 3107 ingentem
858 3032 1006 3107 praedam
1019 3033 1080 3093 late
1095 3033 1196 3110 depo·

206 3114 310 3186 pulato
327 3127 401 3187 agro
417 3113 535 3187 agentis
549 3113 747 3176 Andronicus
761 3115 900 3191 Macedo,
920 3117 1017 3192 quiin
1032 3118 1196 3192 praesidio

205 3196 320 3271 Ephesi
341 3202 421 3269 erat,
442 3196 503 3256 iam
523 3197 686 3259 moenibus
706 3200 983 3277 appropinquantis
999 3200 1198 3277 eruptionem

206 3279 292 3354 lecit,
314 3286 490 3354 exutosque
509 3295 621 3355 magna
635 3288 723 3357 pane
737 3284 872 3358 praedae
888 3285 927 3344 ad
943 3300 1027 3346 mare
1041 3300 1078 3345 ac
1092 3301 1197 3348 naves

205 3363 332 3438 redegit
357 3369 484 3438 postero
500 3363 551 3424 die
568 3363 689 3426 insidiis
703 3365 806 3429 medio
821 3368 916 3428 ferme
930 3371 1000 3429 viae
1013 3368 1138 3445 positis,
1154 3370 1198 3430 ad

206 3446 388 3509 eliciendum
410 3453 497 3508 extra
517 3447 638 3508 moenia
652 3448 855 3511 Macedonem
869 3452 999 3514 Romani
1020 3452 1058 3512 ad
1081 3454 1198 3515 urbem
