2600 4000
229 280 291 346 aaa
371 276 850 341 amnemamnem
873 284 909 352 [ι.
923 232 1069 349 aanor
1151 254 1154 260 ’

229 433 380 493 adversus
387 428 556 510 Pyrrheum
568 436 664 503 crant,
676 406 923 504 adgrederentur,
934 381 1044 503 etipse
1056 426 1098 487 ad
1109 432 1213 489 castra

229 514 367 577 Romana
381 520 527 575 terrorem
542 512 665 585 laceret,
679 527 776 588 posse
789 519 875 573 ratus
888 509 1013 587 ancipiti
1027 511 1167 607 tumultu,
1184 519 1214 572 et

230 606 322 662 nocte
336 604 469 673 augente
483 610 640 674 pavorem,
654 596 883 657 memorabilem
896 594 1049 670 ramgeri.
1078 594 1212 657 etllrco
1280 635 1284 644 -

230 683 340 745 damus
359 681 543 758 intempesta
562 685 669 754 node,
690 695 760 741 cum
777 678 853 740 alias
869 677 1026 741 custodias
1042 677 1213 751 fefellisset,

231 782 288 845 per
301 766 376 827 alias
391 765 507 842 impetu
521 762 674 826 constanti
688 763 856 839 erupisset,
878 768 1034 860 superato·
1040 760 1192 823 brachio
1184 779 1214 821 ιιι

231 852 337 920 urbem
351 855 504 927 penetral,
526 846 682 924 animique
696 846 885 923 aliquantum
898 847 938 907 ad
953 845 1055 908 omnia
1069 844 1216 907 audenda

232 943 262 997 ct
275 934 343 1012 spei
358 930 499 996 obsessis
512 930 638 1003 adiecit,
662 938 692 992 et
705 930 796 993 simul
810 930 975 992 constituta
988 946 1052 991 nox
1067 929 1161 1003 venit,
1174 945 1215 989 ex

233 1016 405 1094 composito
419 1022 547 1093 repente
560 1030 658 1092 opera
671 1021 720 1075 est
733 1014 912 1091 adgressus.
943 1013 975 1074 id
990 1014 1148 1090 inceptum
1163 1029 1214 1074 co-

104 1174 109 1182 ,
232 1107 306 1163 natu
324 1116 415 1177 quam
435 1098 548 1161 effectu
567 1097 693 1176 gravius
714 1097 785 1172 luit,
807 1096 879 1175 quia
898 1098 982 1159 nulla
999 1098 1039 1157 ab
1059 1095 1215 1158 exteriore

233 1190 320 1262 parte
333 1182 381 1246 vis
396 1184 519 1244 admota
533 1190 589 1256 est,
606 1199 664 1244 seu
677 1189 758 1243 metu
773 1179 916 1246 deterrito
932 1187 1074 1258 praetore
1087 1182 1215 1243 Aetolo·

233 1283 315 1343 mm,
336 1282 393 1327 seu
407 1265 480 1342 quia
495 1266 598 1343 potius
611 1264 713 1327 visum
728 1273 776 1327 est
788 1264 1000 1342 Amphilochis
1014 1280 1115 1341 nuper
1128 1280 1215 1326 rece
1244 1299 1247 1306 ·

235 1350 295 1428 ptis
310 1351 390 1410 icrre
405 1365 512 1426 opem,
532 1366 612 1425 quos
625 1349 759 1411 Perseus
776 1349 908 1426 Philippi
923 1349 1020 1423 filius,
1043 1349 1159 1409 missus
1174 1348 1215 1408 ad

234 1433 394 1509 Dolopiam
407 1431 695 1509 Amphilochosque
708 1432 914 1509 recipiendos,
935 1449 1055 1494 summa
1066 1431 1100 1492 vi
1113 1448 1214 1509 oppu-

234 1518 355 1595 gnabat.
386 1515 439 1576 vl.
463 1513 559 1577 tribus
573 1515 667 1591 locis,
689 1514 770 1578 sicul
788 1515 988 1579 antedictum
1001 1522 1063 1591 est,
1085 1515 1127 1577 ad
1141 1515 1213 1595 Pyr

234 1602 342 1663 rheum
362 1614 459 1678 opera
471 1598 609 1660 Romana
630 1606 730 1673 erant,
752 1605 832 1676 quae
853 1602 955 1662 omnia
974 1601 1065 1662 simui
1086 1601 1146 1660 scd
1160 1615 1215 1660 nec

236 1691 384 1763 apparatu
399 1698 457 1744 nec
471 1682 503 1743 vi
517 1681 616 1758 simili,
631 1681 733 1743 Aetoli
747 1684 888 1758 adgressi
903 1693 984 1746 sunt.
1016 1682 1067 1744 aiii
1082 1699 1155 1744 cum
1170 1701 1214 1744 ar-

235 1768 377 1831 dentibus
394 1765 529 1842 iacibus,
549 1764 600 1827 alii
615 1773 758 1843 stuppam
775 1765 937 1845 picemque
951 1777 981 1829 et
994 1768 1158 1829 malleolos
1175 1769 1214 1829 le-

236 1859 354 1925 rentes,
373 1858 437 1913 tola
459 1852 629 1913 collucente
649 1848 780 1910 flammis
800 1851 882 1925 acie,
908 1852 1070 1913 advenere.
1101 1853 1216 1913 multos

236 1936 333 2012 primo
349 1936 464 2011 impetu
478 1935 624 1997 custodes
636 1942 874 2012 oppresserunm
896 1937 966 1997 dein
977 1943 1145 2014 postquam
1155 1936 1214 1996 ela·

235 2034 302 2079 mor
312 2019 518 2095 tumultusque
528 2018 559 2079 in
572 2027 673 2082 castra
683 2026 732 2081 cst
742 2021 877 2095 perlatus
885 2021 1049 2096 datumque
1059 2036 1078 2080 a
1089 2022 1218 2082 consule

237 2103 373 2178 signum,
394 2117 480 2162 arma
499 2101 624 2180 capiunt
644 2109 675 2163 ct
688 2100 830 2165 omnibus
845 2102 943 2179 portis
957 2104 997 2165 ad
1010 2119 1103 2181 opem
1116 2105 1217 2165 leren-

235 2188 306 2248 dam
324 2184 529 2249 effunduntur.
564 2203 627 2249 uno
640 2185 673 2247 iu
688 2187 758 2249 loco
773 2189 854 2248 terro
868 2186 995 2264 ignique
1007 2193 1097 2264 gesta
1109 2204 1180 2261 res;
1201 2204 1218 2248 a

236 2271 359 2334 duobus
373 2266 458 2332 irrito
473 2268 606 2347 incepto,
623 2286 693 2332 cum
706 2277 909 2348 temptassent
922 2272 1019 2347 magis
1034 2288 1128 2349 quam
1143 2271 1217 2334 inis·

228 2363 306 2417 sent
319 2354 482 2429 certamen,
493 2355 595 2417 Aetoli
608 2355 835 2430 abscesserunt.
858 2362 947 2418 atrox
962 2371 1066 2433 pugna
1075 2356 1107 2417 in
1119 2373 1216 2418 unum

236 2438 436 2500 inclinaverat
455 2438 565 2499 locum.
597 2439 639 2500 ibi
661 2438 792 2501 diversis
814 2440 952 2516 partibus
967 2440 1028 2502 duo
1043 2440 1143 2501 duces
1157 2441 1216 2502 Eu·

236 2523 376 2598 polemus
397 2526 429 2580 ct
447 2521 633 2582 Nicodamus
661 2523 823 2597 pugnantis
847 2523 1049 2585 hortabantur
1067 2530 1099 2584 et
1118 2540 1219 2601 prope

236 2610 319 2664 certa
333 2602 478 2662 fovebant
498 2618 571 2678 spe,
594 2603 653 2664 ium
667 2604 851 2669 Nicandrum
865 2623 905 2669 ex
920 2606 1094 2685 composito
1109 2609 1220 2670 adfore

236 2692 267 2749 et
278 2693 366 2760 terga
379 2682 534 2745 hostium
527 2702 714 2750 invasurum.
735 2689 812 2751 haec
826 2707 878 2753 res
894 2691 1083 2768 aliquamdiu
1095 2693 1218 2754 animos

236 2766 435 2844 pugnantium
448 2768 607 2833 sustinuit=
626 2780 760 2835 ceterum
774 2783 940 2852 postquam
955 2777 1069 2837 nullum
1081 2792 1122 2837 ex
1135 2792 1219 2839 com·

236 2851 338 2929 posito
363 2852 484 2929 signum
504 2872 523 2915 a
542 2856 608 2917 suis
632 2855 825 2934 accipiebant
844 2865 876 2922 et
894 2874 1037 2938 crescere
1052 2877 1218 2922 numerum

235 2935 369 2999 hostium
391 2938 571 3014 cernebant,
596 2938 732 3004 destituti
752 2941 879 3019 segnius
898 2940 1031 3013 instare,
1060 2952 1219 3019 postremo

234 3036 269 3082 re
289 3020 420 3096 omissa,
441 3021 500 3083 iam
516 3023 567 3084 vix
581 3032 645 3087 tuto
659 3033 787 3102 receptu
801 3026 976 3103 largientes
967 3045 997 3089 1n
1012 3028 1121 3089 urbem
1135 3044 1218 3091 com-

234 3105 404 3180 peliuntur,
430 3113 516 3181 parte
537 3123 665 3183 operum
685 3110 827 3184 incensa,
849 3118 880 3172 et
900 3112 1038 3187 pluribus
1058 3112 1218 3189 aliquanto

235 3202 327 3262 quum
352 3187 412 3264 ipsi
437 3188 611 3251 ceciderant
636 3192 822 3254 interiectis
849 3194 963 3270 quodsi
983 3211 1024 3256 ex
1043 3197 1217 3273 composito

235 3276 303 3331 acta
317 3282 368 3331 res
384 3271 507 3347 luisset,
531 3273 613 3334 haud
628 3275 755 3336 dubium
769 3285 835 3339 erat
849 3277 1020 3355 expugnari
1034 3295 1097 3341 una
1110 3279 1217 3363 utique

236 3359 321 3429 parte
336 3370 433 3429 opera
448 3371 517 3416 cum
531 3372 642 3434 magna
657 3359 753 3420 cacde
766 3361 900 3423 hostium
915 3363 1064 3459 potuisse.
1087 3358 1216 3425 Ambra·

236 3435 357 3498 aienses
373 3438 488 3515 quique
504 3437 585 3503 intus
600 3448 688 3503 eraut
699 3442 816 3519 Aetoli,
831 3461 894 3506 non
907 3446 946 3507 ab
961 3446 1029 3508 eius
1044 3448 1147 3508 solum
1163 3463 1214 3508 no

235 3521 294 3582 ctis
313 3521 435 3597 incepto
455 3534 635 3597 recessere,
648 3526 738 3586 sed
730 3543 759 3586 rn
781 3528 933 3604 reliquum
954 3545 1080 3606 quoque
1093 3537 1214 3608 tempus
