2600 4000
206 236 268 300 152
371 235 487 297 LIBER
499 235 633 298 xlllllv.
660 235 742 296 cAP.
757 242 801 297 aa.
824 240 1020 309 [naemu

288 385 407 447 XXXII.
427 387 478 447 Ad
491 387 569 448 haec
582 386 749 461 imperator
758 385 915 446 Romanus
929 383 1082 459 „amicilia
1093 391 1122 444 et
1133 401 1186 447 so-

206 473 301 533 cietas
321 471 409 532 nobis
429 471 513 531 nulla
525 478 642 543 tecum,
663 470 721 530 sed
735 484 805 529 cum
816 467 931 543 Pelope
944 482 1017 542 rege
1030 468 1183 530 Lacedae

206 555 378 617 moniorum
396 555 478 615 iusto
499 570 536 614 ac
556 553 690 629 legitimo
712 553 793 614 lacta
809 558 871 625 est,
894 551 982 613 ouius
996 551 1046 612 ius
1061 556 1185 630 tyranm

207 654 347 718 quoque,
370 639 422 716 qui
442 644 553 714 postea
566 653 623 714 per
635 637 698 698 vim
711 642 874 698 tenuemnt
885 634 1117 696 Lacedaemone
1130 636 1183 696 im-

205 724 341 800 perium,
358 723 431 799 quia
450 737 509 782 nos
526 722 608 782 bella
627 736 708 783 nunc
727 719 844 780 Punica
862 735 945 781 nuinc
964 719 1082 779 Gallica
1101 735 1185 781 nunc

205 808 265 869 alia
284 822 324 867 ex
341 806 410 867 aliis
431 812 672 881 occupaverant,
692 810 894 880 usurparunt,
917 803 998 864 sicut
1012 809 1046 862 tu
1059 819 1185 879 quoque
1295 828 1296 837 ι

206 892 265 953 hoc
278 888 478 950 Macedonico
493 889 574 950 bello
589 889 698 951 fecisti.
722 904 792 948 nam
807 887 882 963 quid
894 887 994 947 minus
1010 886 1187 948 conveniret

207 991 300 1052 quam
314 988 379 1047 eos,
394 972 447 1049 qui
462 988 519 1048 pro
532 972 672 1034 libertate
687 971 833 1033 Graeciae
847 971 998 1032 adversus
1012 969 1183 1046 Philippum

206 1072 383 1134 gereremus
403 1057 531 1129 bellum,
553 1071 623 1117 cum
636 1065 768 1135 tyranno
783 1055 941 1117 instituere
955 1053 1136 1115 amciuama
1154 1062 1187 1115 et

207 1150 337 1221 tyranno
352 1156 445 1216 quam
460 1140 512 1216 qui
528 1155 674 1216 umquam
689 1140 745 1200 luit
759 1138 941 1201 saevissimo
956 1145 988 1200 el
1000 1138 1185 1199 violentissi-

208 1242 259 1287 mo
273 1225 304 1284 in
320 1239 406 1284 suos.
441 1223 532 1285 nobis
547 1239 632 1296 vcro,
651 1223 770 1285 etiamsi
784 1224 886 1297 Argos
900 1238 959 1283 nec
974 1222 1113 1297 cepisses
1129 1237 1186 1298 par

207 1309 345 1370 fraudem
359 1323 417 1368 nec
430 1314 561 1381 teneres,
575 1307 775 1369 liberantibus
790 1322 911 1367 omnem
923 1305 1081 1367 Graeciam
1091 1305 1185 1366 Lace·

207 1394 337 1454 daemon
360 1407 485 1467 quoque
504 1391 690 1452 vindicanda
709 1392 741 1452 in
761 1391 918 1466 antiquam
937 1390 1107 1451 libertatem
1119 1395 1188 1450 erat

207 1485 299 1552 atquc
315 1476 346 1536 in
360 1478 446 1551 leges
461 1491 544 1548 suas,
560 1492 689 1550 quarum
703 1476 795 1537 modo
809 1481 965 1550 tamquam
978 1475 1115 1536 aemlilus
1125 1473 1186 1551 Lp-

208 1561 293 1637 curgi
307 1560 490 1621 mentionem
506 1558 613 1620 iecisti.
647 1575 686 1619 an
700 1565 735 1620 ut
747 1560 786 1619 ab
800 1561 871 1620 Iaso
886 1565 917 1620 et
930 1558 1084 1637 Bargyliis
1098 1573 1184 1633 prac-

208 1646 287 1707 sidio
297 1644 428 1720 Philippi
439 1643 741 1718 deducantur,curaa
752 1644 808 1704 erit
819 1642 923 1703 nobis:
938 1643 1040 1717 Argos
1052 1648 1082 1703 et
1091 1641 1187 1702 Lace

208 1731 402 1803 daemonem,
433 1729 511 1789 duas
539 1727 725 1788 clarissimos
753 1728 863 1802 urbes,
891 1727 1006 1788 lumina
1031 1725 1188 1802 quondam

209 1814 364 1886 Graeciae,
379 1813 437 1876 sub
452 1812 584 1888 pedibus
599 1813 660 1873 tuis
674 1812 892 1888 relinquemus,
907 1825 987 1887 quac
1001 1810 1117 1871 titulum
1131 1826 1183 1870 no-

207 1897 255 1957 bis
270 1898 417 1957 liberatae
428 1895 574 1955 Graeciae
589 1895 759 1958 servientes
774 1896 967 1957 deforment?
980 1893 1103 1956 atenim
1117 1910 1187 1954 cum

207 1980 349 2056 Philippo
360 1979 467 2055 Argivi
477 1987 650 2044 senserunt
665 1979 844 2042 remittimus
854 1979 917 2041 hoc
926 1978 988 2053 tibi,
1002 1994 1041 2040 nc
1052 1984 1188 2040 nostram

209 2064 306 2124 vicem
326 2063 481 2124 irascaris.
512 2064 588 2125 satis
609 2072 798 2142 compertum
817 2063 967 2125 habemus
988 2064 1119 2125 duorum
1136 2069 1189 2123 aul

209 2164 359 2210 summum
378 2147 468 2210 trium
487 2150 518 2209 in
533 2164 570 2210 ea
582 2165 632 2224 re,
654 2165 716 2212 non
738 2149 867 2211 civitatis
883 2149 1004 2223 culpam
1018 2162 1105 2218 esse;
1127 2155 1189 2207 lam

209 2235 334 2295 hercule
349 2249 442 2309 quarn
455 2234 486 2293 in
499 2241 530 2295 te
539 2241 655 2310 tuoque
666 2232 822 2310 praesidio
834 2232 1023 2293 arcessendo
1035 2230 1189 2305 accipien-

209 2318 314 2393 doque
335 2317 365 2378 in
380 2333 483 2378 arcem
496 2317 570 2378 nihil
584 2333 657 2378 csse
671 2318 794 2393 publico
811 2317 939 2378 consilio
955 2322 1065 2377 actum.
1093 2314 1188 2375 Thes-

209 2405 294 2463 salos
309 2407 341 2462 et
352 2399 521 2462 Phocensis
536 2406 567 2461 et
575 2400 740 2461 Locrensis
755 2416 911 2462 consensu
925 2401 1059 2461 omnium
1073 2398 1189 2459 scimus

210 2486 339 2560 portium
359 2482 489 2558 Philippi
513 2481 626 2550 luissea
654 2489 756 2543 tamen
781 2499 851 2544 cum
872 2491 974 2545 catera
991 2482 1189 2548 liberavimus

211 2566 355 2626 Graecias
377 2566 452 2640 quid
465 2565 587 2625 tandem
602 2580 713 2626 censes
727 2567 757 2626 in
768 2567 901 2643 Argivis,
918 2568 970 2644 qui
981 2569 1120 2629 insontes
1134 2583 1188 2642 pu-

209 2649 280 2710 blici
295 2647 415 2710 consilii
429 2647 498 2721 sint,
514 2649 671 2710 facturosl
692 2665 852 2712 servorum
866 2653 906 2712 ad
916 2650 1087 2713 libertatem
1096 2666 1188 2711 voca·
1254 2695 1257 2702 ⁴
1293 2695 1294 2698 ,

211 2740 310 2794 torum
324 2740 355 2794 et
368 2732 529 2807 egentibus
542 2732 718 2795 hominibus
728 2736 793 2811 agri
805 2735 895 2796 divisi
910 2735 1034 2796 criniua
1044 2735 1098 2797 tibi
1108 2734 1189 2796 obici

210 2816 351 2892 dicebas,
371 2832 434 2877 non
455 2816 578 2894 quidem
597 2834 655 2879 nec
676 2818 746 2896 ipsa
764 2820 946 2881 mediocria:
968 2819 1026 2881 sed
1041 2818 1116 2895 quid
1129 2818 1188 2880 ista

211 2908 282 2962 sunt
298 2916 374 2975 prae
387 2900 440 2976 iis,
463 2917 543 2979 quae
563 2904 762 2979 statuisque
783 2904 920 2980 quotidie
939 2903 1000 2963 alia
1019 2918 1115 2979 super
1129 2902 1189 2963 alia

210 2984 348 3046 lacinora
361 2985 513 3047 eduntur?
531 2986 644 3047 exhibe
654 2987 781 3048 liberam
792 2988 964 3049 contionem
974 2989 1024 3047 vel
1035 2986 1128 3063 Argis
1139 2986 1189 3046 vel

209 3067 450 3143 Lacedaemone,
466 3070 493 3131 si
508 3071 614 3130 audire
627 3070 712 3133 iuvat
723 3087 799 3133 vera
812 3070 1027 3133 dominationis
1039 3071 1188 3147 impoten-

211 3152 347 3213 tissimae
362 3153 496 3214 crimina.
514 3161 548 3215 ut
562 3155 665 3215 omnia
679 3155 739 3216 alia
751 3156 921 3218 vetustiora
935 3154 1080 3230 omittam,
1094 3169 1190 3230 quam
1295 3165 1296 3186 ¹

211 3237 336 3296 caedem
349 3237 442 3313 Argis
456 3237 647 3316 Pythagoras
664 3238 723 3300 iste
736 3254 831 3315 gener
844 3247 914 3301 tuus
928 3254 1028 3315 paena
1043 3238 1075 3299 in
1091 3236 1190 3299 oculis
1202 3301 1212 3314 Ι

211 3320 286 3380 meis
301 3320 416 3381 elilim
443 3338 535 3399 quam
548 3330 579 3384 tu
595 3322 673 3398 ipse,
689 3338 759 3384 cum
772 3324 831 3385 iam
846 3339 943 3400 prope
958 3323 988 3384 in
1003 3322 1117 3385 linibus
1130 3321 1189 3381 La·

211 3405 476 3466 cedaemoniomm
491 3413 615 3467 essem?
637 3408 782 3484 agedum
806 3424 885 3484 quos
901 3408 932 3466 in
948 3407 1091 3469 contione
1105 3420 1189 3466 com·

212 3488 382 3561 prehensos
404 3489 546 3551 omnibus
567 3490 760 3551 audientibus
782 3490 899 3553 civibus
920 3490 980 3552 tuis
1000 3492 1031 3550 in
1046 3488 1189 3552 custodia
