2600 4000
244 241 358 303 LlssElt
371 241 531 303 xxxviii.
554 242 636 302 car.
651 251 748 305 mas.
771 246 807 322 [a.
820 251 852 302 c.
869 232 930 336 rso]
1009 243 1071 307 341

93 394 200 454 ierens
214 389 365 453 advirum
380 390 597 467 Ortiagontem,
619 391 674 466 qui
687 391 726 454 ab
741 390 872 470 Olympo
887 392 1011 453 domum
1024 408 1072 455 re

93 478 225 551 ingerat,
241 474 392 551 pervenit;
409 491 500 552 quem
511 475 692 551 priusquam
703 476 965 550 complecteretur,
981 485 1074 552 caput
1095 485 1100 493 ’

94 558 283 620 centurionis
297 565 366 620 ante
381 558 477 633 pedes
492 559 559 619 cius
574 558 697 632 abiecit,
719 557 899 633 mirantique
914 558 1072 618 cuiusnam

93 642 128 703 id
144 650 237 718 caput
254 640 383 703 hominis
404 647 456 702 aut
476 641 560 717 quod
574 641 606 702 id
620 642 738 703 lacinus
755 641 994 718 haudquaquam
1005 656 1083 701 mu.

13 723 18 731 '
95 724 193 786 liebre
206 731 299 800 esset,
314 732 344 787 et
360 725 499 799 iniuriam
513 723 653 801 corporis
666 732 698 787 et
711 724 856 786 ultionem
870 723 1003 785 violatae
1017 739 1074 798 per
1115 735 1119 743 ·

95 808 158 893 vim
172 808 337 885 pudicitiae
351 808 496 870 confessa
509 807 575 870 viro
589 814 645 884 est,
660 806 791 884 aliaque,
807 815 840 870 ut
850 806 987 881 traditur,
1002 823 1073 867 san·

95 893 199 955 ctitate
218 899 249 953 et
265 890 412 968 gravime
426 890 506 951 vitae
518 891 609 954 huius
623 893 800 953 matronalis
816 890 960 953 facinoris
976 889 1072 950 decus

94 976 138 1036 sd
151 975 290 1037 ultimum
304 975 507 1036 conservavit.

179 1059 273 1120 XXV.
294 1058 344 1119 Ad
364 1059 518 1136 Ancyram
537 1059 568 1118 in
589 1056 699 1120 stativa
719 1065 857 1120 oratores
871 1059 1073 1136 Tectosagum

96 1143 138 1203 ad
153 1142 312 1204 constatem
323 1148 472 1202 venerunt
484 1146 634 1218 petentes,
647 1157 688 1202 ne
701 1148 773 1204 ante
785 1141 825 1203 ab
834 1143 961 1221 Ancyra
972 1148 1073 1204 castra
1146 1195 1149 1200 ,

95 1230 247 1298 moveret,
264 1240 356 1301 quam
370 1225 543 1286 collocutus
555 1239 622 1286 cum
637 1224 705 1285 suis
716 1224 840 1300 regibus
855 1233 952 1289 esset:
972 1228 1072 1289 nullas

96 1308 295 1370 condiciones
314 1308 401 1384 pacis
417 1305 455 1369 iis
470 1324 532 1370 non
546 1308 627 1369 bello
643 1307 709 1369 lore
723 1308 869 1384 potiores.
906 1317 1026 1388 tempus
1040 1308 1072 1369 in

95 1391 256 1468 posterum
270 1391 350 1464 diem
365 1390 563 1464 constituitur,
579 1392 730 1467 locusque
745 1393 796 1468 qui
810 1393 930 1455 medius
941 1394 1072 1456 maxima

95 1475 176 1535 inter
199 1482 300 1537 castra
318 1474 472 1536 Gallorum
492 1481 523 1536 ot
541 1477 698 1552 Ancyram
716 1484 764 1536 est
785 1477 881 1538 visus.
898 1506 902 1513 ⁴
919 1495 981 1552 quo
1003 1492 1070 1537 eurr

97 1557 207 1620 consul
226 1559 267 1619 ad
287 1565 407 1634 tempus
427 1573 495 1619 curn
514 1558 670 1635 praesidio
689 1558 922 1635 quingentomm
936 1559 1072 1635 equitum

97 1641 246 1716 venisset,
269 1657 326 1702 nec
345 1642 408 1702 ullo
424 1641 577 1704 Gallorum
598 1641 640 1702 ibi
660 1639 730 1703 viso
747 1658 910 1717 regressus
925 1641 956 1701 in
971 1647 1071 1702 eastra

97 1731 196 1799 esset,
217 1732 359 1787 'oratores
379 1725 460 1788 idem
479 1727 622 1797 redeunt,
644 1729 829 1785 excusantes
850 1723 997 1798 religione
1017 1721 1071 1783 ob-

1 1789 2 1816 *
96 1811 175 1869 lecta
188 1806 291 1870 venire
304 1825 395 1885 reges
409 1826 471 1871 non
487 1825 598 1886 posse=
619 1808 775 1882 principes
789 1805 905 1880 gentis,
921 1821 977 1881 per
992 1822 1073 1882 quos

95 1906 195 1969 aeque
214 1907 265 1954 res
285 1893 411 1966 transigi
431 1898 552 1967 posset,
575 1896 732 1950 venturos.
768 1892 877 1949 consul
897 1905 932 1950 se
947 1905 1072 1966 quoque

95 1976 229 2038 Attalum
252 1975 415 2036 missurum
443 1973 527 2034 dixit
562 1971 683 2034 adhoc
709 1972 895 2048 coloquium
919 1971 1073 2050 utrimque

31 2111 35 2119 .
96 2066 219 2119 ventum
233 2064 290 2118 est
310 2063 465 2127 trecentos
479 2056 729 2131 equitesAttalus
740 2055 885 2130 praesidii
897 2074 992 2119 causa
1003 2072 1072 2118 cum
1090 2110 1092 2114 .

96 2140 292 2211 adduxisset,
312 2140 410 2200 iactae
429 2145 501 2198 suut
515 2139 601 2214 pacis
617 2136 825 2199 condiciones.
856 2139 926 2201 finis
939 2141 986 2201 rei
1002 2140 1071 2215 quio

98 2222 276 2284 absentibus
291 2221 422 2284 ducibus
435 2219 550 2298 imponi
562 2235 624 2283 nou
636 2228 764 2298 poterat,
779 2224 930 2298 convenit,
944 2223 987 2284 uti
999 2238 1072 2283 con-

96 2308 147 2368 sul
161 2321 315 2383 regesque
326 2321 364 2367 eo
375 2302 444 2367 loco
456 2313 580 2380 postero
594 2305 643 2366 die
655 2306 923 2381 congrederentur.
945 2307 1071 2367 trustra·

97 2390 140 2451 tio
161 2389 316 2452 Gallorum
335 2404 373 2450 eo
394 2390 565 2466 spectabat,
587 2390 718 2473 primum
737 2397 771 2450 ut
790 2394 921 2459 tererent
940 2398 1072 2464 tempus,

99 2475 199 2536 donec
212 2489 264 2535 res
279 2488 364 2548 suas,
380 2472 491 2549 quibus
506 2472 669 2550 periclitari
683 2473 835 2544 nolebant
851 2489 921 2533 cum
936 2472 1072 2548 coniugi-

98 2559 156 2619 bus
170 2563 202 2618 et
216 2557 320 2618 liberis
335 2562 419 2618 trans
429 2556 530 2635 Halyn
542 2555 654 2618 flumen
667 2556 843 2626 traicerent;
865 2555 977 2618 deinde
987 2556 1072 2633 quod

99 2638 159 2715 ipsi
173 2641 301 2714 consuli,
317 2650 425 2716 parum
439 2647 528 2702 cauto
543 2640 695 2702 adversus
707 2640 850 2716 colloquii
866 2641 1014 2715 fraudem,
1028 2639 1072 2699 in-

99 2721 296 2783 sidiabantur.
325 2722 406 2784 mille
419 2722 460 2783 ad
474 2738 542 2783 eam
555 2739 619 2783 rem
633 2739 674 2784 ex
688 2723 772 2785 omni
784 2739 910 2796 numero
925 2723 1073 2783 audaciae

100 2811 245 2881 expertae
270 2804 448 2880 delegerunt
467 2806 594 2881 equites.
627 2815 659 2869 et
678 2806 885 2868 successisset
901 2806 1017 2880 fraudi,
1042 2805 1074 2864 ni

14 2928 19 2937 -
102 2901 156 2966 pro
175 2886 242 2948 iure
261 2888 410 2964 gentium,
431 2888 518 2949 cuius
538 2887 672 2950 violandi
693 2888 853 2950 consilium
872 2890 978 2949 initum
998 2898 1072 2960 erat,
1142 2884 1144 2887 ’

101 2972 234 3034 stetisset
259 2972 388 3034 tortum
418 2972 614 3051 pabulatores
638 2970 865 3047 lignatoresque
889 2972 1018 3033 Romani
1042 2971 1072 3031 in

69 3059 71 3064 ’
102 3072 166 3118 eam
180 3061 312 3132 partem,
332 3053 365 3116 in
379 3071 440 3133 qua
453 3055 638 3133 colloquium
653 3056 786 3116 futurum
800 3062 879 3126 erat,
895 3053 978 3116 ducti
993 3063 1073 3127 sunt,

101 3140 191 3202 tutius
205 3138 238 3200 id
251 3140 384 3201 futurum
397 3138 526 3200 tribunis
540 3139 629 3213 ratis,
649 3139 720 3214 quia
734 3137 871 3199 consulis
886 3135 1074 3213 praesidium

102 3230 132 3283 et
142 3223 241 3299 ipsum
252 3240 309 3300 pro
317 3223 446 3285 statione
452 3222 582 3284 habituri
589 3229 675 3284 erant
686 3221 767 3283 hosti
778 3220 970 3298 oppositum:
986 3236 1072 3281 suam

103 3313 199 3366 tamen
211 3307 502 3368 alteramstationem
512 3306 641 3383 propius
653 3314 755 3367 castra
765 3301 1072 3378 sexcentormnequi·

103 3402 164 3449 tum
183 3398 361 3465 posueruut.
393 3390 503 3453 consul
516 3390 695 3451 adfirmante
707 3389 809 3449 Attalo
824 3393 969 3448 venturos
983 3398 1073 3458 reges

100 3482 130 3537 et
140 3469 268 3546 transigi
281 3489 346 3532 rem
363 3490 466 3549 posse,
481 3472 638 3550 proiectus
648 3487 667 3531 e
678 3472 796 3544 castris,
811 3487 880 3531 curn
890 3469 1000 3529 eodem
1011 3481 1074 3539 quo
