2600 4000
275 278 389 340 LIBER
402 279 536 339 XXXVI.
558 279 639 338 cAP.
655 287 699 339 21.
711 286 753 340 22.
779 284 815 351 [a.
829 283 935 351 c.191]
1031 276 1088 341 itt

116 444 296 508 paucosque
319 427 385 488 dies
409 429 549 489 omnibus
571 429 746 504 perpacatis
761 428 828 489 sine
842 429 933 489 ullius
948 445 1030 490 noxa
1043 446 1089 491 ur·

115 514 164 576 bis
177 511 331 574 exercitus
344 512 565 588 Thermopylas
579 513 734 586 reductus,
749 513 843 572 multo
859 512 1009 573 modestia
1022 519 1093 588 post
1187 572 1188 575 ,

116 594 276 658 victoriam
290 607 383 671 quant
396 595 466 670 ipsa
480 595 609 657 victoria
622 595 812 657 laudabilior.
841 594 913 655 inde
929 597 1037 657 consul
1051 595 1092 655 Μ.

116 680 270 753 Catonem,
284 693 341 754 per
353 694 443 756 quem
455 693 535 754 quae
545 687 633 754 gesta
643 686 750 741 essent
760 685 884 748 senatus
897 681 1093 755 populusque

114 765 271 825 Romanus
291 761 373 823 haud
387 761 482 823 dubio
496 771 621 823 auctore
636 763 742 837 sciret,
763 763 892 824 Romam
905 762 996 823 misit.
1031 761 1059 823 is
1075 779 1094 823 a

116 847 231 908 creusa
241 878 283 890 —
293 844 526 922 Thespiensium
541 846 711 922 emporium
724 853 781 920 est,
796 846 826 905 in
839 846 942 907 intimo
955 847 1025 907 sinu
1037 846 1092 908 co-

113 928 263 992 rinthiaco
277 935 440 991 retractum
450 962 492 978 —
503 929 608 990 Patras
621 929 760 990 Achaiae
772 929 860 1005 petit,
877 929 1005 991 aPatris
1020 929 1091 991 Gor·

115 1029 222 1092 oymm
241 1028 343 1088 usque
356 1010 497 1074 Aetoliae
519 1019 612 1088 atque
625 1013 818 1074 Acarnaniae
833 1012 932 1075 littora
946 1013 1033 1089 legit,
1050 1022 1092 1075 at·

115 1113 177 1173 que
201 1096 243 1157 ita
271 1096 309 1156 ad
331 1096 525 1174 Hydruntum
545 1096 649 1158 Italiae
673 1096 781 1158 traicit.
815 1096 920 1170 qllinto
947 1096 997 1156 die
1020 1097 1093 1158 inde

115 1179 250 1257 pedestri
263 1178 370 1240 itinere
379 1179 507 1241 Romam
517 1180 631 1255 ingenti
642 1194 735 1241 cursu
746 1179 892 1256 pervenit.
911 1188 981 1240 ante
993 1182 1091 1242 lucem

114 1264 274 1339 ingressus
294 1263 400 1324 urbem
415 1280 434 1323 a
447 1270 537 1338 porta
550 1264 590 1324 ad
604 1271 776 1340 praetorem
789 1262 830 1323 Μ.
845 1263 963 1323 lunium
976 1264 1033 1325 iter
1047 1265 1091 1324 in·

114 1346 218 1408 tendit.
253 1346 281 1408 is
297 1347 394 1423 prima
408 1347 520 1408 lurein
535 1356 674 1409 senatum
687 1346 825 1419 vocavit;
854 1364 915 1424 quo
930 1348 963 1408 L.
979 1347 1090 1410 corne-

114 1430 174 1492 lius
189 1428 308 1507 Scipio,
332 1428 448 1506 aliquot
462 1431 570 1492 diebus
585 1437 655 1493 ante
669 1448 689 1492 a
702 1432 831 1493 consule
845 1431 1006 1507 dimissus,
1023 1449 1092 1494 cum

115 1513 283 1576 adveniens
298 1512 437 1576 audisset
449 1531 666 1591 praegressum
681 1514 825 1577 Catonem
839 1515 871 1576 in
886 1523 994 1577 senatu
1009 1531 1091 1590 esse,

114 1598 293 1674 supervenit
306 1601 488 1674 exponenti,
505 1615 584 1675 quae
598 1606 687 1674 gesta
701 1606 815 1661 essent.
838 1599 900 1660 duo
914 1597 986 1658 inde
1001 1598 1091 1673 legati

113 1682 203 1743 iussu
223 1688 347 1743 senatus
368 1683 398 1743 in
419 1684 592 1746 contionem
614 1690 686 1744 sunt
699 1682 857 1758 producti,
878 1686 971 1755 atque
985 1680 1027 1740 ibi
1041 1696 1090 1740 ea-

114 1765 185 1825 dem
206 1782 286 1842 quae
306 1764 336 1827 in
358 1775 468 1830 senatu
488 1768 527 1828 de
540 1768 633 1828 rebus
647 1768 679 1827 in
692 1765 815 1826 Aetolia
828 1763 923 1837 gestis
938 1777 1091 1837 exposue-

113 1855 192 1910 runt.
216 1849 400 1927 supplicatio
415 1851 446 1912 in
457 1851 589 1912 triduum
601 1850 726 1910 decreta
736 1854 791 1921 est,
808 1853 839 1906 et
849 1851 882 1907 ut
894 1846 1093 1922 quadraginta

113 1931 223 1995 hostiis
236 1934 405 1994 maioribus
419 1941 557 2011 praetor,
575 1931 687 2009 quibus
702 1929 761 1990 diis
776 1929 804 1989 ei
818 1928 982 2005 videretur,
997 1930 1091 1991 sacri-

112 2017 228 2078 ficaret
250 2033 307 2093 per
321 2016 449 2078 eosdem
463 2016 530 2077 dies
545 2022 577 2076 et
587 2018 627 2081 Μ.
637 2014 764 2076 Fulvius
775 2011 920 2087 Nobilior,
938 2015 990 2089 qui
1008 2015 1091 2076 bien-

113 2100 164 2161 nio
176 2106 246 2159 ante
258 2105 382 2173 praetor
390 2099 421 2158 in
432 2096 612 2174 Hispaniam
623 2105 688 2158 erat
699 2097 864 2172 proiectus,
876 2113 974 2158 ovans
986 2100 1093 2159 urbem

113 2189 163 2243 est
175 2183 351 2256 ingressus:
373 2182 491 2256 argenti
511 2178 604 2256 bigati
618 2197 694 2257 prae
709 2195 744 2240 so
758 2180 824 2242 tulit
837 2187 959 2243 centurn
972 2181 1093 2256 triginta

115 2264 204 2339 milia,
220 2270 250 2325 et
263 2270 351 2326 extra
365 2271 555 2326 numeratum
570 2263 733 2326 duodecim
746 2264 829 2324 milia
843 2264 950 2340 pondo
965 2267 1092 2340 argenti,

114 2348 180 2408 auri
195 2348 300 2424 pondo
316 2356 436 2411 centurn
451 2347 556 2425 viginti
572 2355 699 2424 septem.

196 2432 286 2493 XXII.
314 2433 432 2494 Acilius
448 2433 558 2496 consul
576 2431 614 2492 ab
629 2430 844 2510 Thermopylis
859 2430 1038 2492 Heracleam
1052 2433 1091 2493 ad

112 2517 240 2578 Aetolos
260 2516 430 2592 praemisit,
451 2524 485 2579 ut
497 2525 570 2578 tune
592 2517 701 2577 saltem
715 2514 834 2591 experti
847 2514 963 2590 regiam
977 2515 1092 2577 vanita-

113 2609 172 2661 tem
192 2600 425 2678 resipiscerent,
445 2600 618 2674 traditaque
631 2599 782 2660 Heraclea
801 2599 969 2673 cogitarent
984 2599 1023 2660 de
1038 2615 1091 2675 pe-

114 2685 206 2746 tenda
229 2685 269 2746 ab
295 2693 403 2746 senatu
424 2700 481 2745 seu
506 2683 618 2744 luroris
643 2683 692 2743 sui
717 2697 773 2743 seu
797 2682 912 2743 erroris
936 2682 1036 2743 venia.
1064 2689 1094 2742 et

113 2775 232 2828 ceteras
255 2767 402 2828 Graeciae
423 2767 559 2828 civitates
584 2765 738 2826 deiecisse
758 2779 796 2825 eo
816 2766 897 2827 bello
920 2763 958 2825 ab
979 2766 1093 2841 optime

113 2850 228 2910 meritis
241 2850 404 2912 Romanis=
428 2849 485 2910 sed
499 2847 572 2924 quia
588 2855 662 2924 post
676 2849 778 2922 rugam
791 2849 889 2923 regis,
912 2847 999 2910 cuius
1015 2850 1090 2910 ildu-

112 2933 161 2993 cia
175 2932 279 2995 officio
294 2933 519 3006 decessissent,
534 2948 597 2994 non
611 2930 804 3000 addidissent
819 2931 1014 3007 pertinaciam
1029 2934 1092 2993 cul-

112 3033 180 3093 pae,
196 3018 227 3077 in
241 3017 334 3078 fldem
347 3023 490 3093 receptas
505 3031 586 3077 esse.
614 3013 742 3076 Aetolos
759 3030 892 3090 quoquo,
909 3032 1092 3092 quamquam

112 3115 175 3162 non
188 3101 285 3163 secuti
297 3100 359 3162 sint
368 3116 482 3176 regem,
497 3100 555 3162 sed
566 3098 771 3175 arcessierint,
786 3107 816 3160 ct
826 3098 923 3159 duces
935 3099 1014 3176 belli,
1031 3117 1092 3161 non

114 3183 191 3246 socii
201 3184 321 3259 luerint,
336 3185 364 3246 si
374 3183 531 3261 paenitere
542 3182 672 3261 possint,
688 3198 785 3259 posse
797 3190 827 3243 et
837 3183 998 3245 incolumis
1011 3198 1092 3245 esse.

113 3268 154 3327 ad
167 3283 205 3328 ea
219 3285 289 3329 cum
300 3268 402 3345 pacati
411 3269 484 3330 nihil
498 3269 748 3346 responderetur,
764 3275 989 3343 appareretque
1000 3265 1092 3328 armis

114 3365 180 3410 rem
199 3353 365 3427 gerendam
384 3359 416 3414 et
435 3368 509 3428 rege
530 3357 676 3428 superato
696 3352 809 3412 bellum
823 3351 995 3414 Aetolicum
1017 3352 1092 3413 inte·

112 3450 199 3508 grum
212 3444 339 3510 restare,
354 3443 456 3498 eastra
465 3435 505 3497 ab
515 3434 730 3513 Thermopylis
742 3435 782 3495 ad
792 3437 971 3497 Heracleam
982 3433 1092 3503 mcvit3

113 3533 213 3594 eoque
231 3519 308 3594 ipso
322 3521 387 3597 dic,
411 3528 445 3581 ut
459 3520 549 3582 situm
570 3526 714 3581 nosceret
734 3516 835 3592 urbis,
856 3517 895 3577 ab
911 3518 992 3577 omni
1006 3524 1093 3592 parte

154 3619 180 3659 τ.
196 3616 258 3661 nrvr
273 3618 349 3662 rans
361 3605 414 3667 iv.
852 3607 885 3661 1⁶
