2600 4000
204 188 266 251 ara
308 187 422 247 uranu
436 186 583 246 muxvu.
606 186 688 247 cnr.
704 195 859 249 erasas.
882 194 918 260 [a.
933 193 968 245 u.
981 211 1004 245 ο.
1017 195 1081 261 aaa]

203 356 317 419 negare
329 338 475 402 Eumenis
490 338 663 415 cupiditati,
684 339 767 414 quod
781 338 967 400 iustissimae
982 338 1046 401 irae
1060 350 1186 404 vestrae

204 423 349 501 negastis.
381 422 494 486 Rhodii
508 430 538 483 et
552 420 582 483 in
596 423 657 484 huc
671 423 746 484 etin
762 422 904 483 omnibus
923 422 1029 497 hellis,
1051 441 1134 500 quae
1154 427 1187 488 in

203 511 254 572 llla
267 524 323 572 ora
334 507 486 586 gessistis,
501 522 594 584 quam
608 507 678 568 lorti
692 505 838 583 fidelique
853 523 950 584 opera
961 523 1019 569 vos
1030 506 1187 571 adiuveri-

202 610 286 670 mus,
306 601 412 656 vestro
433 590 547 653 iudicio
561 589 772 667 relinquimus.
801 607 882 653 nunc
896 588 926 652 in
941 607 1020 668 pace
1035 592 1067 653 id
1082 596 1186 656 eonsi-

202 680 275 740 lium
295 675 478 750 adlerimus,
504 675 637 751 quodsi
660 675 911 751 comprobarilis,
938 675 1187 752 magnificentius

202 780 261 826 vos
281 761 411 824 victoria
428 775 505 823 usos
525 774 598 821 esse
619 775 712 835 quam
725 758 841 821 vicisse
861 775 969 822 omnes
984 761 1186 826 existimatam

203 846 294 909 sint.“
315 852 389 921 apta
401 842 601 920 magnitudini
614 843 883 906 Romanaeoratio
897 842 967 905 visa
981 850 1037 905 est

276 925 348 990 LV.
370 928 444 990 Post
452 928 591 991 Rhodios
601 928 745 990 Antiochi
759 926 850 1004 legali
864 929 966 991 vocati
981 937 1060 990 sunt.
1083 928 1186 991 iivul·

203 1022 274 1092 gato
285 1012 452 1090 petentium
464 1013 584 1074 veniam
594 1027 689 1087 more,
701 1027 837 1073 errorem
848 1012 924 1073 lassi
934 1012 1027 1087 regis,
1042 1012 1185 1076 obtestati

203 1104 274 1159 sunt
288 1103 393 1173 patres
408 1096 618 1172 conscriptos,
641 1104 676 1159 ul
688 1112 764 1157 suae
779 1094 883 1171 potius
898 1095 1078 1157 clementiae
1093 1114 1186 1174 quam

202 1179 284 1255 regis
299 1180 423 1254 culpae,
440 1181 492 1255 qui
508 1181 583 1242 satis
598 1196 755 1257 superque
769 1195 939 1256 poenarum
954 1179 1108 1256 dedisset,
1121 1199 1183 1243 me

203 1279 305 1324 mores
320 1265 530 1335 consulerent;
554 1273 711 1340 postremo
727 1280 836 1340 pacem
850 1264 953 1326 datam
963 1265 1026 1324 aL.
1038 1264 1187 1341 Scipione

204 1350 403 1423 imperatore,
420 1345 532 1420 quibus
547 1348 667 1422 legibus
679 1349 833 1423 dedisset,
848 1349 1063 1411 confirmarent
1080 1356 1185 1412 aucto·

203 1430 291 1494 ritate
306 1444 372 1491 sua.
404 1437 435 1492 et
454 1436 580 1491 senatus
595 1447 662 1491 earn
677 1449 786 1508 pacem
800 1434 986 1495 servandam
1000 1433 1135 1509 censuit,
1157 1442 1187 1495 et

203 1530 322 1594 paucos
337 1520 410 1591 post
424 1514 490 1574 dies
505 1516 640 1590 pupulus
655 1515 753 1578 iussit.
777 1517 887 1578 loedus
904 1517 935 1577 in
950 1516 1100 1593 Capitolio
1115 1533 1185 1585 cum
1290 1557 1291 1590 ,

203 1600 363 1676 Antipatro
385 1598 523 1675 principe
543 1598 705 1674 legationis
726 1607 757 1661 et
777 1602 887 1661 eodem
909 1601 1010 1662 lratris
1024 1602 1088 1662 lilio
1102 1600 1186 1677 regis
1223 1661 1226 1668 ,
1289 1597 1291 1618 ³

203 1684 346 1747 Antiochi
360 1690 409 1745 est
422 1681 524 1745 ictum.

287 1767 420 1830 Auditae
434 1765 592 1829 deinde'et
605 1766 683 1828 aliae
695 1767 864 1842 legationes
877 1784 916 1829 ex
926 1769 1004 1830 Asia
1015 1775 1097 1830 sunt.
1119 1769 1187 1845 qui·

203 1853 263 1914 bus
278 1852 420 1913 omnibus
439 1851 542 1914 datum
563 1859 817 1927 estrespousum
838 1852 946 1913 decem
965 1853 1085 1930 legatos
1100 1868 1188 1915 more

203 1935 351 1996 maiorum
373 1941 512 1996 senatum
533 1935 699 1997 missurum
719 1936 760 1996 ad
779 1952 831 1997 res
845 1936 940 1996 Asiae
966 1937 1187 2014 disceptandas

204 2019 508 2096 componendasque.
532 2036 682 2081 summam
695 2027 796 2081 tamen
810 2020 986 2093 hanelare,
1002 2027 1035 2082 ut
1048 2023 1094 2083 cis
1108 2023 1187 2082 Tau-

203 2119 270 2165 rum
290 2110 439 2177 montem,
466 2120 546 2181 quae
565 2105 644 2165 iutra
667 2106 754 2179 regni
774 2104 918 2166 Antiochi
940 2106 1019 2167 lines
1046 2106 1188 2180 luissent,

203 2187 330 2250 Eumeni
350 2188 584 2251 attribuerentur
605 2195 728 2264 praeter
741 2189 867 2269 Lyciam
883 2188 1064 2266 Cariamque
1083 2206 1188 2267 usque

203 2273 244 2333 ad
254 2272 453 2334 Maeandrum
468 2289 603 2334 amnem:
625 2290 665 2335 ea
676 2279 712 2334 ut
726 2271 855 2337 civitatis
867 2272 1057 2335 Rhodiorum
1069 2281 1187 2336 essent

204 2362 324 2418 ceterae
338 2356 475 2418 civitates
490 2356 593 2431 Asiae,
610 2371 691 2433 quae
703 2358 797 2418 Attali
811 2356 1029 2432 stipendiariae
1044 2358 1186 2432 luissent,

203 2441 331 2501 eaedem
345 2439 473 2501 Eumeni
488 2441 618 2515 vectigal
636 2441 823 2516 penderent3
847 2458 928 2516 quae
942 2442 1110 2517 vectigales
1123 2444 1187 2502 Au·

204 2521 296 2584 tiochi
311 2523 455 2596 luissent,
471 2538 527 2583 eae
540 2524 655 2583 liberae
669 2529 761 2598 etque
775 2525 925 2586 immunes
941 2534 1055 2588 essent.
1078 2526 1188 2588 decem

203 2607 321 2680 legatos
335 2605 395 2664 hos
409 2606 627 2667 decreverunt:
660 2606 694 2682 Q.
709 2607 874 2670 Minucium
887 2610 1001 2671 Rulum
1014 2611 1048 2670 L.
1063 2610 1190 2672 Furium

202 2686 423 2765 Purpurionem
438 2687 653 2763 patinarium
668 2690 827 2754 Thermum
843 2696 902 2771 Ap.
920 2694 1078 2756 Claudium
1092 2694 1188 2757 Nero·

203 2789 273 2834 nem
288 2773 339 2833 cn.
356 2773 528 2835 Cornelium
542 2773 690 2836 Merulam
700 2775 740 2835 Μ.
751 2775 870 2838 lunium
880 2779 1007 2839 Brutum
1019 2778 1052 2837 L.
1064 2780 1188 2839 Aurun-

203 2857 334 2918 culeium
352 2858 386 2918 L.
402 2858 564 2921 Aemilium
584 2859 709 2923 Paulum
729 2860 762 2919 P.
779 2861 951 2924 Cornelium
970 2863 1134 2923 Lentulum
1154 2863 1188 2922 P.

203 2941 321 3002 Aelium
335 2941 537 3005 Tuberonem.
565 2944 642 3004 LVl.
665 2945 730 3020 his,
747 2961 827 3022 quae
841 2947 1016 3023 praesentis
1030 2946 1188 3023 discepta-

202 3024 293 3087 tionis
309 3033 429 3101 csseut,
451 3027 547 3088 libera
565 3029 724 3090 mandata:
753 3030 793 3091 de
807 3046 928 3091 summa
940 3047 1043 3092 rerum
1058 3038 1188 3092 senatus

203 3108 368 3171 constituit.
396 3110 585 3189 Lycaoniam
605 3128 727 3174 omnem
748 3121 778 3175 et
796 3113 960 3192 Phrygiam
980 3123 1144 3191 utramque
1158 3124 1189 3176 et

202 3190 349 3272 Mysiam,
370 3194 472 3270 regias
486 3195 597 3268 silvas,
618 3203 649 3256 et
661 3197 780 3274 Lydiae
794 3197 960 3275 Ioniaeque
975 3205 1062 3261 extra
1076 3215 1117 3259 ea
1130 3214 1187 3273 op·

203 3277 290 3352 pide,
317 3292 398 3354 quac
416 3277 512 3338 libera
532 3278 678 3355 fuissent,
704 3298 766 3358 quo
788 3280 838 3342 die
859 3299 929 3344 aum
942 3298 1017 3358 rege
1029 3282 1186 3343 Antiocho

202 3367 369 3438 pugnatum
383 3366 445 3435 est,
471 3366 501 3421 et
520 3363 695 3425 nominatim
709 3364 899 3441 Magnesiam
919 3368 959 3428 ad
975 3364 1135 3444 Sipylum,
1157 3378 1188 3427 et

203 3445 318 3507 Cariam
330 3459 410 3521 quae
420 3445 558 3524 Hydrela
569 3450 750 3523 appellatur,
763 3465 932 3525 agrumque
942 3451 1187 3527 Hydrelatanum
