<?xml version="1.0" encoding="UTF-8"?>
<!DOCTYPE html PUBLIC "-//W3C//DTD XHTML 1.0 Transitional//EN"
    "http://www.w3.org/TR/xhtml1/DTD/xhtml1-transitional.dtd">
<html xmlns="http://www.w3.org/1999/xhtml" xml:lang="en" lang="en">
 <head>
  <title>
</title>
<meta http-equiv="Content-Type" content="text/html;charset=utf-8" />
  <meta name='ocr-system' content='tesseract 3.04.00' />
  <meta name='ocr-capabilities' content='ocr_page ocr_carea ocr_par ocr_line ocrx_word'/>
</head>
<body>
  <div class='ocr_page' id='page_1' title='image "./aburbeconditali00mlgoog_0389.png"; bbox 0 0 2600 4000; ppageno 0'>
   <div class='ocr_carea' id='block_1_1' title="bbox 227 247 1091 350">
    <p class='ocr_par' dir='ltr' id='par_1_1' title="bbox 227 247 1091 350">
     <span class='ocr_line' id='line_1_1' title="bbox 227 247 1091 350; baseline -0.001 -17"><span class='ocrx_word' id='word_1_1' title='bbox 227 263 229 274; x_wconf 85' lang='lat'>&#39;</span> <span class='ocrx_word' id='word_1_2' title='bbox 263 247 554 350; x_wconf 70' lang='lat' dir='ltr'><strong>emesinorum.</strong></span> <span class='ocrx_word' id='word_1_3' title='bbox 577 270 659 331; x_wconf 81' lang='lat' dir='ltr'><strong>cna.</strong></span> <span class='ocrx_word' id='word_1_4' title='bbox 673 277 715 333; x_wconf 79' lang='grc' dir='ltr'><strong>ιε.</strong></span> <span class='ocrx_word' id='word_1_5' title='bbox 728 277 771 332; x_wconf 83' lang='lat' dir='ltr'><strong>n.</strong></span> <span class='ocrx_word' id='word_1_6' title='bbox 788 276 823 343; x_wconf 65' lang='lat' dir='ltr'><strong>[a</strong></span> <span class='ocrx_word' id='word_1_7' title='bbox 836 274 868 326; x_wconf 79' lang='lat' dir='ltr'><strong>c,</strong></span> <span class='ocrx_word' id='word_1_8' title='bbox 882 274 942 342; x_wconf 79' lang='lat' dir='ltr'><strong>rao]</strong></span> <span class='ocrx_word' id='word_1_9' title='bbox 1028 267 1091 333; x_wconf 75' lang='lat' dir='ltr'><strong>aas</strong></span> 
     </span>
    </p>
   </div>
   <div class='ocr_carea' id='block_1_2' title="bbox 117 385 1094 497">
    <p class='ocr_par' dir='ltr' id='par_1_2' title="bbox 117 385 1094 497">
     <span class='ocr_line' id='line_1_2' title="bbox 117 385 1094 497; baseline 0.001 -16"><span class='ocrx_word' id='word_1_10' title='bbox 117 428 181 481; x_wconf 89' lang='lat' dir='ltr'><strong>tum</strong></span> <span class='ocrx_word' id='word_1_11' title='bbox 206 385 528 481; x_wconf 82' lang='lat' dir='ltr'><strong>stationesRomanas</strong></span> <span class='ocrx_word' id='word_1_12' title='bbox 553 426 682 495; x_wconf 89' lang='lat' dir='ltr'><strong>repente</strong></span> <span class='ocrx_word' id='word_1_13' title='bbox 706 418 833 495; x_wconf 90' lang='lat' dir='ltr'><strong>invecti,</strong></span> <span class='ocrx_word' id='word_1_14' title='bbox 860 420 916 480; x_wconf 92' lang='lat' dir='ltr'><strong>sed</strong></span> <span class='ocrx_word' id='word_1_15' title='bbox 942 421 1094 497; x_wconf 87' lang='lat' dir='ltr'><strong>quosdam</strong></span> 
     </span>
    </p>
   </div>
   <div class='ocr_carea' id='block_1_3' title="bbox 115 500 1094 829">
    <p class='ocr_par' dir='ltr' id='par_1_3' title="bbox 115 500 1094 829">
     <span class='ocr_line' id='line_1_3' title="bbox 116 500 1092 580; baseline 0.004 -18"><span class='ocrx_word' id='word_1_16' title='bbox 116 500 207 564; x_wconf 84' lang='lat' dir='ltr'><strong>etiarn</strong></span> <span class='ocrx_word' id='word_1_17' title='bbox 233 501 418 563; x_wconf 82' lang='lat' dir='ltr'><strong>occiderunt.</strong></span> <span class='ocrx_word' id='word_1_18' title='bbox 455 502 508 580; x_wconf 92' lang='lat' dir='ltr'><strong>qui</strong></span> <span class='ocrx_word' id='word_1_19' title='bbox 528 504 673 564; x_wconf 89' lang='lat' dir='ltr'><strong>tumultus</strong></span> <span class='ocrx_word' id='word_1_20' title='bbox 698 502 817 574; x_wconf 90' lang='lat' dir='ltr'><strong>cumin</strong></span> <span class='ocrx_word' id='word_1_21' title='bbox 838 508 938 564; x_wconf 87' lang='lat' dir='ltr'><strong>castra</strong></span> <span class='ocrx_word' id='word_1_22' title='bbox 958 504 1092 578; x_wconf 89' lang='lat' dir='ltr'><strong>perlatus</strong></span> 
     </span>
     <span class='ocr_line' id='line_1_4' title="bbox 115 584 1093 663; baseline 0.002 -18"><span class='ocrx_word' id='word_1_23' title='bbox 115 592 209 658; x_wconf 82' lang='lat' dir='ltr'><strong>esset,</strong></span> <span class='ocrx_word' id='word_1_24' title='bbox 225 584 344 646; x_wconf 76' lang='lat' dir='ltr'><strong>ediusus</strong></span> <span class='ocrx_word' id='word_1_25' title='bbox 357 593 486 663; x_wconf 87' lang='lat' dir='ltr'><strong>repente</strong></span> <span class='ocrx_word' id='word_1_26' title='bbox 500 585 641 648; x_wconf 88' lang='lat' dir='ltr'><strong>omnibus</strong></span> <span class='ocrx_word' id='word_1_27' title='bbox 656 585 754 663; x_wconf 93' lang='lat' dir='ltr'><strong>portis</strong></span> <span class='ocrx_word' id='word_1_28' title='bbox 768 585 922 662; x_wconf 73' lang='lat' dir='ltr'>equitatus</span> <span class='ocrx_word' id='word_1_29' title='bbox 936 587 1093 649; x_wconf 88' lang='lat' dir='ltr'><strong>Romanus</strong></span> 
     </span>
     <span class='ocr_line' id='line_1_5' title="bbox 115 667 1094 746; baseline 0.001 -17"><span class='ocrx_word' id='word_1_30' title='bbox 115 667 195 729; x_wconf 81' lang='lat' dir='ltr'><strong>ludit</strong></span> <span class='ocrx_word' id='word_1_31' title='bbox 206 669 383 746; x_wconf 84' lang='lat' dir='ltr'><strong>rogavitque</strong></span> <span class='ocrx_word' id='word_1_32' title='bbox 399 670 518 743; x_wconf 82' lang='lat' dir='ltr'>Gallos,</span> <span class='ocrx_word' id='word_1_33' title='bbox 541 675 571 730; x_wconf 90' lang='lat' dir='ltr'><strong>et</strong></span> <span class='ocrx_word' id='word_1_34' title='bbox 584 668 702 746; x_wconf 79' lang='lat' dir='ltr'>aliquot</span> <span class='ocrx_word' id='word_1_35' title='bbox 715 669 858 746; x_wconf 75' lang='lat' dir='ltr'><strong>fugientis</strong></span> <span class='ocrx_word' id='word_1_36' title='bbox 873 668 995 732; x_wconf 84' lang='lat' dir='ltr'><strong>occidit</strong></span> <span class='ocrx_word' id='word_1_37' title='bbox 1023 669 1094 730; x_wconf 88' lang='lat' dir='ltr'><strong>inde</strong></span> 
     </span>
     <span class='ocr_line' id='line_1_6' title="bbox 117 752 1092 829; baseline 0.002 -17"><span class='ocrx_word' id='word_1_38' title='bbox 117 752 239 825; x_wconf 84' lang='lat' dir='ltr'><strong>consul,</strong></span> <span class='ocrx_word' id='word_1_39' title='bbox 259 759 294 814; x_wconf 89' lang='lat' dir='ltr'><strong>ut</strong></span> <span class='ocrx_word' id='word_1_40' title='bbox 314 753 365 829; x_wconf 89' lang='lat' dir='ltr'><strong>qui</strong></span> <span class='ocrx_word' id='word_1_41' title='bbox 379 753 440 815; x_wconf 91' lang='lat' dir='ltr'><strong>iarn</strong></span> <span class='ocrx_word' id='word_1_42' title='bbox 454 754 496 814; x_wconf 90' lang='lat' dir='ltr'><strong>ad</strong></span> <span class='ocrx_word' id='word_1_43' title='bbox 508 752 605 815; x_wconf 87' lang='lat' dir='ltr'><strong>hostis</strong></span> <span class='ocrx_word' id='word_1_44' title='bbox 621 760 799 829; x_wconf 84' lang='lat' dir='ltr'><strong>perventum</strong></span> <span class='ocrx_word' id='word_1_45' title='bbox 814 761 966 829; x_wconf 84' lang='lat' dir='ltr'><strong>cerneret,</strong></span> <span class='ocrx_word' id='word_1_46' title='bbox 987 753 1092 828; x_wconf 89' lang='lat' dir='ltr'><strong>explo-</strong></span> 
     </span>
    </p>
   </div>
   <div class='ocr_carea' id='block_1_4' title="bbox 13 835 1095 914">
    <p class='ocr_par' dir='ltr' id='par_1_4' title="bbox 13 835 1095 914">
     <span class='ocr_line' id='line_1_7' title="bbox 13 835 1095 914; baseline 0 -19"><span class='ocrx_word' id='word_1_47' title='bbox 13 855 20 864; x_wconf 91' lang='lat'><strong>·</strong></span> <span class='ocrx_word' id='word_1_48' title='bbox 114 840 181 897; x_wconf 92' lang='lat' dir='ltr'><strong>rato</strong></span> <span class='ocrx_word' id='word_1_49' title='bbox 202 835 314 896; x_wconf 91' lang='lat' dir='ltr'><strong>deinde</strong></span> <span class='ocrx_word' id='word_1_50' title='bbox 334 843 366 898; x_wconf 90' lang='lat' dir='ltr'><strong>et</strong></span> <span class='ocrx_word' id='word_1_51' title='bbox 385 852 455 897; x_wconf 87' lang='lat' dir='ltr'><strong>curn</strong></span> <span class='ocrx_word' id='word_1_52' title='bbox 476 852 550 898; x_wconf 89' lang='lat' dir='ltr'><strong>cura</strong></span> <span class='ocrx_word' id='word_1_53' title='bbox 570 845 678 899; x_wconf 85' lang='lat' dir='ltr'><strong>coacto</strong></span> <span class='ocrx_word' id='word_1_54' title='bbox 699 838 820 914; x_wconf 79' lang='lat' dir='ltr'><strong>agmine</strong></span> <span class='ocrx_word' id='word_1_55' title='bbox 839 836 1042 914; x_wconf 82' lang='lat' dir='ltr'><strong>procedebat·</strong></span> <span class='ocrx_word' id='word_1_56' title='bbox 1064 843 1095 896; x_wconf 90' lang='lat' dir='ltr'><strong>et</strong></span> 
     </span>
    </p>
   </div>
   <div class='ocr_carea' id='block_1_5' title="bbox 109 917 1133 2668">
    <p class='ocr_par' dir='ltr' id='par_1_5' title="bbox 109 917 1133 2668">
     <span class='ocr_line' id='line_1_8' title="bbox 115 917 1093 995; baseline -0.002 -15"><span class='ocrx_word' id='word_1_57' title='bbox 115 917 340 981; x_wconf 81' lang='lat' dir='ltr'><strong>continentibus</strong></span> <span class='ocrx_word' id='word_1_58' title='bbox 355 920 513 982; x_wconf 89' lang='lat' dir='ltr'><strong>itineribus</strong></span> <span class='ocrx_word' id='word_1_59' title='bbox 528 937 598 983; x_wconf 89' lang='lat' dir='ltr'><strong>curn</strong></span> <span class='ocrx_word' id='word_1_60' title='bbox 612 920 849 995; x_wconf 77' lang='lat' dir='ltr'><strong>adsangarium</strong></span> <span class='ocrx_word' id='word_1_61' title='bbox 863 920 976 981; x_wconf 84' lang='lat' dir='ltr'><strong>numen</strong></span> <span class='ocrx_word' id='word_1_62' title='bbox 991 918 1093 980; x_wconf 84' lang='lat' dir='ltr'><strong>venis-</strong></span> 
     </span>
     <span class='ocr_line' id='line_1_9' title="bbox 114 1002 1093 1082; baseline 0 -19"><span class='ocrx_word' id='word_1_63' title='bbox 114 1008 170 1078; x_wconf 79' lang='lat' dir='ltr'><strong>set,</strong></span> <span class='ocrx_word' id='word_1_64' title='bbox 185 1008 321 1079; x_wconf 86' lang='lat' dir='ltr'><strong>pontem,</strong></span> <span class='ocrx_word' id='word_1_65' title='bbox 337 1004 410 1079; x_wconf 91' lang='lat' dir='ltr'><strong>quia</strong></span> <span class='ocrx_word' id='word_1_66' title='bbox 422 1004 503 1067; x_wconf 89' lang='lat' dir='ltr'><strong>vado</strong></span> <span class='ocrx_word' id='word_1_67' title='bbox 518 1020 670 1082; x_wconf 82' lang='lat' dir='ltr'><strong>nusquam</strong></span> <span class='ocrx_word' id='word_1_68' title='bbox 682 1003 828 1066; x_wconf 75' lang='lat' dir='ltr'><strong>transitus</strong></span> <span class='ocrx_word' id='word_1_69' title='bbox 844 1012 917 1079; x_wconf 86' lang='lat' dir='ltr'><strong>erat,</strong></span> <span class='ocrx_word' id='word_1_70' title='bbox 933 1004 1034 1063; x_wconf 85' lang='lat' dir='ltr'><strong>iacere</strong></span> <span class='ocrx_word' id='word_1_71' title='bbox 1048 1002 1093 1063; x_wconf 90' lang='lat' dir='ltr'><strong>in-</strong></span> 
     </span>
     <span class='ocr_line' id='line_1_10' title="bbox 114 1084 1092 1167; baseline -0.002 -19"><span class='ocrx_word' id='word_1_72' title='bbox 114 1084 218 1148; x_wconf 84' lang='lat' dir='ltr'><strong>stituit.</strong></span> <span class='ocrx_word' id='word_1_73' title='bbox 252 1084 420 1162; x_wconf 78' lang='lat' dir='ltr'><strong>Sangarius</strong></span> <span class='ocrx_word' id='word_1_74' title='bbox 435 1104 475 1149; x_wconf 86' lang='lat' dir='ltr'><strong>ex</strong></span> <span class='ocrx_word' id='word_1_75' title='bbox 488 1087 613 1149; x_wconf 84' lang='lat' dir='ltr'>Adoreo</span> <span class='ocrx_word' id='word_1_76' title='bbox 629 1094 732 1150; x_wconf 90' lang='lat' dir='ltr'><strong>monte</strong></span> <span class='ocrx_word' id='word_1_77' title='bbox 746 1103 803 1163; x_wconf 89' lang='lat' dir='ltr'><strong>per</strong></span> <span class='ocrx_word' id='word_1_78' title='bbox 815 1087 977 1167; x_wconf 87' lang='lat' dir='ltr'><strong>Phrygiam</strong></span> <span class='ocrx_word' id='word_1_79' title='bbox 992 1085 1092 1147; x_wconf 84' lang='lat' dir='ltr'><strong>fluens</strong></span> 
     </span>
     <span class='ocr_line' id='line_1_11' title="bbox 113 1168 1093 1252; baseline 0 -23"><span class='ocrx_word' id='word_1_80' title='bbox 113 1168 260 1230; x_wconf 87' lang='lat' dir='ltr'><strong>miscetur</strong></span> <span class='ocrx_word' id='word_1_81' title='bbox 283 1169 324 1230; x_wconf 87' lang='lat' dir='ltr'><strong>ad</strong></span> <span class='ocrx_word' id='word_1_82' title='bbox 343 1169 516 1250; x_wconf 75' lang='lat' dir='ltr'><strong>Bithyniam</strong></span> <span class='ocrx_word' id='word_1_83' title='bbox 534 1170 659 1252; x_wconf 82' lang='lat' dir='ltr'><strong>Tymbri</strong></span> <span class='ocrx_word' id='word_1_84' title='bbox 683 1170 794 1242; x_wconf 77' lang='lat' dir='ltr'><strong>liuvi03</strong></span> <span class='ocrx_word' id='word_1_85' title='bbox 819 1169 892 1232; x_wconf 89' lang='lat' dir='ltr'><strong>inde</strong></span> <span class='ocrx_word' id='word_1_86' title='bbox 917 1170 1013 1232; x_wconf 89' lang='lat' dir='ltr'><strong>maior</strong></span> <span class='ocrx_word' id='word_1_87' title='bbox 1032 1170 1093 1230; x_wconf 87' lang='lat' dir='ltr'><strong>ian.</strong></span> 
     </span>
     <span class='ocr_line' id='line_1_12' title="bbox 112 1250 1090 1335; baseline -0.001 -21"><span class='ocrx_word' id='word_1_88' title='bbox 112 1250 272 1328; x_wconf 84' lang='lat' dir='ltr'><strong>geminatis</strong></span> <span class='ocrx_word' id='word_1_89' title='bbox 292 1252 382 1329; x_wconf 88' lang='lat' dir='ltr'><strong>aquis</strong></span> <span class='ocrx_word' id='word_1_90' title='bbox 404 1270 460 1330; x_wconf 91' lang='lat' dir='ltr'><strong>per</strong></span> <span class='ocrx_word' id='word_1_91' title='bbox 472 1255 646 1335; x_wconf 82' lang='lat' dir='ltr'><strong>Bithyniam</strong></span> <span class='ocrx_word' id='word_1_92' title='bbox 667 1257 761 1316; x_wconf 88' lang='lat' dir='ltr'><strong>lertur</strong></span> <span class='ocrx_word' id='word_1_93' title='bbox 780 1260 811 1317; x_wconf 87' lang='lat' dir='ltr'><strong>et</strong></span> <span class='ocrx_word' id='word_1_94' title='bbox 829 1255 860 1316; x_wconf 89' lang='lat' dir='ltr'><strong>in</strong></span> <span class='ocrx_word' id='word_1_95' title='bbox 873 1252 1090 1331; x_wconf 82' lang='lat' dir='ltr'><strong>Propontidem</strong></span> 
     </span>
     <span class='ocr_line' id='line_1_13' title="bbox 114 1334 1114 1415; baseline 0 -19"><span class='ocrx_word' id='word_1_96' title='bbox 114 1351 186 1398; x_wconf 85' lang='lat' dir='ltr'><strong>sese</strong></span> <span class='ocrx_word' id='word_1_97' title='bbox 206 1334 351 1412; x_wconf 79' lang='lat' dir='ltr'><strong>effundit,</strong></span> <span class='ocrx_word' id='word_1_98' title='bbox 376 1353 438 1400; x_wconf 93' lang='lat' dir='ltr'><strong>non</strong></span> <span class='ocrx_word' id='word_1_99' title='bbox 460 1343 558 1400; x_wconf 84' lang='lat' dir='ltr'><strong>tamen</strong></span> <span class='ocrx_word' id='word_1_100' title='bbox 578 1347 638 1402; x_wconf 88' lang='lat' dir='ltr'><strong>tam</strong></span> <span class='ocrx_word' id='word_1_101' title='bbox 657 1335 865 1415; x_wconf 87' lang='lat' dir='ltr'><strong>magnitudine</strong></span> <span class='ocrx_word' id='word_1_102' title='bbox 884 1335 1090 1401; x_wconf 84' lang='lat' dir='ltr'><strong>memorabilis</strong></span> <span class='ocrx_word' id='word_1_103' title='bbox 1110 1388 1114 1396; x_wconf 86' lang='grc'><em>.</em></span> 
     </span>
     <span class='ocr_line' id='line_1_14' title="bbox 114 1418 1089 1500; baseline 0 -19"><span class='ocrx_word' id='word_1_104' title='bbox 114 1435 207 1496; x_wconf 91' lang='lat' dir='ltr'><strong>quam</strong></span> <span class='ocrx_word' id='word_1_105' title='bbox 220 1419 305 1495; x_wconf 90' lang='lat' dir='ltr'><strong>quod</strong></span> <span class='ocrx_word' id='word_1_106' title='bbox 318 1418 450 1497; x_wconf 81' lang='lat' dir='ltr'><strong>piscium</strong></span> <span class='ocrx_word' id='word_1_107' title='bbox 461 1423 576 1484; x_wconf 88' lang='lat' dir='ltr'><strong>accolis</strong></span> <span class='ocrx_word' id='word_1_108' title='bbox 590 1423 743 1499; x_wconf 87' lang='lat' dir='ltr'><strong>ingentem</strong></span> <span class='ocrx_word' id='word_1_109' title='bbox 761 1421 823 1483; x_wconf 90' lang='lat' dir='ltr'><strong>vim</strong></span> <span class='ocrx_word' id='word_1_110' title='bbox 837 1423 971 1500; x_wconf 88' lang='lat' dir='ltr'><strong>praebet.</strong></span> <span class='ocrx_word' id='word_1_111' title='bbox 993 1429 1089 1482; x_wconf 91' lang='lat' dir='ltr'><strong>trans·</strong></span> 
     </span>
     <span class='ocr_line' id='line_1_15' title="bbox 112 1500 1090 1584; baseline 0.001 -21"><span class='ocrx_word' id='word_1_112' title='bbox 112 1503 230 1579; x_wconf 89' lang='lat' dir='ltr'><strong>gressis</strong></span> <span class='ocrx_word' id='word_1_113' title='bbox 256 1512 350 1580; x_wconf 90' lang='lat' dir='ltr'><strong>ponte</strong></span> <span class='ocrx_word' id='word_1_114' title='bbox 376 1506 512 1582; x_wconf 81' lang='lat' dir='ltr'><strong>perlecto</strong></span> <span class='ocrx_word' id='word_1_115' title='bbox 534 1507 664 1582; x_wconf 85' lang='lat' dir='ltr'><strong>flumen,</strong></span> <span class='ocrx_word' id='word_1_116' title='bbox 689 1514 811 1584; x_wconf 90' lang='lat' dir='ltr'><strong>praeter</strong></span> <span class='ocrx_word' id='word_1_117' title='bbox 830 1507 927 1583; x_wconf 84' lang='lat' dir='ltr'><strong>ripam</strong></span> <span class='ocrx_word' id='word_1_118' title='bbox 948 1500 1090 1567; x_wconf 89' lang='lat' dir='ltr'><strong>euntib&#39;us</strong></span> 
     </span>
     <span class='ocr_line' id='line_1_16' title="bbox 112 1585 1133 1666; baseline 0.007 -19"><span class='ocrx_word' id='word_1_119' title='bbox 112 1585 189 1649; x_wconf 86' lang='lat' dir='ltr'><strong>Oalli</strong></span> <span class='ocrx_word' id='word_1_120' title='bbox 208 1586 313 1649; x_wconf 88' lang='lat' dir='ltr'><strong>matris</strong></span> <span class='ocrx_word' id='word_1_121' title='bbox 326 1604 461 1666; x_wconf 88' lang='lat' dir='ltr'><strong>magnae</strong></span> <span class='ocrx_word' id='word_1_122' title='bbox 476 1590 690 1653; x_wconf 87' lang='lat' dir='ltr'><strong>aPessinunte</strong></span> <span class='ocrx_word' id='word_1_123' title='bbox 705 1606 867 1652; x_wconf 89' lang='lat' dir='ltr'><strong>occurrere</strong></span> <span class='ocrx_word' id='word_1_124' title='bbox 883 1605 951 1650; x_wconf 88' lang='lat' dir='ltr'><strong>cum</strong></span> <span class='ocrx_word' id='word_1_125' title='bbox 965 1587 1087 1662; x_wconf 88' lang='lat' dir='ltr'><strong>insigni·</strong></span> <span class='ocrx_word' id='word_1_126' title='bbox 1131 1651 1133 1654; x_wconf 84' lang='grc'><em>,</em></span> 
     </span>
     <span class='ocr_line' id='line_1_17' title="bbox 112 1669 1090 1747; baseline -0.002 -16"><span class='ocrx_word' id='word_1_127' title='bbox 112 1669 170 1731; x_wconf 88' lang='lat' dir='ltr'><strong>bus</strong></span> <span class='ocrx_word' id='word_1_128' title='bbox 194 1672 275 1747; x_wconf 89' lang='lat' dir='ltr'><strong>suis,</strong></span> <span class='ocrx_word' id='word_1_129' title='bbox 301 1672 500 1735; x_wconf 79' lang='lat' dir='ltr'><strong>vaticinantes</strong></span> <span class='ocrx_word' id='word_1_130' title='bbox 526 1674 658 1737; x_wconf 83' lang='lat' dir='ltr'><strong>lanatico</strong></span> <span class='ocrx_word' id='word_1_131' title='bbox 683 1675 816 1735; x_wconf 88' lang='lat' dir='ltr'><strong>carmine</strong></span> <span class='ocrx_word' id='word_1_132' title='bbox 836 1674 925 1733; x_wconf 89' lang='lat' dir='ltr'><strong>deam</strong></span> <span class='ocrx_word' id='word_1_133' title='bbox 945 1669 1090 1731; x_wconf 89' lang='lat' dir='ltr'><strong>Romanis</strong></span> 
     </span>
     <span class='ocr_line' id='line_1_18' title="bbox 111 1750 1089 1832; baseline 0 -19"><span class='ocrx_word' id='word_1_134' title='bbox 111 1754 193 1815; x_wconf 89' lang='lat' dir='ltr'><strong>viam</strong></span> <span class='ocrx_word' id='word_1_135' title='bbox 212 1754 284 1816; x_wconf 89' lang='lat' dir='ltr'><strong>belli</strong></span> <span class='ocrx_word' id='word_1_136' title='bbox 304 1763 335 1818; x_wconf 90' lang='lat' dir='ltr'><strong>et</strong></span> <span class='ocrx_word' id='word_1_137' title='bbox 354 1757 511 1820; x_wconf 88' lang='lat' dir='ltr'><strong>victoriam</strong></span> <span class='ocrx_word' id='word_1_138' title='bbox 533 1760 607 1820; x_wconf 87' lang='lat' dir='ltr'><strong>dare</strong></span> <span class='ocrx_word' id='word_1_139' title='bbox 627 1757 850 1832; x_wconf 88' lang='lat' dir='ltr'><strong>imperiumque</strong></span> <span class='ocrx_word' id='word_1_140' title='bbox 865 1755 933 1815; x_wconf 85' lang='lat' dir='ltr'><strong>eius</strong></span> <span class='ocrx_word' id='word_1_141' title='bbox 945 1750 1089 1829; x_wconf 82' lang='lat' dir='ltr'><strong>regionis.</strong></span> 
     </span>
     <span class='ocr_line' id='line_1_19' title="bbox 111 1837 1090 1915; baseline -0.003 -15"><span class='ocrx_word' id='word_1_142' title='bbox 111 1838 252 1915; x_wconf 85' lang='lat' dir='ltr'><strong>accipere</strong></span> <span class='ocrx_word' id='word_1_143' title='bbox 278 1855 314 1901; x_wconf 94' lang='lat' dir='ltr'><strong>se</strong></span> <span class='ocrx_word' id='word_1_144' title='bbox 334 1857 424 1903; x_wconf 91' lang='lat' dir='ltr'><strong>omen</strong></span> <span class='ocrx_word' id='word_1_145' title='bbox 448 1857 517 1902; x_wconf 90' lang='lat' dir='ltr'><strong>cum</strong></span> <span class='ocrx_word' id='word_1_146' title='bbox 538 1841 670 1901; x_wconf 87' lang='lat' dir='ltr'><strong>dixisset</strong></span> <span class='ocrx_word' id='word_1_147' title='bbox 690 1840 824 1913; x_wconf 80' lang='lat' dir='ltr'><strong>conam,-</strong></span> <span class='ocrx_word' id='word_1_148' title='bbox 842 1845 942 1900; x_wconf 89' lang='lat' dir='ltr'><strong>castra</strong></span> <span class='ocrx_word' id='word_1_149' title='bbox 962 1853 1000 1900; x_wconf 91' lang='lat' dir='ltr'><strong>eo</strong></span> <span class='ocrx_word' id='word_1_150' title='bbox 1020 1837 1090 1914; x_wconf 91' lang='lat' dir='ltr'><strong>ipso</strong></span> 
     </span>
     <span class='ocr_line' id='line_1_20' title="bbox 112 1920 1091 1999; baseline -0.002 -17"><span class='ocrx_word' id='word_1_151' title='bbox 112 1922 180 1984; x_wconf 92' lang='lat' dir='ltr'><strong>loco</strong></span> <span class='ocrx_word' id='word_1_152' title='bbox 203 1924 315 1997; x_wconf 88' lang='lat' dir='ltr'><strong>posuit</strong></span> <span class='ocrx_word' id='word_1_153' title='bbox 343 1931 469 1999; x_wconf 90' lang='lat' dir='ltr'><strong>postero</strong></span> <span class='ocrx_word' id='word_1_154' title='bbox 491 1923 541 1983; x_wconf 89' lang='lat' dir='ltr'><strong>die</strong></span> <span class='ocrx_word' id='word_1_155' title='bbox 562 1923 603 1984; x_wconf 91' lang='lat' dir='ltr'><strong>ad</strong></span> <span class='ocrx_word' id='word_1_156' title='bbox 618 1921 765 1998; x_wconf 82' lang='lat' dir='ltr'><strong>Gordium</strong></span> <span class='ocrx_word' id='word_1_157' title='bbox 786 1922 934 1997; x_wconf 86' lang='lat' dir='ltr'><strong>pervenit.</strong></span> <span class='ocrx_word' id='word_1_158' title='bbox 964 1921 995 1982; x_wconf 91' lang='lat' dir='ltr'><strong>id</strong></span> <span class='ocrx_word' id='word_1_159' title='bbox 1008 1920 1091 1981; x_wconf 87' lang='lat' dir='ltr'><strong>haud</strong></span> 
     </span>
     <span class='ocr_line' id='line_1_21' title="bbox 113 2005 1090 2082; baseline -0.004 -13"><span class='ocrx_word' id='word_1_160' title='bbox 113 2020 253 2079; x_wconf 85' lang='lat' dir='ltr'><strong>magnum</strong></span> <span class='ocrx_word' id='word_1_161' title='bbox 269 2005 393 2081; x_wconf 88' lang='lat' dir='ltr'><strong>quidem</strong></span> <span class='ocrx_word' id='word_1_162' title='bbox 407 2006 554 2082; x_wconf 91' lang='lat' dir='ltr'><strong>oppidum</strong></span> <span class='ocrx_word' id='word_1_163' title='bbox 568 2012 630 2080; x_wconf 90' lang='lat' dir='ltr'><strong>est,</strong></span> <span class='ocrx_word' id='word_1_164' title='bbox 651 2006 708 2067; x_wconf 92' lang='lat' dir='ltr'><strong>sed</strong></span> <span class='ocrx_word' id='word_1_165' title='bbox 723 2007 793 2082; x_wconf 93' lang='lat' dir='ltr'><strong>plus</strong></span> <span class='ocrx_word' id='word_1_166' title='bbox 811 2022 902 2082; x_wconf 91' lang='lat' dir='ltr'><strong>quam</strong></span> <span class='ocrx_word' id='word_1_167' title='bbox 916 2006 1090 2068; x_wconf 87' lang='lat' dir='ltr'><strong>mediterra-</strong></span> 
     </span>
     <span class='ocr_line' id='line_1_22' title="bbox 111 2087 1119 2167; baseline -0.002 -20"><span class='ocrx_word' id='word_1_168' title='bbox 111 2103 202 2147; x_wconf 87' lang='lat' dir='ltr'><strong>neum</strong></span> <span class='ocrx_word' id='word_1_169' title='bbox 213 2087 334 2155; x_wconf 89' lang='lat' dir='ltr'><strong>celebre</strong></span> <span class='ocrx_word' id='word_1_170' title='bbox 345 2094 375 2148; x_wconf 89' lang='lat' dir='ltr'><strong>et</strong></span> <span class='ocrx_word' id='word_1_171' title='bbox 387 2089 533 2164; x_wconf 76' lang='lat' dir='ltr'><strong>frequens</strong></span> <span class='ocrx_word' id='word_1_172' title='bbox 546 2089 726 2165; x_wconf 89' lang='lat' dir='ltr'><strong>emporium.</strong></span> <span class='ocrx_word' id='word_1_173' title='bbox 742 2089 798 2150; x_wconf 91' lang='lat' dir='ltr'><strong>tria</strong></span> <span class='ocrx_word' id='word_1_174' title='bbox 810 2092 905 2151; x_wconf 88' lang='lat' dir='ltr'><strong>maria</strong></span> <span class='ocrx_word' id='word_1_175' title='bbox 916 2090 983 2167; x_wconf 87' lang='lat' dir='ltr'><strong>pari</strong></span> <span class='ocrx_word' id='word_1_176' title='bbox 995 2091 1090 2150; x_wconf 77' lang='lat' dir='ltr'><strong>lernae</strong></span> <span class='ocrx_word' id='word_1_177' title='bbox 1115 2138 1119 2144; x_wconf 85' lang='grc'><em>.</em></span> 
     </span>
     <span class='ocr_line' id='line_1_23' title="bbox 111 2170 1090 2251; baseline -0.002 -19"><span class='ocrx_word' id='word_1_178' title='bbox 111 2170 256 2243; x_wconf 84' lang='lat' dir='ltr'><strong>distantia</strong></span> <span class='ocrx_word' id='word_1_179' title='bbox 274 2171 431 2233; x_wconf 88' lang='lat' dir='ltr'><strong>intervallo</strong></span> <span class='ocrx_word' id='word_1_180' title='bbox 446 2171 552 2245; x_wconf 88' lang='lat' dir='ltr'><strong>habet,</strong></span> <span class='ocrx_word' id='word_1_181' title='bbox 567 2173 815 2250; x_wconf 86' lang='lat' dir='ltr'><strong>Hellespontum,</strong></span> <span class='ocrx_word' id='word_1_182' title='bbox 831 2174 871 2234; x_wconf 90' lang='lat' dir='ltr'><strong>ad</strong></span> <span class='ocrx_word' id='word_1_183' title='bbox 886 2173 1038 2249; x_wconf 88' lang='lat' dir='ltr'><strong>Sinopen,</strong></span> <span class='ocrx_word' id='word_1_184' title='bbox 1061 2180 1090 2251; x_wconf 76' lang='lat' dir='ltr'><strong>et</strong></span> 
     </span>
     <span class='ocr_line' id='line_1_24' title="bbox 111 2252 1091 2333; baseline -0.001 -17"><span class='ocrx_word' id='word_1_185' title='bbox 111 2252 235 2316; x_wconf 86' lang='lat' dir='ltr'><strong>alterius</strong></span> <span class='ocrx_word' id='word_1_186' title='bbox 247 2255 429 2330; x_wconf 85' lang='lat' dir='ltr'><strong>oraclitora,</strong></span> <span class='ocrx_word' id='word_1_187' title='bbox 445 2273 506 2333; x_wconf 90' lang='lat' dir='ltr'><strong>qua</strong></span> <span class='ocrx_word' id='word_1_188' title='bbox 518 2256 627 2318; x_wconf 81' lang='lat' dir='ltr'><strong>Cilices</strong></span> <span class='ocrx_word' id='word_1_189' title='bbox 638 2257 777 2318; x_wconf 87' lang='lat' dir='ltr'><strong>maritimi</strong></span> <span class='ocrx_word' id='word_1_190' title='bbox 789 2258 908 2327; x_wconf 88' lang='lat' dir='ltr'><strong>colunt;</strong></span> <span class='ocrx_word' id='word_1_191' title='bbox 930 2256 1091 2316; x_wconf 90' lang='lat' dir='ltr'><strong>multarum</strong></span> 
     </span>
     <span class='ocr_line' id='line_1_25' title="bbox 109 2340 1090 2417; baseline -0.003 -17"><span class='ocrx_word' id='word_1_192' title='bbox 109 2353 351 2415; x_wconf 87' lang='lat' dir='ltr'><strong>magnarumque</strong></span> <span class='ocrx_word' id='word_1_193' title='bbox 372 2347 529 2417; x_wconf 87' lang='lat' dir='ltr'><strong>praeterea</strong></span> <span class='ocrx_word' id='word_1_194' title='bbox 543 2341 679 2417; x_wconf 86' lang='lat' dir='ltr'><strong>gentium</strong></span> <span class='ocrx_word' id='word_1_195' title='bbox 693 2341 763 2402; x_wconf 87' lang='lat' dir='ltr'><strong>finis</strong></span> <span class='ocrx_word' id='word_1_196' title='bbox 779 2340 938 2416; x_wconf 76' lang='lat' dir='ltr'><strong>contagii,</strong></span> <span class='ocrx_word' id='word_1_197' title='bbox 961 2354 1090 2415; x_wconf 91' lang='lat' dir='ltr'><strong>quarum</strong></span> 
     </span>
     <span class='ocr_line' id='line_1_26' title="bbox 110 2423 1089 2487; baseline 0 -4"><span class='ocrx_word' id='word_1_198' title='bbox 110 2423 326 2485; x_wconf 84' lang='lat' dir='ltr'><strong>commercium</strong></span> <span class='ocrx_word' id='word_1_199' title='bbox 346 2423 376 2484; x_wconf 95' lang='lat' dir='ltr'><strong>in</strong></span> <span class='ocrx_word' id='word_1_200' title='bbox 393 2440 468 2487; x_wconf 87' lang='lat' dir='ltr'><strong>eum</strong></span> <span class='ocrx_word' id='word_1_201' title='bbox 487 2424 619 2486; x_wconf 85' lang='lat' dir='ltr'><strong>maxime</strong></span> <span class='ocrx_word' id='word_1_202' title='bbox 639 2426 741 2486; x_wconf 91' lang='lat' dir='ltr'><strong>locum</strong></span> <span class='ocrx_word' id='word_1_203' title='bbox 763 2425 858 2486; x_wconf 88' lang='lat' dir='ltr'><strong>mutui</strong></span> <span class='ocrx_word' id='word_1_204' title='bbox 878 2438 955 2486; x_wconf 91' lang='lat' dir='ltr'><strong>usus</strong></span> <span class='ocrx_word' id='word_1_205' title='bbox 970 2430 1089 2485; x_wconf 79' lang='lat' dir='ltr'><strong>conua-</strong></span> 
     </span>
     <span class='ocr_line' id='line_1_27' title="bbox 109 2504 1090 2589; baseline 0.001 -23"><span class='ocrx_word' id='word_1_206' title='bbox 109 2521 193 2567; x_wconf 88' lang='lat' dir='ltr'><strong>xere.</strong></span> <span class='ocrx_word' id='word_1_207' title='bbox 215 2504 248 2568; x_wconf 91' lang='lat' dir='ltr'><strong>id</strong></span> <span class='ocrx_word' id='word_1_208' title='bbox 260 2516 322 2569; x_wconf 90' lang='lat' dir='ltr'><strong>tum</strong></span> <span class='ocrx_word' id='word_1_209' title='bbox 339 2509 492 2570; x_wconf 84' lang='lat' dir='ltr'><strong>desertum</strong></span> <span class='ocrx_word' id='word_1_210' title='bbox 507 2510 580 2586; x_wconf 79' lang='lat' dir='ltr'><strong>luga</strong></span> <span class='ocrx_word' id='word_1_211' title='bbox 593 2510 762 2571; x_wconf 88' lang='lat' dir='ltr'><strong>incolarum</strong></span> <span class='ocrx_word' id='word_1_212' title='bbox 773 2509 931 2587; x_wconf 89' lang='lat' dir='ltr'><strong>oppidum,</strong></span> <span class='ocrx_word' id='word_1_213' title='bbox 946 2508 1090 2589; x_wconf 78' lang='lat' dir='ltr'><strong>refertum</strong></span> 
     </span>
     <span class='ocr_line' id='line_1_28' title="bbox 109 2590 1089 2668; baseline -0.001 -17"><span class='ocrx_word' id='word_1_214' title='bbox 109 2591 191 2652; x_wconf 90' lang='lat' dir='ltr'><strong>idem</strong></span> <span class='ocrx_word' id='word_1_215' title='bbox 205 2592 296 2668; x_wconf 88' lang='lat' dir='ltr'><strong>copia</strong></span> <span class='ocrx_word' id='word_1_216' title='bbox 309 2608 408 2653; x_wconf 92' lang='lat' dir='ltr'><strong>rerum</strong></span> <span class='ocrx_word' id='word_1_217' title='bbox 424 2591 558 2656; x_wconf 90' lang='lat' dir='ltr'><strong>omniurn</strong></span> <span class='ocrx_word' id='word_1_218' title='bbox 573 2592 762 2656; x_wconf 83' lang='lat' dir='ltr'><strong>invenerunt.</strong></span> <span class='ocrx_word' id='word_1_219' title='bbox 795 2594 836 2654; x_wconf 88' lang='lat' dir='ltr'><strong>ibi</strong></span> <span class='ocrx_word' id='word_1_220' title='bbox 851 2590 961 2654; x_wconf 87' lang='lat' dir='ltr'><strong>stativa</strong></span> <span class='ocrx_word' id='word_1_221' title='bbox 975 2590 1089 2651; x_wconf 89' lang='lat' dir='ltr'><strong>haben·</strong></span> 
     </span>
    </p>
   </div>
   <div class='ocr_carea' id='block_1_6' title="bbox 1 2673 1168 2752">
    <p class='ocr_par' dir='ltr' id='par_1_6' title="bbox 1 2673 1168 2752">
     <span class='ocr_line' id='line_1_29' title="bbox 1 2673 1168 2752; baseline 0.003 -21"><span class='ocrx_word' id='word_1_222' title='bbox 1 2708 2 2743; x_wconf 41' lang='grc' dir='ltr'>ι</span> <span class='ocrx_word' id='word_1_223' title='bbox 109 2673 192 2733; x_wconf 90' lang='lat' dir='ltr'><strong>tibus</strong></span> <span class='ocrx_word' id='word_1_224' title='bbox 211 2675 304 2749; x_wconf 88' lang='lat' dir='ltr'><strong>legati</strong></span> <span class='ocrx_word' id='word_1_225' title='bbox 324 2676 363 2736; x_wconf 89' lang='lat' dir='ltr'><strong>ab</strong></span> <span class='ocrx_word' id='word_1_226' title='bbox 383 2676 583 2752; x_wconf 79' lang='lat' dir='ltr'><strong>Eposognato</strong></span> <span class='ocrx_word' id='word_1_227' title='bbox 602 2673 966 2752; x_wconf 84' lang='lat' dir='ltr'><strong>venerunt‚&#39;nuntiantes</strong></span> <span class='ocrx_word' id='word_1_228' title='bbox 987 2676 1088 2751; x_wconf 87' lang='lat' dir='ltr'><strong>proie-</strong></span> <span class='ocrx_word' id='word_1_229' title='bbox 1132 2742 1133 2745; x_wconf 8' lang='grc' dir='ltr'><strong>Ἴ</strong></span> <span class='ocrx_word' id='word_1_230' title='bbox 1163 2690 1168 2697; x_wconf 82' lang='grc'><strong>’</strong></span> 
     </span>
    </p>
   </div>
   <div class='ocr_carea' id='block_1_7' title="bbox 109 2753 1089 3086">
    <p class='ocr_par' dir='ltr' id='par_1_7' title="bbox 109 2753 1089 3086">
     <span class='ocr_line' id='line_1_30' title="bbox 110 2753 1089 2837; baseline 0.001 -22"><span class='ocrx_word' id='word_1_231' title='bbox 110 2761 191 2815; x_wconf 91' lang='lat' dir='ltr'><strong>ctum</strong></span> <span class='ocrx_word' id='word_1_232' title='bbox 205 2772 276 2816; x_wconf 89' lang='lat' dir='ltr'><strong>eurn</strong></span> <span class='ocrx_word' id='word_1_233' title='bbox 289 2758 330 2817; x_wconf 87' lang='lat' dir='ltr'><strong>ad</strong></span> <span class='ocrx_word' id='word_1_234' title='bbox 342 2761 466 2833; x_wconf 87' lang='lat' dir='ltr'><strong>regulos</strong></span> <span class='ocrx_word' id='word_1_235' title='bbox 479 2760 632 2820; x_wconf 88' lang='lat' dir='ltr'><strong>Gallorum</strong></span> <span class='ocrx_word' id='word_1_236' title='bbox 647 2759 722 2821; x_wconf 74' lang='lat' dir='ltr'><strong>nillil</strong></span> <span class='ocrx_word' id='word_1_237' title='bbox 734 2761 825 2837; x_wconf 91' lang='lat' dir='ltr'><strong>aequi</strong></span> <span class='ocrx_word' id='word_1_238' title='bbox 836 2753 1089 2835; x_wconf 75' lang='lat' dir='ltr'><strong>impetrass03&#39;ex</strong></span> 
     </span>
     <span class='ocr_line' id='line_1_31' title="bbox 109 2839 1089 2919; baseline 0.003 -21"><span class='ocrx_word' id='word_1_239' title='bbox 109 2839 332 2914; x_wconf 84' lang='lat' dir='ltr'><strong>campestribus</strong></span> <span class='ocrx_word' id='word_1_240' title='bbox 347 2841 424 2903; x_wconf 87' lang='lat' dir='ltr'><strong>vicis</strong></span> <span class='ocrx_word' id='word_1_241' title='bbox 439 2840 585 2917; x_wconf 83' lang='lat' dir='ltr'><strong>agrisque</strong></span> <span class='ocrx_word' id='word_1_242' title='bbox 596 2844 773 2919; x_wconf 74' lang='lat' dir='ltr'><strong>frequentes</strong></span> <span class='ocrx_word' id='word_1_243' title='bbox 784 2842 963 2919; x_wconf 87' lang='lat' dir='ltr'><strong>demigrare,</strong></span> <span class='ocrx_word' id='word_1_244' title='bbox 979 2848 1089 2902; x_wconf 89' lang='lat' dir='ltr'><strong>etcum</strong></span> 
     </span>
     <span class='ocr_line' id='line_1_32' title="bbox 110 2920 1089 3003; baseline 0.002 -21"><span class='ocrx_word' id='word_1_245' title='bbox 110 2920 293 2997; x_wconf 87' lang='lat' dir='ltr'><strong>coniugibus</strong></span> <span class='ocrx_word' id='word_1_246' title='bbox 308 2938 345 2984; x_wconf 93' lang='lat' dir='ltr'><strong>ac</strong></span> <span class='ocrx_word' id='word_1_247' title='bbox 360 2922 465 2985; x_wconf 84' lang='lat' dir='ltr'><strong>liberis</strong></span> <span class='ocrx_word' id='word_1_248' title='bbox 481 2940 561 3001; x_wconf 92' lang='lat' dir='ltr'><strong>quae</strong></span> <span class='ocrx_word' id='word_1_249' title='bbox 575 2926 654 2985; x_wconf 85' lang='lat' dir='ltr'><strong>ieme</strong></span> <span class='ocrx_word' id='word_1_250' title='bbox 669 2926 760 3003; x_wconf 86' lang='lat' dir='ltr'><strong>atquc</strong></span> <span class='ocrx_word' id='word_1_251' title='bbox 774 2940 868 3001; x_wconf 83' lang='lat' dir='ltr'><strong>agere</strong></span> <span class='ocrx_word' id='word_1_252' title='bbox 882 2924 1004 3000; x_wconf 87' lang='lat' dir='ltr'><strong>possint</strong></span> <span class='ocrx_word' id='word_1_253' title='bbox 1014 2939 1089 2999; x_wconf 87' lang='lat' dir='ltr'><strong>prae</strong></span> 
     </span>
     <span class='ocr_line' id='line_1_33' title="bbox 109 3005 1089 3086; baseline 0.002 -20"><span class='ocrx_word' id='word_1_254' title='bbox 109 3019 144 3066; x_wconf 86' lang='lat' dir='ltr'><strong>se</strong></span> <span class='ocrx_word' id='word_1_255' title='bbox 158 3005 277 3081; x_wconf 87' lang='lat' dir='ltr'><strong>agentis</strong></span> <span class='ocrx_word' id='word_1_256' title='bbox 292 3007 505 3085; x_wconf 84' lang='lat' dir='ltr'><strong>portantisque</strong></span> <span class='ocrx_word' id='word_1_257' title='bbox 517 3006 680 3086; x_wconf 80' lang='lat' dir='ltr'><strong>Olympum</strong></span> <span class='ocrx_word' id='word_1_258' title='bbox 695 3016 827 3072; x_wconf 85' lang='lat' dir='ltr'><strong>montem</strong></span> <span class='ocrx_word' id='word_1_259' title='bbox 843 3017 957 3084; x_wconf 84' lang='lat' dir='ltr'><strong>petere,</strong></span> <span class='ocrx_word' id='word_1_260' title='bbox 971 3015 1005 3069; x_wconf 88' lang='lat' dir='ltr'><strong>ut</strong></span> <span class='ocrx_word' id='word_1_261' title='bbox 1018 3007 1089 3068; x_wconf 89' lang='lat' dir='ltr'><strong>inde</strong></span> 
     </span>
    </p>
   </div>
   <div class='ocr_carea' id='block_1_8' title="bbox 2 3088 1088 3168">
    <p class='ocr_par' dir='ltr' id='par_1_8' title="bbox 2 3088 1088 3168">
     <span class='ocr_line' id='line_1_34' title="bbox 2 3088 1088 3168; baseline 0.002 -19"><span class='ocrx_word' id='word_1_262' title='bbox 2 3144 3 3159; x_wconf 66' lang='grc'>,</span> <span class='ocrx_word' id='word_1_263' title='bbox 108 3088 201 3150; x_wconf 89' lang='lat' dir='ltr'><strong>armis</strong></span> <span class='ocrx_word' id='word_1_264' title='bbox 214 3090 416 3166; x_wconf 87' lang='lat' dir='ltr'><strong>locorumque</strong></span> <span class='ocrx_word' id='word_1_265' title='bbox 431 3091 492 3154; x_wconf 89' lang='lat' dir='ltr'><strong>situ</strong></span> <span class='ocrx_word' id='word_1_266' title='bbox 506 3107 578 3153; x_wconf 89' lang='lat' dir='ltr'><strong>sese</strong></span> <span class='ocrx_word' id='word_1_267' title='bbox 591 3097 742 3156; x_wconf 88' lang='lat' dir='ltr'><strong>tueantur.</strong></span> <span class='ocrx_word' id='word_1_268' title='bbox 763 3093 840 3153; x_wconf 83' lang='lat' dir='ltr'><strong>xlx.</strong></span> <span class='ocrx_word' id='word_1_269' title='bbox 864 3091 993 3153; x_wconf 87' lang='lat' dir='ltr'><strong>certiora</strong></span> <span class='ocrx_word' id='word_1_270' title='bbox 1005 3099 1088 3168; x_wconf 87' lang='lat' dir='ltr'><strong>post·</strong></span> 
     </span>
    </p>
   </div>
   <div class='ocr_carea' id='block_1_9' title="bbox 108 3171 1119 3585">
    <p class='ocr_par' dir='ltr' id='par_1_9' title="bbox 108 3171 1119 3585">
     <span class='ocr_line' id='line_1_35' title="bbox 108 3171 1088 3252; baseline 0 -20"><span class='ocrx_word' id='word_1_271' title='bbox 108 3185 146 3232; x_wconf 86' lang='lat' dir='ltr'><strong>ea</strong></span> <span class='ocrx_word' id='word_1_272' title='bbox 160 3171 403 3236; x_wconf 85' lang='lat' dir='ltr'><strong>Oroandensium</strong></span> <span class='ocrx_word' id='word_1_273' title='bbox 422 3174 513 3251; x_wconf 87' lang='lat' dir='ltr'><strong>legati</strong></span> <span class='ocrx_word' id='word_1_274' title='bbox 527 3176 705 3252; x_wconf 88' lang='lat' dir='ltr'><strong>attulerunt,</strong></span> <span class='ocrx_word' id='word_1_275' title='bbox 725 3174 1001 3252; x_wconf 83' lang='lat' dir='ltr'><strong>Tolistobogiorum</strong></span> <span class='ocrx_word' id='word_1_276' title='bbox 1016 3174 1088 3235; x_wconf 89' lang='lat' dir='ltr'><strong>civi-</strong></span> 
     </span>
     <span class='ocr_line' id='line_1_36' title="bbox 109 3256 1087 3337; baseline 0.003 -23"><span class='ocrx_word' id='word_1_277' title='bbox 109 3260 199 3316; x_wconf 90' lang='lat' dir='ltr'><strong>tatem</strong></span> <span class='ocrx_word' id='word_1_278' title='bbox 218 3256 382 3337; x_wconf 84' lang='lat' dir='ltr'><strong>Olympum</strong></span> <span class='ocrx_word' id='word_1_279' title='bbox 405 3267 538 3322; x_wconf 86' lang='lat' dir='ltr'><strong>montem</strong></span> <span class='ocrx_word' id='word_1_280' title='bbox 565 3259 704 3336; x_wconf 85' lang='lat' dir='ltr'><strong>cepissc;</strong></span> <span class='ocrx_word' id='word_1_281' title='bbox 737 3261 879 3321; x_wconf 89' lang='lat' dir='ltr'><strong>diversos</strong></span> <span class='ocrx_word' id='word_1_282' title='bbox 898 3260 1087 3332; x_wconf 84' lang='lat' dir='ltr'><strong>Tectosagos</strong></span> 
     </span>
     <span class='ocr_line' id='line_1_37' title="bbox 108 3336 1119 3423; baseline 0.001 -26"><span class='ocrx_word' id='word_1_283' title='bbox 108 3336 199 3399; x_wconf 86' lang='lat' dir='ltr'><strong>alium</strong></span> <span class='ocrx_word' id='word_1_284' title='bbox 224 3350 373 3416; x_wconf 90' lang='lat' dir='ltr'><strong>montem,</strong></span> <span class='ocrx_word' id='word_1_285' title='bbox 400 3343 452 3420; x_wconf 91' lang='lat' dir='ltr'><strong>qui</strong></span> <span class='ocrx_word' id='word_1_286' title='bbox 472 3342 602 3418; x_wconf 85' lang='lat' dir='ltr'><strong>Magaba</strong></span> <span class='ocrx_word' id='word_1_287' title='bbox 622 3344 755 3419; x_wconf 90' lang='lat' dir='ltr'><strong>dicatur,</strong></span> <span class='ocrx_word' id='word_1_288' title='bbox 780 3343 913 3420; x_wconf 84' lang='lat' dir='ltr'><strong>petisse;</strong></span> <span class='ocrx_word' id='word_1_289' title='bbox 940 3342 1087 3403; x_wconf 74' lang='lat' dir='ltr'><strong>&#39;lrocmos</strong></span> <span class='ocrx_word' id='word_1_290' title='bbox 1115 3416 1119 3423; x_wconf 25' lang='grc' dir='ltr'>Ι</span> 
     </span>
     <span class='ocr_line' id='line_1_38' title="bbox 108 3421 1086 3503; baseline 0.003 -23"><span class='ocrx_word' id='word_1_291' title='bbox 108 3421 290 3496; x_wconf 81' lang='lat' dir='ltr'><strong>coniugibus</strong></span> <span class='ocrx_word' id='word_1_292' title='bbox 310 3441 347 3485; x_wconf 89' lang='lat' dir='ltr'><strong>ac</strong></span> <span class='ocrx_word' id='word_1_293' title='bbox 361 3426 465 3487; x_wconf 87' lang='lat' dir='ltr'><strong>liberis</strong></span> <span class='ocrx_word' id='word_1_294' title='bbox 486 3425 568 3502; x_wconf 90' lang='lat' dir='ltr'><strong>apud</strong></span> <span class='ocrx_word' id='word_1_295' title='bbox 581 3426 770 3503; x_wconf 83' lang='lat' dir='ltr'><strong>Tectosagos</strong></span> <span class='ocrx_word' id='word_1_296' title='bbox 792 3425 943 3502; x_wconf 85' lang='lat' dir='ltr'><strong>depositis</strong></span> <span class='ocrx_word' id='word_1_297' title='bbox 958 3428 1086 3484; x_wconf 89' lang='lat' dir='ltr'><strong>armato·</strong></span> 
     </span>
     <span class='ocr_line' id='line_1_39' title="bbox 109 3506 1085 3585; baseline 0 -22"><span class='ocrx_word' id='word_1_298' title='bbox 109 3520 173 3564; x_wconf 84' lang='lat' dir='ltr'><strong>rum</strong></span> <span class='ocrx_word' id='word_1_299' title='bbox 195 3506 315 3581; x_wconf 86' lang='lat' dir='ltr'><strong>agmine</strong></span> <span class='ocrx_word' id='word_1_300' title='bbox 327 3508 544 3585; x_wconf 83' lang='lat' dir='ltr'><strong>Tolistobogiis</strong></span> <span class='ocrx_word' id='word_1_301' title='bbox 559 3507 706 3570; x_wconf 89' lang='lat' dir='ltr'><strong>statuisse</strong></span> <span class='ocrx_word' id='word_1_302' title='bbox 720 3510 865 3570; x_wconf 80' lang='lat' dir='ltr'><strong>auxilium</strong></span> <span class='ocrx_word' id='word_1_303' title='bbox 881 3509 969 3566; x_wconf 80' lang='lat' dir='ltr'><strong>terre.</strong></span> <span class='ocrx_word' id='word_1_304' title='bbox 1001 3513 1085 3566; x_wconf 87' lang='lat' dir='ltr'><strong>erant</strong></span> 
     </span>
    </p>
   </div>
   <div class='ocr_carea' id='block_1_10' title="bbox 0 0 1304 4000">
    <p class='ocr_par' dir='ltr' id='par_1_10' title="bbox 0 0 1304 4000">
     <span class='ocr_line' id='line_1_40' title="bbox 0 0 1304 4000; baseline 0 2"><span class='ocrx_word' id='word_1_305' title='bbox 0 0 1304 4000; x_wconf 95' lang='lat' dir='ltr'><strong> </strong></span> 
     </span>
    </p>
   </div>
  </div>
 </body>
</html>
