2600 4000
195 203 258 269 ιιι
306 199 838 262 casamassancia.
862 203 1058 273 [tuam

194 362 317 426 nactus,
339 349 482 414 trecentis
502 350 661 424 Medione,
684 349 824 412 ducentis
838 348 973 428 Thyrii
964 366 995 410 ιιι
1016 349 1176 426 praesidio

193 437 320 516 positis,
342 436 373 497 id
388 435 499 512 agebat
511 442 545 496 ut
558 450 615 511 pro
631 432 791 495 obsidibus
812 433 903 494 lutari
916 432 1057 495 venirent
1071 431 1102 494 in
1118 450 1178 510 po·

193 527 333 585 testotun
347 517 440 596 regis.
470 519 535 578 xll.
556 533 613 594 per
626 519 755 581 eosdem
770 516 837 578 dies
852 515 1039 594 legatiregis
1054 516 1175 578 Medio

193 622 264 667 nem
276 611 442 675 venerunt;
465 601 577 679 quibus
600 600 711 663 auditis
733 616 802 662 curn
823 600 854 660 in
869 601 1011 663 contione
1026 599 1178 678 quidnam

192 688 445 767 respondendum
458 686 524 762 regi
537 693 622 748 esset
633 686 871 760 consultaretur,
886 684 978 746 etalii
988 685 1177 746 manendum

193 776 224 835 ln
244 775 383 836 Romana
403 768 567 843 societate,
595 768 646 830 alii
670 786 733 832 non
759 769 986 844 aspernandam
1010 767 1178 830 amicitiam

194 859 275 934 regis
298 862 473 928 censerent,
498 851 601 915 media
619 852 688 915 visa
709 861 757 914 est
776 850 856 931 clyti
877 852 1045 929 sententia,
1071 868 1178 928 eoque

194 948 337 1018 accepta,
363 946 396 1000 ut
415 939 455 1000 ad
476 953 580 1014 regem
600 936 752 1000 mitterent
771 937 890 1012 legatos
911 944 1114 1013 peterentque
1134 937 1176 996 ab

193 1042 247 1099 eo,
271 1030 306 1088 ut
324 1021 496 1083 Medionios
517 1037 612 1097 super
635 1030 719 1084 ιιιιι
739 1037 774 1082 re
794 1022 968 1083 consultare
988 1019 1019 1081 in
1042 1019 1176 1083 concilio

192 1109 386 1170 Acarnanum
402 1111 566 1181 pateretur.
593 1105 625 1167 in
639 1121 707 1167 earn
723 1102 905 1181 legationem
918 1104 1177 1167 Mnasilochuset

194 1190 247 1289 qui
261 1190 329 1252 eius
341 1188 483 1251 factionis
495 1197 582 1251 erant
594 1191 632 1252 de
643 1188 793 1251 industria
806 1187 946 1263 coniecti,
965 1191 1043 1250 clam
1057 1188 1173 1263 missis,

194 1275 246 1352 qui
260 1289 365 1350 regern
379 1274 545 1335 admovere
560 1272 668 1351 copias
689 1273 841 1349 iuberent,
866 1271 927 1350 ipsi
946 1274 1084 1334 terebant
1097 1278 1175 1333 tem-

195 1375 267 1517 eus.
286 1359 390 1433 itaque
402 1356 562 1417 vixdum”
543 1373 580 1418 ns
596 1356 732 1433 egressis
750 1319 857 1434 regaris
872 1354 1066 1418 Antiochus
1057 1373 1087 1417 ιι
1101 1355 1173 1416 fini·

213 1459 251 1504 us
284 1449 313 1502 et
326 1457 399 1503 mox
413 1440 453 1500 ud
468 1447 573 1516 portas
589 1449 669 1512 erat,
685 1441 947 1517 ettrepidantibus
960 1441 1013 1516 qui
1025 1445 1173 1516 expertes

194 1523 376 1623 proditionis
399 1527 531 1598 l‚uerant
552 1527 801 1599 tumultuoseque
820 1523 1008 1587 iuventutem
1028 1525 1069 1585 ad
1086 1539 1174 1584 arma

195 1609 373 1675 vocantibus
389 1610 427 1669 ab
440 1607 528 1686 Clyto
540 1617 571 1670 et
580 1608 794 1670 Mnasilocho
786 1626 817 1669 ιι
831 1609 938 1670 urbem
948 1614 996 1670 est
1009 1607 1172 1679 inductus,
1219 1615 1221 1618 ’

193 1705 224 1759 ιι
236 1696 304 1759 aliis
319 1711 377 1757 sua
390 1693 546 1755 voluntate
560 1690 767 1754 adfluentibus
788 1700 871 1756 metu
892 1693 990 1754 coacti
1010 1691 1099 1754 etiam
1117 1689 1171 1768 qui
1266 1728 1269 1733 -

193 1780 414 1842 dissentlebant
432 1777 472 1838 ad
492 1793 597 1852 regem
617 1786 835 1838 convenerunt.
865 1793 943 1853 quos
964 1775 1088 1852 placida
1102 1792 1172 1838 ora-

193 1864 275 1926 tione
294 1863 418 1924 territos
439 1876 509 1922 curn
529 1859 757 1938 permulsisse,
786 1861 825 1921 ad
845 1876 933 1936 spem
947 1862 1089 1937 vulgatae
1109 1860 1171 1920 cle·

194 1946 324 2009 nrcntiao
339 1945 455 2023 aliquot
474 1945 582 2023 populi
595 1941 788 2007 Acarnaniae
809 1945 996 2006 deiecerunt.
1024 1942 1172 2024 Thyrium

193 2030 362 2093 aMedione
374 2031 530 2105 proiectus
542 2038 589 2091 est
595 2028 786 2091 Mnasilocho
799 2029 908 2091 eodem
920 2037 951 2090 et
961 2028 1069 2104 legatis
1081 2044 1172 2106 prae-

194 2113 306 2176 missis.
338 2120 471 2175 ceterum
496 2113 616 2175 detecta
637 2111 781 2175 Medione
804 2114 888 2174 lraus
913 2113 1082 2188 cautiores,
1108 2129 1171 2175 non

193 2198 360 2262 timidiores
368 2198 555 2277 Thyrienses
571 2197 655 2260 lecit:
678 2199 749 2259 dato
766 2197 846 2257 enirn
860 2196 944 2258 haud
958 2198 1172 2273 perplexum

195 2300 312 2361 sponso
327 2283 439 2346 nullam
455 2297 491 2343 se
505 2298 617 2344 novam
638 2283 831 2356 societatem,
850 2280 910 2342 nisi
930 2297 969 2341 ex
990 2280 1172 2343 auctoritate

193 2364 408 2445 imperatorum
428 2367 650 2437 Romanorum,
673 2372 855 2443 accepturos
875 2366 1035 2442 portisque
1056 2364 1171 2426 clausis

192 2458 326 2512 armatos
340 2449 371 2510 in
386 2449 480 2509 muris
496 2446 725 2524 disposuerunt.
743 2457 783 2511 et
797 2456 1028 2527 peropportune
1042 2450 1082 2510 ad
1096 2465 1171 2510 con·

193 2534 360 2595 firmandos
371 2532 565 2591 Acarnanum
578 2531 698 2592 animos
708 2531 761 2592 Cn.
770 2532 914 2595 Octavius
925 2533 1040 2596 missus
1054 2531 1170 2608 aQuin-

193 2618 268 2689 ctio,
295 2631 363 2676 curn
384 2612 570 2689 praesidium
592 2620 622 2674 et
641 2631 758 2690 paucas
778 2633 874 2679 naves
895 2618 934 2679 ab
948 2619 987 2679 A.
1002 2615 1169 2686 Postumio,

194 2699 246 2777 qui
261 2698 299 2759 ab
314 2698 406 2760 Atilio
421 2699 521 2772 legato
537 2697 750 2775 cephalleniae
765 2702 961 2779 praepositus
982 2703 1095 2777 iuerat,
1117 2717 1170 2762 uc⁰

193 2784 342 2861 cepisset,
364 2783 538 2844 Leucadem
557 2781 656 2858 venit,
680 2780 878 2862 implevitque
903 2786 971 2862 spei
992 2786 1097 2849 socios
1117 2784 1170 2845 Μ’.

192 2869 323 2929 Acilium
339 2867 497 2929 consulem
511 2868 569 2928 lam
585 2884 653 2929 oum
668 2868 840 2944 legionibus
854 2886 938 2931 mare
951 2868 1125 2945 traiecisse,
1140 2877 1170 2930 et

192 2953 222 3012 in
236 2950 395 3013 Thessalia
408 2959 510 3014 castra
519 2953 658 3014 Romana
672 2968 753 3013 esse.
775 2953 857 3015 hunc
872 2970 1026 3017 rumorem
1042 2952 1113 3031 quia
1128 2952 1170 3015 si·

191 3036 291 3097 mitem
316 3037 382 3096 veri
407 3044 528 3112 tempus
553 3035 625 3097 anni
650 3043 799 3099 maturum
820 3036 881 3100 iam
901 3040 943 3100 ad
962 3037 1170 3115 navigandum

192 3118 337 3193 iaciebat,
353 3136 409 3181 rex
424 3118 578 3197 praesidio
590 3120 734 3183 Medione
745 3122 888 3198 imposito
900 3123 971 3184 etin
985 3123 1170 3200 quibusdam

191 3202 259 3264 aliis
272 3206 465 3266 Acarnaniae
479 3204 602 3279 oppidis
613 3205 725 3283 Thyrio
741 3207 906 3282 abscessit,
915 3215 952 3269 et
963 3222 1019 3283 per
1028 3204 1171 3271 Aetoliae

190 3303 228 3347 ac
242 3286 385 3349 Phocidis
400 3286 484 3349 urbis
501 3287 674 3349 Chalcidem
688 3291 776 3352 redit

275 3370 352 3432 Xlll.
375 3371 439 3433 Sub
453 3371 534 3433 idem
548 3378 670 3449 tempus
683 3373 723 3434 Μ.
738 3374 872 3437 Baebius
887 3382 918 3436 et
930 3374 1121 3457 Philippus
1104 3389 1171 3446 rex

190 3454 249 3516 iarn
266 3462 335 3517 ante
356 3472 412 3532 per
427 3455 586 3516 hiemem
578 3475 607 3516 ιιι
623 3458 807 3520 Dassaretiis
830 3457 1004 3536 congressi,
1026 3475 1095 3520 cunr
1109 3445 1169 3533 hp
