2600 4000
273 188 388 284 aman
401 224 561 316 1111111111.
584 224 667 285 one.
681 203 725 285 so.
737 234 780 287 21.
801 231 946 299 [111101
1037 227 1099 291 aar
1128 237 1131 242 ·
1192 233 1196 238 ·

117 381 259 452 currant,
279 390 341 436 non
362 389 499 451 pugnare
519 390 589 435 eum
609 373 768 449 iniquitate
786 375 925 436 locorum
940 392 1040 453 neque
1055 377 1099 440 in·

119 458 386 536 exsuperabilibus
401 457 463 519 virn
477 458 607 532 adferre,
623 458 681 518 sed
695 457 821 527 obliquo
833 466 936 520 monte
946 460 987 520 ad
998 478 1034 521 se
1048 463 1099 525 de·
1128 460 1132 468 '

120 542 234 603 eliaam
254 550 284 605 et
303 558 361 604 suo
383 541 495 618 agmini
522 541 676 617 eomnngi.
711 543 742 603 c.
761 542 903 603 Helvium
924 558 994 603 eum
1012 547 1100 606 tertia

2 645 3 652 ¹
78 647 84 656 ·
118 633 207 703 parte
221 626 349 687 oireuire
363 626 479 688 sensim
493 642 550 703 per
560 626 664 687 infima
673 628 794 701 montis,
810 625 922 687 deinde
933 626 972 687 ab
984 643 1100 690 oeoasu

118 711 237 771 aestivo
258 710 376 786 erigere
397 725 517 786 agmen.
551 717 582 771 et
594 710 688 771 Attali
707 711 822 771 auxilia
835 710 982 771 trifariam
996 727 1098 788 aequo

118 809 246 856 numero
260 794 380 864 divisim
402 807 508 855 seeum
524 810 596 855 esse
609 793 713 871 ipsum
727 793 869 855 iuvenem
883 793 983 856 iussit
1012 797 1097 872 equi·

40 892 45 899 ’
118 884 211 939 tutum
226 894 295 940 oum
309 877 481 954 elephantis
494 877 524 938 in
539 877 680 955 proxima
693 878 815 939 tumulis
832 878 956 953 planitie
966 880 1097 956 reliquit.

118 962 249 1023 edietum
270 961 449 1038 praefectis,
474 968 508 1023 ut
531 961 635 1023 intenti
659 960 738 1039 quid¹
754 962 869 1038 ubique
889 970 1013 1038 geratur
1034 963 1097 1025 ani-

115 1046 320 1120 madvertant,
343 1060 496 1121 opemque
516 1046 595 1108 11111
617 1062 680 1122 quo
702 1047 836 1122 postulet
853 1062 904 1108 res
919 1056 1096 1125 properent

59 1134 71 1192 ,’
114 1128 191 1190 XXI.
221 1129 298 1190 Galli
316 1128 356 1190 ab
378 1128 500 1191 duobus
518 1130 665 1192 lateribus
681 1129 758 1190 satis
773 1129 903 1192 fidentes
918 1129 1001 1191 invia
1014 1148 1095 1207 esse,

115 1213 154 1277 ab
169 1228 207 1278 ea
220 1219 308 1289 parte
328 1228 409 1288 quae
422 1213 453 1273 in
467 1213 794 1290 meridiemvergeret,
817 1219 851 1274 ut
865 1214 957 1276 armis
972 1216 1091 1278 alaude·

113 1304 183 1358 rent
195 1296 445 1373 viamquattuor
458 1297 540 1372 mdiu
553 1298 617 1358 tere
630 1306 814 1358 mutatorum
827 1296 868 1359 ad
882 1299 1094 1362 1011111111ιί11-

113 1381 276 1450 minentem
295 1379 368 1441 viae·
383 1380 484 1444 minus
504 1382 585 1442 nulle
605 1397 788 1457 passuuma
808 1382 918 1444 eastris
939 1399 1094 1461 occupan-

66 1487 71 1494 ·
114 1466 185 1527 dum
200 1464 340 1539 mittunt,
361 1481 399 1527 eo
421 1482 456 1526 se
474 1465 532 1526 rati
550 1465 791 1527 velutioastello
812 1466 869 1527 iter
882 1467 1093 1542 impedituros.

2 1589 4 1626 ,
114 1549 197 1624 quod
218 1548 270 1610 ubi
284 1548 414 1610 Romani
433 1550 589 1625 viderunt,
611 1550 780 1626 expediunt
799 1566 871 1610 sese
885 1551 925 1610 ad
947 1567 1091 1627 pugnam.

112 1640 182 1694 ante
196 1633 285 1709 signa
297 1633 419 1696 modico
434 1633 592 1695 intervallo
608 1634 715 1695 velites
730 1640 804 1695 eunt
814 1639 846 1693 et
856 1634 895 1692 ab
906 1635 1010 1694 Attalo
1022 1633 1092 1695 Cre-

111 1723 217 1777 tenses
237 1714 384 1792 sagittarii
404 1723 435 1779 et
449 1718 619 1780 funditores
636 1727 668 1778 et
680 1716 772 1776 Tralli
787 1722 818 1776 et
830 1715 981 1787 Thracem
1004 1717 1091 1792 signa

2 1803 3 1812 ’
112 1800 255 1876 peditum,
270 1805 304 1861 ut
316 1817 373 1878 per
387 1802 532 1875 arduum,
546 1801 607 1861 leni
621 1799 721 1873 gradu
734 1799 896 1873 ducuntur,
911 1798 959 1859 ita·
967 1815 1042 1875 prae
1058 1817 1093 1861 se

111 1883 286 1946 habentium
301 1892 397 1956 scuta,
412 1891 447 1944 ut
458 1883 587 1942 missilia
599 1888 715 1941 tantum
730 1880 869 1955 vitarent,
884 1883 965 1957 pede
980 1884 1092 1945 collato

2 2012 3 2047 3
111 1982 173 2029 non
195 1968 373 2027 viderentur
396 1966 571 2041 pugnaturi.
602 1963 771 2027 missilibus
792 1981 831 2027 ex
851 1965 1011 2030 intervallo
1031 1966 1091 2030 looi

2 2054 3 2073 l
111 2050 259 2125 proelium
280 2048 475 2108 commissum
496 2054 558 2122 est,
579 2048 678 2124 primo
699 2065 770 2126 par,
791 2051 894 2112 Gallos
914 2053 983 2112 loeo
1005 2053 1090 2115 adm

112 2138 216 2207 vante,
236 2132 393 2193 Romanos
413 2131 560 2193 varietate
579 2138 611 2192 11
629 2133 721 2209 eopia
738 2135 876 2211 telorum.
903 2136 1091 2209 procedente

112 2214 275 2276 certamine
295 2214 368 2293 nihil
383 2215 442 2275 iam
456 2216 548 2292 aequi
563 2222 636 2276 erat.
670 2224 758 2278 senta
771 2219 879 2293 longa,
901 2226 1036 2279 ceterum
1050 2220 1090 2281 ad
1173 2254 1178 2264 ·
1202 2243 1206 2251 ·

110 2298 338 2375 amplitudinem
350 2314 514 2376 corporum
525 2316 634 2375 parum
646 2302 716 2373 lata
732 2308 764 2362 et
771 2318 809 2362 ea
820 2302 889 2377 ipsa
900 2301 1001 2377 plana,
1011 2305 1091 2364 male

108 2383 252 2458 tegebant
266 2382 381 2445 Gallos.
417 2399 475 2444 neo
495 2385 556 2445 tela
572 2384 632 2445 iam
647 2385 708 2446 alia
721 2385 876 2446 habebant
889 2393 1012 2462 praeter
1026 2388 1090 2463 gla-
1141 2418 1143 2421 ·

108 2467 193 2538 11101;
216 2483 362 2544 quorum,
378 2483 447 2529 oum
461 2468 698 2537 manumhostis
712 2485 773 2531 non
786 2477 972 2546 consereret,
987 2470 1089 2532 nullus

106 2567 183 2613 usus
198 2558 272 2613 erat
293 2551 380 2613 saxis
394 2567 453 2614 neo
466 2551 606 2628 modieis,
622 2561 656 2616 ut
671 2570 751 2630 quae
765 2570 826 2616 non
839 2563 1089 2630 praeparassent,

108 2635 164 2695 sed
179 2635 265 2711 quod
278 2636 390 2711 auique
403 2642 518 2696 11111111
531 2638 694 2713 trepidanti
709 2638 750 2701 ad
760 2644 886 2716 manum
894 2638 1041 2714 venisset,
1055 2645 1090 2700 ut

106 2718 232 2792 insueti,
247 2733 306 2778 neo
319 2725 385 2779 arte
399 2735 458 2780 nee
470 2720 588 2780 viribus
603 2721 784 2784 adiuvantes
797 2723 899 2795 ictum,
914 2722 1087 2783 utebantur.

2 2832 3 2835 =
78 2808 83 2815 '
107 2801 224 2874 sagittis
245 2800 358 2877 glande
377 2800 485 2862 iaoulis
506 2801 620 2863 incauti
643 2811 674 2864 et
692 2804 732 2883 ab
753 2804 835 2865 omni
850 2811 938 2880 parte
952 2807 1087 2881 eontige-

106 2884 226 2945 bantur.
248 2899 307 2945 nee
323 2884 397 2960 quid
408 2891 544 2961 agerent,
558 2886 604 2946 ira
614 2893 645 2947 et
656 2902 772 2962 pavore
789 2887 961 2952 oooaeoatis
978 2890 1086 2951 animis
1141 2946 1143 2949 ,
1203 2889 1205 2895 ’
1268 2888 1275 2900 ’

105 2967 288 3038 eemebant;
309 2975 338 3029 et
359 2976 446 3046 erant
463 2968 608 3046 deprensi
621 2985 736 3044 genere
750 2986 872 3047 pugnae
886 2971 918 3031 in
932 2972 1018 3047 quod
1032 2974 1085 3033 nri·

75 3080 79 3085 ·
104 3052 184 3113 nime
204 3052 268 3129 apti
289 3059 369 3114 sunt
407 3068 478 3114 nam
498 3053 756 3129 quemadmodum
777 3053 962 3129 comminus,
983 3057 1036 3119 ubi
1054 3059 1085 3117 in

3 3208 9 3217 ι
103 3134 201 3196 vinem
221 3136 284 3213 pati
304 3144 336 3197 et
353 3136 466 3199 inferre
484 3138 614 3199 vulnera
632 3138 732 3215 lieet,··
743 3139 889 3199 aseendit·
904 3139 951 3200 ira
964 3140 1084 3203 animos

103 3233 218 3296 eornm,
233 3221 275 3281 ita
287 3221 341 3282 ubi
353 3235 394 3282 ex
407 3224 527 3284 occulto
541 3213 572 3282 et
584 3225 693 3297 procul
708 3220 829 3285 levibus
840 3223 909 3285 telis
920 3225 1083 3286 malueran-

103 3307 152 3361 tnr
166 3317 224 3362 neo
238 3321 300 3381 quo
314 3311 404 3367 ruant
418 3322 512 3368 11110
526 3306 642 3381 impetu
655 3307 776 3380 hubent,
792 3308 877 3369 velut
890 3308 1083 3369 1111111111-

103 3384 185 3445 11111
197 3386 228 3445 in
243 3403 318 3449 suos
334 3397 448 3452 temere
459 3392 626 3451 incurrerat.
651 3390 820 3466 detegebat
832 3393 962 3452 vulnera
976 3406 1086 3473 eorum⁴

104 3469 187 3543 quod
208 3471 282 3530 nudi
303 3482 452 3547 pugnant,
476 3480 506 3534 et
520 3480 591 3534 sunt
604 3472 677 3534 fusa
688 3481 719 3535 et
733 3473 870 3535 eandida
879 3489 1026 3548 corpora,
1047 3484 1084 3536 ut

143 3570 169 3611 r.
191 3568 254 3612 t1v1
276 3570 351 3615 rans
374 3556 415 3615 lv
760 3584 762 3587 ·
838 3565 873 3615 aa
