2600 4000
203 269 244 332 60
354 267 467 329 Llsslllt
479 267 596 329 XXXII.
621 266 704 327 cAP.
722 275 765 330 16.
778 274 820 331 tf.
843 272 880 340 [ι.
891 271 926 325 tt
938 288 962 323 o.
975 272 1038 340 554]

204 422 315 482 sidium
330 425 396 480 erat
408 418 619 492 Macedonum,
635 434 715 493 quos
729 434 791 479 non
806 417 906 479 minus
923 433 1014 493 quam
1024 418 1183 481 Romanos

203 505 393 574 uretuebant;
415 508 446 563 et
454 502 604 563 Philocles
618 501 723 576 regius
734 503 909 577 praefectus
920 517 940 561 a
950 501 1093 563 chalcide
1103 519 1197 566 nun·.

202 590 263 651 tios
277 589 414 648 mittebat
426 602 462 647 se
475 586 506 645 in
520 593 659 661 tempore
674 586 864 660 adfuturum,
884 585 912 647 si
926 585 1112 648 sustinerent
1127 588 1181 648 ob·

203 673 363 735 sidionem.
391 672 468 731 haec
487 669 583 731 mixta
601 675 684 729 metu
704 684 778 746 spes
798 671 877 732 ulna
898 685 990 745 quam
1003 671 1117 732 vellent
1131 678 1185 731 aut

204 773 295 833 quum
309 762 439 832 possent
451 754 571 816 trahere
586 769 641 814 eos
656 760 778 829 tempus
794 754 933 829 cogebat
971 753 1082 814 deinde
1096 763 1181 830 post·

205 858 296 917 quam
307 839 471 900 Philoclem
484 840 643 914 repulsum
656 838 921 914 trepidantemque
930 837 1083 913 relegisse
1095 837 1181 899 chal·

205 927 303 986 cidem
317 928 511 998 occeperunt
529 930 668 983 oratores
682 923 836 998 externplo
851 921 891 982 ad
904 922 1046 995 Attalum,
1060 920 1183 982 veniam

204 1008 358 1084 fidemque
371 1008 437 1067 elus
453 1008 593 1081 petentis,
611 1006 769 1068 miserunt
800 1006 873 1067 dum
887 1006 917 1065 in
932 1021 1020 1081 spem
1034 1005 1121 1081 pacis
1136 1006 1181 1067 in·
1279 1024 1282 1031 ·

204 1093 276 1153 tenti
290 1091 416 1166 segnius
430 1105 557 1151 munera
570 1090 641 1151 belli
656 1090 784 1164 obeunt,
805 1095 836 1150 et
850 1105 888 1150 ea
901 1090 994 1150 modo
1008 1096 1104 1165 parte,
1121 1107 1185 1165 qua

204 1171 308 1238 murus
333 1175 450 1235 dirutus
477 1182 555 1248 erat,
583 1174 693 1235 ceteris
715 1174 861 1250 neglectis
881 1174 1028 1236 stationes
1049 1182 1183 1235 armatas

207 1266 382 1335 opponunt,
408 1259 563 1333 Quinctius
588 1265 682 1320 noctu
706 1259 745 1319 ab
766 1273 804 1318 ee
827 1265 929 1333 parte,
954 1273 1035 1333 quae
1058 1257 1184 1319 minime

205 1349 352 1418 suspecta
372 1350 450 1416 erat,
471 1342 587 1418 impetn
604 1343 684 1403 facto
699 1342 792 1402 scalis
806 1343 913 1403 urbem
929 1342 1019 1417 cepit
1051 1342 1177 1417 oppida·

205 1443 312 1490 norum
324 1428 422 1488 omnis
436 1426 593 1488 multitudo
606 1443 675 1486 cum
686 1426 913 1501 coniugibusac
923 1425 1026 1486 liberis
1036 1425 1068 1487 in
1078 1441 1183 1486 arcem

206 1512 357 1586 confugit,
380 1511 491 1572 deinde
510 1512 541 1571 in
557 1510 741 1571 deditionem
760 1511 852 1570 venit.
887 1509 1037 1585 pecuniae
1053 1509 1178 1586 aurique

204 1603 236 1657 et
249 1596 366 1671 argenti
387 1595 468 1656 haud
490 1611 566 1655 sane
584 1596 709 1655 multum
722 1593 793 1654 fuit:
821 1594 911 1670 signa
923 1594 1045 1654 tabulae
1059 1594 1179 1669 priscae

205 1680 277 1741 artis
303 1688 542 1755 ornamentaque
562 1680 628 1739 eins
648 1678 770 1754 generis
794 1679 996 1753 pluraquam
1015 1693 1072 1753 pro
1094 1676 1182 1738 urbis

203 1763 410 1840 magnitudine
430 1770 482 1824 aut
501 1764 613 1838 opibus
628 1761 738 1823 ceteris
752 1761 884 1823 inventa.
916 1762 1009 1821 XVII.
1033 1761 1184 1839 Carystus

204 1849 275 1908 inde
289 1848 425 1924 repetita,
446 1848 535 1920 unde,
551 1847 729 1922 priusquam
744 1862 761 1906 e
775 1846 905 1907 natibus
920 1846 1029 1921 copiae
1043 1860 1180 1921 expone·

203 1939 321 2008 rentur,
343 1931 441 1992 omnis
461 1931 620 1992 multitudo
640 1930 717 1991 urbe
737 1930 860 1990 deserta
872 1930 904 1990 in
918 1945 1020 1990 arcem
1035 1929 1184 2005 confugit.

204 2016 275 2075 inde
299 2015 339 2076 ad
364 2014 456 2075 fidem
479 2016 518 2075 ab
537 2015 675 2077 Romano
700 2015 864 2090 petendam
889 2021 1027 2076 oratores
1051 2015 1183 2074 mittunt

204 2097 368 2176 oppidanis
388 2100 542 2174 extemplo
563 2102 624 2160 vita
638 2114 676 2160 uo
689 2099 815 2160 libertas
830 2113 982 2160 concessa
996 2104 1058 2168 est3
1079 2098 1181 2159 Mace·

204 2182 336 2245 donibus
350 2183 465 2244 treceni
478 2184 591 2244 nummi
604 2185 635 2243 in
650 2183 751 2258 capitu
764 2188 909 2244 statutum
923 2181 1054 2257 pretium
1068 2187 1128 2256 est,
1150 2187 1184 2241 at

203 2275 237 2329 ut
250 2268 342 2328 armis
356 2267 473 2329 uaditis
488 2269 612 2329 abirent.
634 2267 693 2327 hac
708 2282 827 2328 summa
839 2265 989 2341 redempti
1004 2265 1137 2326 inermes
1147 2265 1183 2325 in

205 2350 362 2414 Boeotiam
384 2351 510 2411 traiecti.
540 2352 664 2411 navales
687 2351 795 2426 copiae
809 2350 930 2411 duabus
946 2349 1037 2410 claris
1051 2348 1180 2410 urbibus

202 2436 348 2496 Euboeae
368 2435 446 2494 intra
466 2435 532 2494 dies
553 2449 672 2509 paucos
693 2433 790 2507 captis
807 2434 1028 2494 circumvectae
1042 2432 1178 2511 Sunium,

202 2520 321 2580 Atticae
346 2524 444 2577 terrae
464 2516 720 2591 promunturium,
746 2515 933 2592 cenchreas,
960 2516 1180 2578 corinthiorum

203 2600 382 2677 emporium,
398 2598 559 2673 petierunt.

287 2683 402 2743 consul
425 2682 543 2741 interim
563 2683 696 2744 omnium
717 2699 775 2759 spe
794 2684 964 2758 longiorem
985 2685 1180 2746 atrociorem·

204 2780 265 2840 que
286 2766 546 2842 oppugnationem
566 2767 686 2837 habuit;
712 2775 743 2828 et
762 2783 801 2828 ea
823 2783 884 2843 qua
907 2769 1062 2833 minimum
1083 2769 1180 2830 credi-

203 2848 300 2911 disset
317 2851 502 2912 resistebant
520 2851 636 2913 hostes.
667 2868 737 2912 narn
757 2868 877 2913 omnem
895 2853 1032 2914 laborem
1047 2853 1078 2913 in
1092 2869 1181 2914 muro

203 2933 374 2996 crediderat
399 2935 547 2997 diruendo
575 2938 656 3008 fore3
691 2937 719 2996 si
740 2936 854 2997 aditum
878 2937 1001 2997 armatis
1022 2937 1052 2997 in
1072 2939 1180 2999 urbem

201 3018 413 3094 patefecisset,
435 3019 538 3095 fugam
559 3020 631 3081 inde
648 3022 836 3096 caedemque
850 3020 981 3082 hostium
997 3022 1064 3082 fore
1079 3021 1180 3097 qualis

203 3101 301 3176 captis
322 3103 448 3164 urbibus
469 3103 535 3164 fieri
550 3107 638 3166 solet.
673 3111 985 3180 ceterumpostquam
999 3112 1087 3181 parta
1101 3105 1179 3166 muri

202 3185 346 3249 arietibus
368 3189 502 3249 decussa
521 3205 578 3263 per
597 3189 683 3265 ipsas
697 3190 801 3250 rumas
816 3191 1070 3251 transcenderunt
1083 3191 1114 3250 in
1129 3207 1180 3252 ur

201 3268 271 3330 bem
282 3271 396 3345 armati,
405 3270 836 3349 ifludprincipiumvefutnovi
847 3280 940 3349 atque
947 3272 1055 3350 integri
1064 3273 1181 3335 laboris

201 3353 264 3414 fuit.
297 3371 366 3415 narn
379 3355 580 3432 MacedoneS,
602 3358 655 3434 qui
675 3358 706 3418 in
726 3357 881 3433 praesidio
903 3365 988 3418 erant
1008 3365 1038 3418 et
1051 3359 1135 3419 multi
1150 3362 1182 3418 et

202 3438 325 3511 delecti,
348 3440 474 3515 gloriam
495 3442 585 3502 etiam
606 3442 758 3517 egregiam
777 3442 849 3515 rati,
871 3442 898 3501 si
918 3443 1011 3502 armis
1031 3443 1135 3518 potius
1149 3447 1184 3502 et

202 3520 311 3583 virtute
323 3539 414 3600 qnam
425 3525 586 3586 moenibus
598 3526 704 3586 urbem
715 3532 880 3598 tuerentur,
893 3527 1030 3597 conferti,
1038 3525 1180 3602 pluribus
