2600 4000
323 238 438 299 blBER
451 239 587 299 xllxlv.
610 238 692 300 cAP.
706 247 733 301 o.
746 245 836 313 pcc.
852 246 914 313 ros]
1047 239 1107 306 1³1

124 400 264 470 tempora
274 388 378 468 unqua
388 389 603 454 desiderarunt
615 391 713 466 leges,
727 392 883 465 mortales,
898 400 931 453 ut
942 391 984 454 ita
995 393 1107 471 dicam,

122 486 154 539 et
167 473 359 552 temporibus
372 474 452 551 ipsis
473 473 635 537 mutabiles
649 489 722 535 esse
741 472 844 535 video.
888 491 968 551 quae
982 475 1013 537 in
1023 494 1108 553 pace

123 563 203 622 latae
217 566 298 631 sunt,
313 560 496 636 plausuque
509 559 623 620 bellum
633 558 772 634 abrogat
787 556 911 633 quaein
926 559 1019 634 bello,
1034 578 1107 638 pax,

123 653 157 706 ut
170 642 201 705 in
216 640 305 705 navis
327 640 590 704 administratione
611 640 672 702 alia
691 639 723 703 in
743 641 912 703 secundam
933 642 993 704 alia
1007 643 1107 707 inad-

123 743 247 790 versam
260 733 473 802 tempestatem
487 727 558 787 usui
578 733 660 787 sunt
692 725 769 787 baec
784 742 854 786 cum
867 724 910 788 ita
922 734 1031 797 natura
1044 729 1105 793 dis-

123 810 217 873 tincta
236 809 314 883 sint,
340 826 381 871 ex
401 816 469 872 utro
490 809 613 872 tandem
634 824 749 884 genere
769 824 808 871 ea
826 810 878 870 lex
898 827 972 872 esse
984 811 1108 874 videtur

123 911 216 973 quam
227 895 435 969 abrogamusl
447 890 565 970 quippe
577 900 667 955 vetus
679 893 764 969 regia
778 894 838 967 lem
855 892 945 955 simul
956 911 1026 957 oum
1036 895 1107 973 ipsa

122 981 199 1041 urbe
210 986 296 1049 nata3
310 985 373 1050 aut,
387 977 473 1053 quod
483 977 655 1039 secondum
667 984 724 1051 est.
735 977 774 1040 ab
786 976 970 1041 decemviris
980 980 1022 1040 ad
1033 996 1105 1042 oon-

122 1064 225 1126 denda
238 1061 307 1124 iura
319 1059 432 1123 ematis
447 1060 478 1121 in
493 1059 658 1123 duodecim
673 1059 785 1123 tabulis
804 1059 935 1137 scripta,
955 1061 1023 1125 sine
1044 1081 1106 1140 qua

122 1163 192 1210 oum
207 1144 340 1208 maiores
352 1143 450 1212 nostri
463 1161 525 1208 non
537 1142 739 1206 exisdmoulnt
752 1144 850 1206 decus
861 1149 1030 1209 matronale
1041 1164 1105 1210 ser·

121 1229 188 1294 vari
202 1246 308 1308 posse,
325 1227 415 1290 nobis
431 1245 558 1305 quoque
569 1229 738 1290 verendum
752 1227 800 1303 sit,
815 1245 855 1290 ne
870 1245 939 1291 cum
954 1247 993 1293 ca
1005 1233 1104 1308 pudo-

121 1332 187 1379 rem
208 1312 464 1389 sanctitatemque
487 1311 668 1374 feminarum
693 1312 894 1389 abrogemus!
922 1314 992 1389 quis
1013 1314 1104 1391 igitm

122 1396 222 1462 nescit
235 1414 348 1460 novam
361 1396 452 1459 mlum
466 1398 566 1473 legem
583 1412 672 1471 esso,
694 1396 728 1471 Q.
742 1394 838 1459 Fabio
852 1404 885 1459 et
898 1396 941 1459 Ti.
958 1398 1103 1476 Sempro

123 1483 175 1544 nio
191 1479 370 1544 consulibus
380 1480 488 1558 viginti
499 1489 570 1542 ante
581 1479 671 1541 annis
684 1482 797 1543 latam
809 1479 879 1542 sine
891 1499 953 1558 qua
967 1499 1037 1544 cnm
1048 1499 1105 1559 per

124 1573 170 1630 tot
182 1581 281 1627 annos
293 1573 452 1628 mauome
467 1563 592 1642 optimis
606 1563 745 1627 moribus
755 1563 906 1640 vixerint,
932 1567 1018 1641 quod
1038 1575 1100 1628 tan

125 1651 203 1724 dem,
218 1666 257 1712 ne
272 1650 420 1727 abrogata
434 1667 471 1712 ea
485 1649 682 1712 effundantur
695 1650 737 1710 ad
750 1648 918 1723 luxuriam,
933 1648 1104 1725 periculum

124 1741 194 1799 estl
214 1750 284 1795 narn
297 1733 325 1795 si
339 1733 399 1796 ista
412 1735 463 1795 lex
476 1733 548 1797 ideo
563 1735 625 1795 lata
644 1738 745 1805 esset,
770 1740 805 1793 ut
823 1729 926 1793 liniam
945 1731 1103 1794 libidinem
1219 1758 1222 1763 ·

123 1817 308 1892 muliebrem,
323 1820 492 1880 verendum
507 1819 595 1892 loret,
611 1833 651 1879 ne
662 1817 811 1891 abrogata
824 1813 979 1878 incitaret:
995 1833 1050 1878 cur
1063 1815 1104 1880 sit

121 1904 318 1976 antemium,
340 1901 443 1977 ipsum
463 1900 611 1963 indicavit
629 1907 761 1976 tompus.
796 1898 948 1963 Hannibal
966 1901 997 1962 in
1017 1899 1104 1963 ltalia

121 1995 187 2050 erat
199 1986 300 2049 victor
313 1985 354 2046 ad
369 1985 504 2056 Cannam
519 1983 580 2045 iam
593 1984 766 2059 Tarentum,
780 1984 963 2061 iamdrpos,
977 1985 1039 2048 iam
1046 1985 1101 2062 Ca·

121 2088 215 2148 paam
234 2069 382 2139 babebat;
403 2069 444 2129 ad
463 2069 570 2130 urbem
590 2069 721 2129 Romam
739 2070 919 2130 admoturus
934 2070 1103 2131 exercitum

121 2154 299 2223 vicenarum
311 2149 668 2220 deiecerantsocii3.non
679 2148 833 2210 militesin
845 2153 1102 2227 supplementum,

121 2253 185 2298 non
199 2232 306 2296 socios
320 2231 439 2295 navalis
454 2233 495 2296 ad
509 2234 643 2294 classem
654 2233 807 2308 tuendam,
823 2249 885 2295 non
896 2234 1061 2309 pecuniam
1072 2233 1103 2295 in

121 2317 243 2383 aerario
260 2316 464 2390 habebamus3
490 2315 574 2392 serui
596 2315 710 2393 quibus
730 2332 815 2378 mma
830 2318 990 2393 darentur,
1016 2317 1058 2380 ita
1071 2326 1105 2381 ut

65 2455 69 2462 .
124 2402 256 2481 pretium
275 2418 333 2478 pro
354 2399 394 2463 iis
408 2402 490 2465 bello
505 2401 643 2478 perfecto
659 2399 791 2463 dominis
808 2402 995 2476 solveretur,
1022 2418 1104 2464 eme

120 2490 246 2559 bantium
267 2484 300 2547 in
320 2486 451 2549 eandem
470 2485 552 2549 diam
571 2483 723 2563 pecuniae
745 2485 928 2549 frumentum
947 2495 979 2549 ct
992 2496 1103 2563 cetera,

122 2588 203 2648 quac
212 2568 286 2633 belli
298 2587 376 2633 usus
386 2570 598 2649 postulabant,
618 2570 797 2646 praebenda
808 2569 965 2646 publicani
979 2587 1015 2633 se
1030 2588 1102 2633 con-

122 2656 269 2718 ducturos
290 2653 547 2732 protensiorem
573 2670 684 2717 servos
705 2655 746 2715 ad
759 2671 891 2730 remum,
916 2671 1044 2718 numero
1062 2673 1103 2718 ex

122 2743 220 2801 censu
233 2737 416 2814 constituto,
431 2755 502 2801 cum
512 2735 668 2815 stipendio
682 2746 789 2801 nostro
804 2740 970 2811 dabamus;
994 2755 1102 2801 aumm

84 2860 89 2869 ·
120 2831 154 2886 et
173 2830 331 2899 meantum
351 2838 442 2885 omne
462 2824 502 2884 ab
522 2820 718 2885 senatoribus
739 2821 807 2884 eius
826 2822 872 2884 rei
886 2821 971 2885 initio
988 2833 1054 2885 orto
1073 2824 1103 2883 in
1218 2888 1220 2892 ,

122 2906 278 2984 publicum
292 2907 544 2978 conferebamus3
567 2905 725 2987 viduaetet
739 2904 848 2982 pupilli
862 2905 1012 2982 pecunias
1028 2923 1101 2968 suas

120 2990 157 3068 in¹
171 2989 324 3053 nomnium
338 2990 532 3063 deferebaut3
548 2997 671 3053 cautmn
685 2997 760 3062 crat,
776 3006 838 3065 quo
853 3006 893 3052 ne
906 2991 977 3069 plus
991 2989 1058 3052 auri
1072 2997 1104 3051 et

120 3074 238 3152 argenti
260 3071 347 3149 lacti,
372 3092 434 3151 quo
456 3091 495 3137 ne
514 3075 586 3151 plus
607 3071 857 3150 signati'urgenli
878 3080 909 3135 et
921 3072 1003 3138 aeris
1018 3071 1102 3136 domi

121 3159 305 3221 haberemus
320 3192 350 3203 -
368 3181 375 3214 =
390 3158 443 3222 toli
457 3167 596 3234 tempore
607 3156 639 3219 in
650 3156 773 3220 luxuria
782 3167 815 3219 ct
825 3165 934 3220 ornatu
944 3165 1102 3221 matronae

120 3251 293 3320 occupatae
304 3251 400 3319 crant,
415 3251 449 3305 ut
459 3243 499 3303 ad
510 3259 578 3304 earn
589 3242 793 3304 coercendam
807 3241 965 3319 lexoppia
979 3240 1102 3304 deside·

119 3336 188 3389 rata
200 3326 255 3390 sit!
271 3343 351 3401 cum,
363 3325 563 3403 quiaCcreris
575 3324 761 3388 sacrificium
772 3324 948 3404 lugentibus
959 3324 1102 3388 omnibus

120 3409 268 3474 matronis
282 3409 489 3473 intermissum
510 3419 590 3483 erat,
611 3417 738 3472 senatus
758 3407 839 3472 finiri
852 3411 967 3474 luctum
980 3408 1103 3485 triginta

119 3494 231 3557 diebus
247 3492 346 3556 iussit.
379 3493 429 3556 cui
443 3511 505 3555 non
520 3500 649 3570 apparet
663 3490 800 3570 inopium
814 3502 846 3555 ct
858 3491 1013 3613 miseriam
1028 3489 1100 3552 civi·

856 3584 875 3634 a
