2600 4000
295 250 411 311 ttsstttt
424 247 950 327 xxxv111<.cnl>.e.o.[a.c.1ac]
1047 255 1110 318 325
1151 251 1153 254 ’

130 402 250 464 dendns
271 403 358 474 esse,
379 403 491 463 deinde
505 401 586 461 nrihe
601 403 746 463 talentum
761 404 902 477 [argenti]
919 406 1033 481 populo
1049 407 1110 469 Ro·

126 502 218 547 mano
238 486 388 561 dandum,
410 486 497 547 cuius
520 501 657 547 summae
673 486 828 546 dimidiam
842 501 1110 562 praesensnume·

128 576 220 644 retur,
236 570 263 630 si
277 585 385 645 pacem
399 569 514 631 habere
529 570 659 638 vellent„
673 570 713 629 ad
727 585 765 630 ea
776 570 965 631 adiecturum
976 571 1065 632 etiam
1080 575 1109 633 in

110 654 237 730 ⁴ioedus
259 669 345 728 esse,
367 660 400 714 ut
419 654 547 715 eosdem
568 670 648 730 quos
671 655 806 729 populus
821 655 1109 736 Romanusamicos

128 743 221 813 atque
233 736 332 798 hostis
346 737 487 798 habeant.
523 737 573 797 lX.
594 738 748 799 adversus
764 753 844 813 quae
859 737 967 813 legati,
990 746 1020 799 et
1035 739 1108 815 quia

127 820 233 897 gravia
253 827 339 882 erant
357 829 387 881 et
407 820 481 897 quia
501 837 628 883 sucrum
642 820 762 882 animos
780 821 945 902 indomitos
961 839 998 882 ac
1013 830 1108 884 muta·

127 904 204 973 biles
225 911 388 978 noverant,
409 905 492 966 nullo
513 905 632 966 reddito
653 920 807 981 responso
830 907 953 966 domum
975 906 1110 981 regressi

126 996 211 1065 sunt,
232 996 267 1050 ut
285 987 375 1049 etiam
395 997 487 1064 atque
508 989 613 1065 etiam,
636 989 710 1065 quid
727 990 879 1064 agendum
893 997 992 1061 esset,
1014 1006 1049 1050 re
1063 992 1108 1051 in·

9 1105 17 1119 ·
128 1081 214 1149 tegra
227 1081 400 1149 praetorem
415 1080 445 1133 et
458 1072 619 1148 principes
631 1075 836 1135 consulerent.
860 1074 993 1134 clamore
1004 1079 1035 1134 ct
1048 1075 1108 1134 iur-

126 1158 177 1233 gio
193 1156 330 1231 excepti,
354 1157 439 1231 quod
452 1163 514 1218 tam
527 1158 580 1217 diu
593 1173 658 1217 rem
673 1158 835 1234 traherent,
852 1160 1108 1233 qualemcumque

125 1255 235 1318 pacem
245 1240 361 1301 referre
371 1240 459 1315 iussi,
474 1256 543 1301 cum
553 1239 688 1301 redirent
697 1240 901 1316 Ambraciam,
912 1243 1107 1304 Acarnanum

124 1323 246 1385 insidiis
262 1340 361 1401 prope
374 1325 455 1403 riam
469 1323 595 1400 positis,
617 1341 687 1386 cum
702 1325 814 1400 quibus
829 1326 942 1386 bellum
957 1333 1031 1400 erat,
1050 1325 1104 1386 cir-

127 1408 281 1470 cumventi
300 1406 445 1485 Thyrium
471 1407 665 1470 custodiendi
685 1409 887 1481 deducuntur.
924 1409 1000 1469 haec
1021 1425 1103 1484 mora
1157 1477 1160 1483 ,

124 1493 235 1554 iniecta
255 1499 305 1553 est
322 1494 403 1570 paci.
440 1508 509 1553 curn
529 1492 588 1552 iam
608 1492 840 1562 Atheniensium
854 1493 1124 1569 Rhodiorumque·

125 1576 224 1652 legati,
240 1577 290 1653 qui
306 1576 346 1637 ad
361 1576 588 1652 deprecandum
599 1595 659 1653 pro
675 1577 713 1640 iis
727 1584 887 1650 venerant,
899 1577 982 1650 apud
995 1579 1106 1637 c'onsu-

125 1662 184 1720 lem
198 1665 318 1735 essent,
338 1662 539 1740 Amynander
554 1678 679 1739 qunque
692 1662 896 1721 Athamanum
909 1674 966 1736 rex
979 1658 1042 1717 tide
1056 1674 1105 1719 ac·
1159 1691 1161 1694 ·
1181 1711 1187 1721 .

8 1802 13 1807 .
126 1752 216 1819 cepta
239 1752 366 1823 venerat
390 1746 419 1806 in
445 1752 547 1808 casha
566 1747 719 1818 Romana,
745 1743 843 1818 magis
866 1758 923 1816 pro
943 1740 1106 1804 Ambracia

35 1832 38 1837 ’
87 1830 90 1835 “
126 1828 216 1903 urbe,
236 1828 289 1890 ubi
308 1830 593 1908 maiorempartem
614 1828 761 1903 temporis
782 1827 992 1898 exsulaverat,
1015 1841 1104 1900 quam
1147 1827 1149 1830 ’

124 1913 315 1991 prertolis
336 1913 495 1974 sollicitus.
529 1927 584 1986 pcr
603 1912 662 1971 hos
682 1910 795 1970 certior
815 1910 914 1970 lactus
936 1910 1045 1968 consul
1067 1910 1106 1970 de

125 2011 201 2056 casu
221 1996 389 2070 legatorum
404 1994 515 2054 adduci
530 2010 586 2054 eos
600 2011 619 2054 a
632 1993 746 2072 Thynia
762 1993 867 2063 iussit;
891 2009 1020 2070 quorum
1035 2002 1105 2069 post

76 2101 79 2107 >
124 2078 290 2137 adventurn
304 2077 353 2152 agi
368 2082 567 2151 coeptumest
577 2078 616 2137 de
628 2093 716 2153 pace.
738 2078 946 2152 Amynander,
962 2077 1046 2154 quod
1058 2078 1106 2139 sui
1214 2085 1218 2093 '

125 2160 258 2219 maxime
269 2159 373 2236 operis
385 2166 458 2231 erat,
471 2158 600 2235 impigre
610 2159 721 2236 agebat
732 2166 764 2221 ut
774 2160 1011 2221 Ambracienses
1024 2175 1106 2220 corn-
1144 2205 1150 2210 .

126 2244 253 2319 pelleret
273 2245 313 2304 ad
334 2243 528 2304 deditionem.
559 2245 591 2304 id
606 2260 675 2304 curn
695 2259 751 2320 per
766 2243 920 2320 colloquia
934 2244 1106 2323 principum

125 2327 300 2389 succedens
321 2343 439 2388 murum
459 2343 568 2404 parum
590 2328 767 2403 proficeret,
790 2335 947 2403 postremo
969 2328 1105 2388 consulis

124 2412 279 2488 permissu
290 2411 449 2487 ingressus
461 2411 568 2473 urbem
579 2413 689 2489 partim
700 2410 829 2473 consilio
842 2411 951 2487 partim
962 2409 1106 2485 precibus

125 2495 224 2571 evicit,
239 2503 272 2558 ut
287 2496 493 2571 permitterent
506 2511 541 2556 se
554 2495 712 2557 Romanis.
734 2503 766 2557 et
778 2497 906 2557 Aetolos
918 2491 949 2556 C.
963 2493 1105 2555 Valerius

76 2594 79 2598 ·
124 2580 249 2640 Laevini
269 2580 365 2651 lilius,
387 2580 439 2656 qui
454 2596 523 2641 cum
538 2595 576 2647 ea
589 2588 680 2656 gente
695 2581 825 2655 primum
840 2577 1003 2641 amicitiam
1017 2578 1104 2654 pepi·

1 2626 2 2629 *
45 2686 48 2692 ·
124 2670 226 2738 gerat,
248 2664 383 2726 consulis
402 2665 495 2724 irater
514 2672 609 2725 matre
630 2665 739 2735 eadem
755 2665 892 2739 genitus,
914 2662 1037 2738 egregie
1051 2663 1104 2722 ad·

124 2746 208 2807 iuvit.
228 2745 474 2807 Ambracienses
489 2748 576 2821 prius
591 2746 683 2823 pacti,
698 2754 731 2808 ut
744 2749 923 2808 Aetolorum
940 2746 1104 2823 auxiliares

126 2829 195 2890 sine
215 2830 322 2889 hande
337 2827 518 2904 emitterent,
540 2838 727 2905 aperuerunt
740 2837 857 2904 portas.
889 2829 961 2890 dein
972 2829 1005 2868 **
1018 2829 1104 2905 quin·

124 2919 217 2988 gente
229 2911 371 2994 Euboica
380 2920 415 2973 ut
428 2914 536 2974 darent
549 2914 671 2987 talenta,
688 2912 855 2988 exquibus
871 2915 1003 2981 ducenta
1016 2929 1105 2989 prae-

124 2997 232 3071 sentia,
247 3003 383 3057 trecenta
397 3003 453 3071 per
466 3013 566 3057 annos
582 3012 639 3057 sex
650 2996 851 3072 pensionibus
863 2995 987 3072 aequis;
1010 2995 1120 3071 capti-v

124 3097 182 3142 vos
207 3081 417 3158 perfugasque
439 3081 605 3142 redderent
624 3077 788 3151 Rornanis;
820 3081 926 3141 urbem
948 3096 988 3140 ne
1014 3096 1106 3156 quam

124 3165 274 3227 tornatae
289 3165 337 3225 sui
351 3163 426 3225 iuris
442 3166 591 3239 lacerent,
614 3180 695 3241 quae
709 3172 782 3241 post
795 3164 826 3224 id
841 3170 978 3241 tempus,
995 3163 1104 3241 quoT.

125 3247 283 3323 Quinctius
298 3248 471 3309 traiecisset
484 3249 515 3308 in
530 3248 705 3324 Graeciam,
726 3255 779 3310 aut
791 3250 821 3308 vi
836 3257 926 3325 capta
941 3249 979 3309 ab
993 3248 1105 3309 Roma-
1223 3284 1226 3289 ·

124 3330 172 3392 nis
186 3340 271 3394 esset
284 3340 337 3394 aut
348 3334 502 3394 voluntate
515 3331 545 3392 in
558 3331 720 3394 amicitiam
735 3333 887 3403 venisset,
909 3330 1103 3408 Cephallenia

124 3412 224 3476 insula
245 3422 278 3475 ut
299 3423 386 3477 extra
406 3417 455 3477 ius
477 3416 612 3477 foederis
628 3422 721 3476 esset.
756 3417 833 3478 haec
848 3430 1031 3493 quamquam
1047 3427 1105 3487 spo

125 3497 263 3575 ipsorum
277 3500 432 3575 aliquanto
447 3497 563 3560 leviora
578 3506 678 3573 erant,
695 3499 870 3573 petentibus
884 3496 1002 3558 Aetolis
1018 3502 1050 3556 ut
1064 3494 1104 3553 ad
