2600 4000
233 226 297 290 282
373 223 488 285 [iltuit
500 222 649 283 xxxvii
671 220 756 281 CAP-
770 231 814 282 Ἃ.
824 229 871 282 ab.
892 225 931 294 [a.
942 225 980 277 U.
989 241 1015 276 e.
1026 224 1093 291 562]

232 379 317 439 eirca
329 390 401 435 eum
413 378 607 433 erantnaves
617 370 914 446 capessunttugam3
928 370 1219 447 necinsequillhe

234 460 331 520 diiex
350 472 462 532 magua
481 452 1218 532 parteaegrisetobidceloeiusiassisrunigi

238 545 296 604 hus
311 548 483 617 punierunt
511 555 581 599 cum
595 539 626 598 in
639 540 712 610 alto,
731 536 786 597 ubi
798 536 1006 608 substiterant,
1021 537 1093 598 cibo
1107 539 1217 599 retice

234 634 303 688 rent
316 626 413 699 vires,
435 623 659 698 contemplatus
670 622 828 681 Eudamus
842 620 941 682 hostis
954 620 1084 681 claudas
1097 623 1218 682 muti}

235 720 344 787 tasquc
364 723 461 769 naves
479 707 594 782 apertis
615 705 747 766 navibus
765 706 901 765 remulco
920 703 1085 779 habentis,
1111 706 1219 781 vigui

235 796 328 871 paulo
343 791 473 867 amplius
487 791 622 866 integras
636 789 840 862 abscedentis,
854 803 873 847 e
886 789 962 848 nuri
974 789 1153 864 praetor'ne
1165 805 1217 849 nt

236 879 283 939 vis
297 877 417 938 silentio
431 875 513 935 iacto
526 872 732 949 „exsurgite‚“
745 870 846 948 inquit
857 877 911 945 „et
923 870 1081 946 mum
1094 880 1218 948 specta

236 963 337 1021 crtum
348 958 502 1034 capessite
512 959 642 1017 oeulis.“
664 970 887 1017 consurrexere
898 971 1016 1030 omnes,
1027 957 1218 1032 contmpts

235 1044 320 1118 tique
339 1041 571 1116 trepidationem
578 1041 746 1117 fugamque
757 1035 1061 1114 bostium,acprope
1070 1055 1220 1101 mvooe

237 1140 345 1187 omnes
355 1132 390 1187 ut
399 1132 601 1200 sequerentur
611 1125 868 1184 exclamaverunt
890 1121 990 1199 ipsius
999 1123 1219 1184 muri}

236 1210 274 1268 tis
289 1207 401 1268 ictibus
422 1210 579 1268 vulnerata
593 1208 682 1268 navis
696 1214 776 1267 erat=
795 1205 1016 1282 Pamphilidam
1029 1213 1062 1266 et
1073 1206 1220 1267 mulce

237 1299 298 1351 mm
313 1291 443 1366 insequi,
458 1293 562 1366 quoad
572 1298 715 1367 putarent
725 1297 830 1363 hatum,
844 1288 944 1351 iussit.
965 1290 1157 1366 aliquamdiu
1167 1306 1218 1351 ae·

236 1373 297 1434 cuti
321 1382 407 1435 sunt:
441 1383 606 1449 postquam
631 1381 730 1434 terrae
757 1372 1028 1450 appropinquabat
1051 1374 1218 1446 Hannibal,

238 1455 324 1518 veriti
335 1473 374 1517 ne
385 1457 612 1518 includerentur
622 1467 715 1519 vento
727 1459 758 1517 in
769 1458 903 1519 hostium
914 1472 978 1532 ora,
993 1458 1034 1518 ad
1042 1457 1217 1517 hamum

236 1542 350 1603 revecti
364 1541 520 1616 hepterem
537 1549 671 1616 captam,
692 1558 772 1616 quae
785 1542 884 1617 primo
900 1555 1055 1602 concursu
1066 1539 1131 1601 ieta
1142 1549 1218 1614 ent,

236 1641 329 1700 aegre
347 1624 541 1685 Phaselidem
561 1631 783 1699 pertraxerunt
816 1624 890 1684 inde
907 1623 1051 1686 Rbodmn
1069 1640 1135 1685 non
1155 1632 1219 1685 tan

238 1708 364 1770 victoria
384 1709 471 1785 laeti,
492 1724 583 1784 quarn
602 1709 682 1769 alius
696 1707 789 1769 alium
807 1714 1006 1783 accusantes,
1027 1708 1129 1784 quod,
1148 1724 1219 1769 m

237 1794 397 1868 potuisset,
411 1810 473 1855 non
488 1792 588 1853 omnis
604 1807 776 1855 summersa
788 1798 843 1853 aut
855 1798 945 1867 capta
958 1793 1070 1853 elassis
1082 1792 1219 1853 hostin

238 1878 510 1947 toret,.redierunt
539 1876 691 1937 Hannibal
704 1876 806 1938 nictus
818 1891 881 1938 nno
896 1876 1014 1951 promo
1028 1876 1165 1937 advmso
1179 1891 1220 1935 ne

236 1965 300 2020 tum
314 1958 438 2036 quidem
451 1960 642 2037 praetervehi
653 1960 780 2040 Lyciam
788 1958 823 1997 **
834 1959 976 2034 audebat,
991 1976 1060 2022 mm
1070 1959 1219 2036 coniungi

237 2043 334 2103 veteri
346 2045 450 2119 regiae
464 2045 558 2106 classi
572 2062 665 2120 quam
681 2044 810 2120 primum
823 2051 960 2120 eupmet
979 2061 1021 2105 ne
1029 2043 1063 2105 id
1073 2044 1103 2103 ei
1112 2046 1219 2104 lacere

237 2127 365 2187 liberum
391 2135 489 2203 esset,
514 2128 626 2190 Rhodii
647 2129 838 2190 Chariclitum
864 2143 933 2188 cnm
957 2129 1065 2203 viginti
1085 2127 1218 2188 mribus

236 2212 375 2273 rostratis
397 2212 437 2273 ad
451 2212 559 2274 Patara
577 2220 609 2273 et
619 2212 770 2288 Megisten
790 2218 911 2287 portum
929 2212 1089 2273 mIserunt
1114 2212 1218 2272 nuda

237 2312 319 2356 mum
333 2312 404 2356 cum
417 2304 537 2371 septem
546 2297 678 2357 navibus
688 2297 829 2357 maximis
842 2311 882 2355 ex
892 2311 931 2355 ea
939 2296 1051 2369 classe,
1065 2296 1117 2355 cni
1127 2311 1217 2371 prae

237 2379 345 2453 iuerat
361 2378 486 2441 Samum
499 2379 601 2439 redire
615 2382 657 2440 ad
669 2382 828 2441 Romanos
841 2379 1006 2453 iussemnt
1020 2387 1057 2440 nt
1068 2388 1218 2455 quanm

236 2462 382 2534 consilio,
404 2470 549 2536 quantum
562 2464 742 2524 auctoritate
756 2466 879 2538 valeret,
894 2463 1091 2539 compelleret
1103 2465 1218 2524 Rumor

236 2560 294 2604 nos
309 2545 348 2604 ad
361 2545 470 2605 Patara
486 2545 704 2619 oppugnanda.

319 2626 412 2685 XXV.
426 2626 568 2701 lingnam
574 2626 721 2689 Romanis
732 2628 876 2691 laetitiam
885 2630 972 2707 prius
982 2632 1220 2692 victumaennn·

236 2710 304 2783 tius,
322 2709 434 2770 deinde
447 2709 598 2773 adventus
612 2713 711 2772 attulit
723 2711 929 2775 Rhodiorum:
950 2722 982 2775 et
994 2715 1173 2790 apparebat,
1188 2714 1220 2776 si

235 2793 363 2854 Rhodiis
384 2808 423 2854 ea
437 2809 512 2855 eura
525 2796 648 2872 dempta
662 2795 785 2870 luisset,
804 2814 924 2860 mcuns
936 2813 993 2859 eos
1007 2805 1072 2858 tuta
1084 2799 1153 2858 eius
1166 2815 1218 2859 re-

235 2876 336 2951 gionis
350 2878 445 2938 maria
458 2887 679 2953 praestaturos.
700 2880 758 2941 sed
771 2881 921 2956 protectio
933 2881 1078 2943 Antiochi
1091 2881 1131 2941 ab
1143 2880 1219 2942 Sar-

235 2960 339 3034 dibus,
362 2978 402 3022 ne
416 2963 661 3038 opprimerentur
681 2964 848 3025 maritimae
858 2966 963 3041 urbes,
976 2965 1149 3026 abscedme
1162 2981 1219 3026 αι-

235 3043 338 3104 stodia
351 3046 456 3106 leniae
469 3053 561 3122 atque
574 3048 714 3109 Aeolidis
729 3048 892 3123 prohibuit
912 3048 1134 3125 Pamphilidam
1144 3065 1217 3111 cum

237 3135 382 3201 quattuor
395 3131 525 3190 navibus
539 3132 627 3192 tectis
641 3133 682 3192 ud
695 3148 764 3192 eam
778 3135 912 3194 classem
922 3148 1003 3209 qnae
1012 3131 1216 3193 chmPatan

234 3218 302 3271 erat
313 3212 470 3272 miserunt
491 3214 661 3275 Antiochus
671 3231 733 3276 non
744 3214 909 3278 civitatium
918 3217 1023 3291 modo,
1039 3217 1218 3292 quneeirca

236 3309 272 3352 se
293 3302 394 3370 erant,
416 3296 613 3357 contrahebat
633 3299 803 3373 praesidia3
824 3299 883 3360 sed
903 3300 944 3360 ad
955 3300 1094 3361 Prusiam
1107 3300 1215 3379 Bithy·

234 3376 304 3437 nice
324 3393 427 3452 regem
444 3379 563 3454 legatos
577 3379 702 3443 miserat
715 3382 907 3459 litterasque,
928 3384 1040 3459 qmbus
1052 3384 1215 3445 transitum

234 3461 263 3519 in
279 3463 386 3522 Asiam
406 3463 610 3526 Romanorum
630 3466 817 3542 increpabat
848 3467 954 3528 venire
973 3483 1029 3528 eos
1048 3467 1090 3527 ad
1110 3468 1216 3528 omnia
