2600 4000
190 199 253 263 248
334 199 449 261 LlBER
463 199 596 260 XXXVI.
621 198 705 259 CAP.
719 207 764 261 30.
773 207 818 262 31.
841 198 877 278 [a.
889 203 925 257 U.
937 221 962 258 o.
973 204 1036 273 ott]

191 365 293 413 arcem
312 350 415 426 posito
436 358 555 411 ceteras
575 356 680 426 partes
700 349 785 411 urbis
800 348 907 411 divisis
923 349 1021 427 copiis
1038 366 1093 426 pro
1109 350 1172 414 situ

190 434 344 496 moenium
369 431 574 493 circumsedit.
610 449 668 494 uec
689 431 789 495 minus
809 434 912 510 operis
932 434 1113 510 laborisque
1134 450 1174 495 ea

191 516 380 594 oppugnatio
396 532 488 592 quarn
502 517 671 577 Heracleae
683 515 799 578 habuit.

273 600 379 662 XXXI.
406 600 524 661 Eodem
544 608 683 676 ternpore
703 607 734 661 et
746 600 891 662 Messene
909 600 940 660 ia
954 600 1172 677 Peloponnese

191 687 230 746 ab
245 683 395 758 Achaeis,
417 685 502 759 quod
524 682 646 744 concilii
667 699 773 744 eorum
789 691 948 746 recusaret
961 700 1049 758 esse,
1072 701 1174 760 oppu-

192 768 279 847 gnari
294 775 406 844 coepta
420 773 476 829 est
504 766 615 828 etenim
630 767 711 829 duae
726 766 880 842 civitates,
894 767 1040 831 Messene
1053 775 1085 830 et
1097 768 1175 829 Elis

191 862 279 914 extra
293 850 456 914 concilium
469 851 637 912 Achaicum
653 859 754 927 erant,
771 868 840 912 curn
853 851 972 913 Aetolis
988 850 1172 913 sentiebant

191 938 257 998 Elei
281 943 382 997 tamen
404 941 475 1010 post
495 935 630 1011 iugatum
653 951 692 996 ex
715 935 843 996 Graecia
860 935 1045 998 Antiochum
1065 937 1176 1011 legatis

192 1021 387 1081 Achaeorum
400 1018 499 1079 lenius
513 1019 752 1095 responderant:
774 1018 901 1081 dimisso
916 1020 1071 1095 praesidio
1086 1020 1175 1095 regio

193 1103 389 1178 cogitaturos,
407 1100 481 1177 quid
496 1102 554 1162 sibi
569 1102 742 1164 iaciendum
758 1111 851 1164 esset.
882 1102 1029 1164 Messenii
1044 1102 1111 1164 sine
1126 1119 1190 1172 rc:

193 1202 310 1264 sponso
318 1184 453 1247 dimissis
461 1185 569 1261 legatis
576 1194 734 1247 moverant
743 1187 872 1257 bellurn3
887 1186 1061 1263 trepidique
1071 1202 1175 1248 rerum

194 1286 333 1343 suarum,
356 1285 424 1330 curo
444 1269 504 1330 iam
525 1285 600 1344 ager
619 1270 720 1331 effuso
742 1270 878 1332 exercitu
898 1271 1016 1346 passim
1036 1279 1175 1332 ureretur

195 1361 359 1428 castraque
373 1368 473 1429 prope
487 1354 595 1413 urbem
610 1355 685 1430 poni
699 1354 851 1428 viderent,
867 1355 984 1429 legatos
1001 1354 1174 1415 Chalcidem

195 1439 235 1499 ad
248 1439 281 1497 T.
298 1436 469 1511 Quinctium
484 1443 641 1498 auctorem
655 1438 801 1499 libertatis
817 1439 973 1514 miserunt,
989 1439 1041 1515 qui
1056 1436 1174 1500 nuntie-

193 1529 260 1583 rent
270 1521 444 1582 Messenios
455 1521 611 1596 Romanis,
626 1537 689 1581 non
699 1521 833 1584 Achaeis
848 1530 879 1584 et
893 1520 1013 1599 aperire
1026 1528 1174 1599 portaset

194 1607 310 1667 dedere
323 1605 429 1666 urbem
444 1610 570 1681 paratos
586 1620 668 1665 esse.
691 1605 802 1667 auditis
817 1606 925 1683 legatis
937 1608 1090 1683 extemplo
1104 1621 1174 1682 pro·

196 1692 294 1752 lectus
323 1688 480 1764 Quinctius
501 1688 719 1766 aMegalopoli
740 1689 780 1749 ad
800 1689 981 1766 Diophanen
1003 1696 1176 1767 praetorem

194 1774 389 1835 Achaeorum
404 1772 500 1848 misit,
516 1774 567 1849 qui
582 1774 737 1849 externplo
751 1775 900 1835 reducere
914 1789 983 1836 eum
999 1791 1017 1834 a
1031 1774 1177 1835 Messene

196 1859 363 1919 exercitum
384 1866 415 1918 et
433 1857 539 1918 venire
553 1857 593 1917 ad
609 1873 644 1919 se
663 1857 789 1918 iuberet.
825 1858 905 1920 dieto
928 1859 1029 1934 paruit
1041 1856 1177 1933 Diopha-

196 1957 267 2013 nes;
290 1949 321 2003 et
334 1942 436 2002 soluta
451 1941 613 2003 obsidione
627 1940 792 2019 expeditus
807 1942 884 2019 ipse,
906 1958 1110 2019 praegressus
1125 1955 1176 2016 ag·

197 2040 276 2099 men,
289 2024 371 2085 cirea
380 2026 561 2099 Andaniam,
573 2041 703 2101 parvum
714 2027 862 2103 oppidum
873 2026 951 2088 inter
960 2024 1178 2104 Megalopolim

196 2109 425 2185 Messenenque
439 2109 589 2186 positum,
612 2109 750 2185 Quinctio
767 2111 914 2180 occurrit;
936 2117 967 2171 et
981 2128 1051 2172 eum
1066 2125 1177 2171 causas
1297 2162 1298 2169 ,

197 2193 435 2269 oppugnationis
451 2202 630 2270 exponeret,
646 2196 826 2271 castigatum
837 2193 953 2269 leniter,
970 2195 1054 2269 quod
1066 2200 1179 2256 tantam
1297 2186 1298 2269 J

195 2293 260 2338 rem
281 2276 349 2338 sine
369 2278 548 2340 auctoritate
563 2295 620 2339 sua
635 2285 764 2340 conatus
779 2285 876 2352 esset,
897 2278 1047 2340 dimittere
1061 2277 1180 2338 exerci·
1297 2286 1298 2323 l

196 2369 259 2424 tum
273 2362 363 2424 iussit
377 2377 434 2422 nec
450 2377 557 2436 parem
572 2362 706 2423 omniurn
719 2362 802 2423 bono
817 2367 933 2438 partam
945 2363 1078 2423 turbare.
1096 2361 1179 2422 Mes·
1297 2382 1298 2397 ¹

197 2445 291 2506 seniis
304 2444 473 2519 imperavit,
489 2452 520 2505 ut
531 2445 655 2505 exsules
666 2445 848 2505 reducerent
858 2453 889 2508 et
897 2447 1093 2507 Achaeorum
1106 2461 1179 2505 con·
1297 2440 1298 2451 ’

198 2530 258 2590 cilii
279 2535 400 2589 essent=
423 2526 451 2588 si
472 2543 534 2601 qua
553 2527 701 2588 haberent
721 2528 760 2587 de
775 2528 888 2604 quibus
903 2537 955 2590 aut
967 2545 1113 2591 recusare
1128 2536 1181 2590 aut
1297 2538 1298 2545 ’

197 2613 228 2673 in
243 2616 402 2686 posterum
417 2609 520 2670 caveri
535 2609 594 2670 sibi
609 2609 729 2684 vellent,
746 2611 922 2674 corinthum
933 2615 973 2675 ad
984 2629 1020 2675 se
1029 2611 1181 2674 venirent

197 2693 378 2769 Diophanen
398 2691 560 2754 concilium
574 2694 770 2756 Achaeorum
786 2697 940 2774 externplo
956 2698 1013 2759 sibi
1029 2697 1181 2774 praebere

197 2777 296 2839 iussit.
331 2775 373 2836 ibi
398 2777 436 2837 de
456 2778 614 2857 Zacyntho
640 2779 810 2855 intercepta
835 2796 891 2856 per
915 2781 1053 2842 fraudem
1079 2781 1181 2841 insula

8 2952 12 2963 ι
79 2940 83 2947 .
198 2868 326 2937 questus
338 2862 514 2937 postulavit,
530 2868 564 2923 ut
576 2863 786 2925 restitueretur
797 2863 953 2925 Romanis.
975 2863 1105 2940 Philippi
1116 2864 1180 2923 Ma·

197 2945 350 3008 cadonum
359 2944 442 3022 regis
448 2946 624 3026 Zacynthus
637 2949 750 3009 luerat:
765 2963 833 3008 eam
843 2950 1016 3011 mercedem
1023 2950 1180 3028 Amynan·

198 3030 255 3089 dra
271 3029 413 3105 dederat,
428 3037 461 3092 ut
475 3046 531 3106 per
545 3031 758 3092 Adramaniam
773 3032 887 3093 ducere
900 3033 1069 3094 exercitum
1083 3031 1114 3092 in
1130 3048 1181 3093 su·

198 3112 349 3189 perierem
365 3122 480 3190 partem
496 3115 635 3176 Aetoliae
650 3117 770 3192 liceret,
786 3132 847 3193 qua
863 3116 1060 3192 expeditione
1075 3113 1181 3177 tractis
1297 3124 1298 3129 ’

198 3196 307 3258 animis
318 3198 446 3259 Aetolos
458 3198 605 3273 compulit
615 3199 656 3258 ad
667 3200 830 3275 petendam
843 3216 961 3276 pacem.
978 3199 1183 3278 Amynander

197 3279 369 3357 Philippum
381 3281 671 3357 Megalopolitanum
685 3284 804 3345 insulae
815 3285 978 3360 praeteria
1002 3290 1113 3361 postea
1124 3298 1182 3359 per

198 3365 326 3439 bellum,
349 3382 412 3440 quo
436 3380 471 3425 se
492 3363 646 3428 Antiocho
669 3367 819 3429 adversus
834 3369 991 3430 Romanos
1012 3364 1180 3439 coniunxit,

195 3447 336 3526 Philippo
353 3450 393 3509 ad
403 3464 529 3508 munera
540 3449 611 3510 belli
623 3458 767 3513 revocato
778 3451 940 3513 Hieroclen
949 3446 1180 3529 Agrigentinum
