2600 4000
216 218 279 282 aso
355 217 470 280 umus
483 218 617 278 xxxvi.
639 217 722 277 cnr.
736 225 836 280 aaa.
857 217 980 293 [aaa.
993 219 1056 297 aar]

217 377 288 436 dam
301 373 465 434 habehant
496 372 599 447 itaque
614 368 795 446 praemissis
809 386 828 430 a
840 368 997 445 Philippo,
1020 367 1094 443 quia
1108 386 1201 447 spem

217 456 416 535 impetrabilis
426 453 537 517 veniae
548 454 760 529 ostendebant,
771 453 998 530 responderunt
1007 460 1114 528 patere
1125 471 1200 530 por-

217 551 264 604 las
284 540 359 618 regi.
388 541 427 601 ad
447 540 577 616 primum
597 537 665 599 eius
686 538 859 614 ingressum
879 536 1051 612 principum
1072 538 1200 614 quidam

217 625 291 689 urbe
307 630 517 696 excesserunt,
531 622 727 702 Eurylochus
742 627 870 682 mortem
884 620 942 682 sihi
953 621 1112 683 conscivit.
1134 624 1200 683 An-

217 709 309 772 tiochi
330 705 550 769 milites-sic
571 706 652 767 enim
668 706 749 781 pacti
764 711 903 765 erant-
913 720 970 779 per
982 704 1199 767 Macedoniam

217 793 437 867 Thraciamque
457 790 717 866 prosequentibus
731 788 968 862 Macedonibus,
988 804 1028 849 ne
1049 790 1118 864 quis
1141 807 1199 852 eos

218 876 355 949 violaret
365 875 591 954 Lysimachiam
602 872 726 935 deducti
736 880 816 933 sunt.
832 878 918 933 erant
928 879 959 933 et
969 888 1088 947 paucae
1100 887 1199 935 naves

217 958 424 1030 Demetriade,
448 957 560 1034 quibus
575 963 717 1033 praeerat
729 954 883 1019 isidoms=
912 970 969 1016 eae
984 972 1112 1032 quoque
1127 974 1198 1020 cum

217 1043 375 1119 praelecto
397 1059 455 1103 suo
477 1040 623 1103 dimissae
637 1047 717 1101 sunt
749 1039 823 1101 inde
836 1037 999 1115 Dolopiam
1013 1047 1044 1101 et
1056 1041 1198 1116 Aperan-

217 1125 289 1187 tiam
303 1134 334 1187 et
347 1124 548 1188 Perrhaebiae
566 1125 717 1202 quasdam
731 1124 868 1185 civitates
882 1122 1000 1199 recipit.

300 1209 434 1269 XXXIV.
456 1210 535 1270 Dum
548 1209 626 1270 haec
640 1207 810 1283 aPhilippo
824 1216 980 1283 geruntur,
993 1208 1026 1267 T.
1040 1207 1200 1282 Quinctius

217 1299 343 1368 recepta
353 1293 511 1370 Zacyntho
526 1293 565 1353 ab
575 1292 713 1353 Achaico
728 1291 858 1353 concilio
869 1292 1060 1366 Naupactum
1069 1292 1200 1368 traiecit,

219 1391 300 1452 quae
316 1375 376 1435 iam
398 1391 454 1450 per
474 1376 554 1437 duos
575 1376 821 1437 menses-sed
841 1376 902 1436 iam
921 1391 1022 1451 prope
1043 1373 1200 1436 excidium
1284 1423 1292 1433 .,

217 1468 335 1521 erat-
346 1460 596 1534 oppugnabatur,
617 1469 648 1520 et
668 1458 695 1518 si
709 1466 800 1533 capta
818 1458 848 1519 vi
863 1460 957 1534 toret,
978 1473 1069 1519 omne
1083 1475 1199 1520 nomen

217 1542 258 1604 ibi
272 1544 451 1605 Aetolorum
470 1542 510 1603 ad
524 1540 762 1602 internecionem
780 1542 941 1605 videbatur
953 1549 1125 1603 venturum.
1147 1559 1194 1604 ce
1289 1605 1290 1624 Σ

216 1635 314 1688 terum
336 1642 520 1702 quamquam
540 1625 646 1686 merito
664 1624 760 1686 iratus
774 1635 840 1687 erat
852 1626 987 1699 Aetolis,
1009 1628 1096 1702 quod
1110 1627 1198 1689 solos

219 1712 409 1773 obtrectasse
423 1711 538 1787 gloriae
553 1726 643 1781 suae,
666 1724 735 1770 cum
749 1708 892 1771 liberarat
905 1710 1071 1786 Graeciam,
1093 1712 1197 1771 memi-

219 1802 320 1871 nerat,
341 1806 372 1856 et
385 1795 459 1856 nibil
474 1793 653 1856 auctoritate
667 1810 725 1854 sua
738 1801 838 1854 motos
853 1809 941 1869 esse,
955 1810 1025 1855 cum
1039 1811 1121 1870 quae
1135 1803 1198 1856 tum

217 1878 349 1938 maxime
364 1878 551 1953 acciderant,
567 1894 678 1939 casura
693 1892 895 1952 praemonens
910 1893 929 1937 a
943 1878 1059 1940 furioso
1073 1876 1198 1954 incepto

219 1976 274 2023 aas
300 1961 481 2036 deterreret,
508 1971 606 2024 tamen
628 1960 676 2023 sui
697 1962 828 2023 maxime
848 1959 952 2038 operis
972 1978 1045 2024 esse
1065 1963 1197 2025 credens
1289 1999 1291 2013 ε

221 2044 334 2105 nullam
354 2054 476 2120 gentem
494 2046 639 2107 liberatae
660 2047 698 2106 nb
719 2062 755 2107 se
770 2046 916 2107 Graeciae
938 2047 1075 2108 lunditus
1090 2048 1197 2120 everti,

220 2128 417 2192 obambulare
431 2130 535 2205 muris,
550 2137 584 2190 ut
598 2131 688 2191 facile
698 2137 876 2192 nosceretur
889 2130 928 2190 ab
938 2129 1067 2203 Aetolis,
1084 2131 1199 2207 coepit

113 2220 116 2224 ⁴
219 2213 380 2275 confestim
393 2231 413 2275 a
426 2214 533 2289 primis
548 2212 729 2276 stationibus
745 2214 884 2289 cognitus
899 2222 961 2287 est,
976 2215 1199 2290 vulgatumque

218 2312 276 2372 par
290 2313 397 2360 omncs
413 2296 537 2359 ordines
548 2297 720 2372 Quinctium
733 2313 814 2358 esse.
835 2295 940 2373 itaque
950 2313 1105 2359 concursu
1116 2300 1198 2360 lacto

218 2379 357 2455 undique
370 2380 400 2440 in
416 2398 531 2452 muros,
547 2396 656 2441 manus
669 2398 727 2456 pro
742 2397 777 2441 se
789 2381 922 2458 quisque
935 2382 1107 2457 tendentes,
1124 2399 1199 2444 con·

219 2471 348 2524 sonante
363 2465 497 2523 clamore
511 2463 688 2523 nominatim
698 2462 868 2537 Quinctium
880 2480 978 2540 orare,
992 2473 1025 2527 ut
1034 2482 1126 2542 opem
1138 2469 1198 2527 ler-

217 2553 263 2605 ret
278 2561 314 2605 ac
329 2553 475 2606 servaret.
497 2552 527 2605 et
541 2554 603 2605 tum
617 2544 750 2620 quidem,
767 2563 950 2625 quamquam
963 2557 1139 2612 moveretur
1148 2550 1198 2612 his

218 2625 363 2701 vocibus,
385 2643 476 2687 manu
497 2635 597 2688 tamen
618 2629 724 2690 abnuit
745 2631 908 2707 quicquam
930 2633 999 2708 opis
1016 2632 1048 2694 in
1063 2651 1099 2695 se
1114 2650 1197 2696 esse.

218 2716 352 2770 ceterum
366 2718 531 2787 postquam
544 2713 585 2773 ad
600 2716 758 2775 consulem
770 2716 862 2791 venit,
877 2723 998 2790 „ulrum
1012 2716 1137 2779 leiellit“
1152 2718 1197 2779 in·
1290 2756 1291 2805 ,

219 2793 285 2868 quit
304 2801 368 2869 „te,
382 2794 432 2853 Μ’.
447 2796 540 2870 Acili,
562 2796 635 2872 quid
649 2805 771 2873 agatur,
792 2815 831 2859 an
846 2816 915 2860 cum
930 2800 1006 2862 satis
1021 2801 1197 2877 pervideas,
1290 2810 1291 2835 ¹

218 2874 291 2938 nibil
312 2876 344 2938 id
364 2894 551 2956 magnopere
571 2882 610 2942 ad
632 2899 781 2943 summam
795 2899 859 2943 rem
875 2883 1028 2960 publicam
1042 2883 1198 2961 pertinere

218 2968 370 3022 cansest“
393 2972 532 3025 erexerat
546 2965 778 3041 exspectatione
793 2968 967 3038 consulem;
991 2975 1022 3030 et
1035 2969 1130 3044 „quin
1143 2985 1197 3030 ex·

216 3042 354 3119 promis“
368 3046 466 3122 inquit
485 3047 578 3123 „quid
592 3048 637 3107 rei
651 3050 730 3111 sitt“
751 3059 815 3112 tum
829 3051 988 3125 Quinctius
1003 3052 1136 3128 „ecquid
1151 3054 1196 3113 vi-

217 3126 273 3187 des
295 3135 325 3188 te
340 3129 460 3191 devicto
475 3130 627 3192 Antiocho
645 3131 676 3192 in
691 3134 810 3194 duabus
827 3133 956 3196 urbibus
978 3136 1197 3212 oppugnandis

215 3217 338 3285 tempus
352 3220 464 3288 terere,
481 3231 550 3275 cum
565 3215 624 3274 iam
639 3232 739 3292 prope
753 3234 851 3279 annus
869 3218 1072 3281 circumactus
1086 3219 1197 3282 sitim

216 3293 295 3368 perii
309 3294 367 3367 tui;
387 3295 558 3373 Philippum
573 3305 683 3372 numm,
700 3300 827 3376 quinon
842 3302 948 3376 aciem,
965 3320 1029 3366 uon
1039 3303 1130 3379 signa
1139 3304 1197 3366 ho·

216 3377 306 3439 stium
323 3377 406 3453 vidit
421 3397 482 3442 non
498 3384 597 3442 solum
610 3384 703 3445 urbes
717 3386 774 3445 sed
789 3391 833 3446 tot
845 3384 906 3446 iam
919 3393 1036 3462 gentes,
1050 3387 1197 3451 Athama·

217 3460 296 3522 niam
307 3462 519 3524 Perrhaebiam
531 3466 727 3542 Aperantiam
738 3468 910 3544 Dolopiam,
923 3469 983 3532 sibi
993 3470 1198 3535 adiunxisset
