2600 4000
205 263 247 325 aa
352 256 582 318 LlBltaxxXl.
602 256 796 318 capuceo.
818 261 903 330 [nu.
916 264 1018 328 assa]

205 419 289 475 statu
300 426 486 472 mansurum.
507 406 638 484 Philippi
653 422 780 483 regnum
795 406 921 468 allicere
934 406 1052 483 aliquid
1067 405 1188 469 videtur

206 495 332 558 llbertati
359 502 498 555 vestrae:
528 492 580 568 qui
604 507 674 552 cum
687 490 794 553 merito
814 497 919 552 vestro
934 490 1026 551 vobis
1046 491 1187 554 intensus

205 588 304 655 esset,
325 577 400 639 nihil
420 574 542 638 anobis
562 576 641 636 ultra
662 591 753 651 quam
773 591 883 651 pacem
903 573 1006 650 petiit,
1030 575 1187 652 fidemque

204 663 297 726 hodie
313 661 399 739 pacis
415 668 523 739 pactae
538 657 703 720 desiderat.
725 657 915 720 adsuefacite
926 657 974 718 his
989 657 1079 720 terris
1092 658 1186 735 legio-

204 765 260 810 nes
276 756 429 820 externas
445 751 475 806 et
488 742 592 819 iugum
607 743 752 819 accipite:
774 758 845 804 sero
856 758 894 802 ac
905 740 1102 818 nequiquam,
1118 759 1188 805 cum

205 833 361 894 dominmn
376 832 549 890 Romanum
570 826 737 902 habebitiS,
759 826 878 888 socium
896 826 1071 902 Philippum
1093 844 1187 903 quae·
1297 878 1298 891 ,

204 914 287 978 retis.
324 914 454 975 Aetolos
474 912 656 972 Acarnanas
676 911 881 987 Macedonas,
902 910 1042 971 eiusdem
1050 911 1187 986 linguae

204 997 360 1073 homines,
381 998 466 1057 leves
488 995 528 1055 ad
547 1004 669 1070 tempus
691 1002 776 1056 ortae
791 1010 905 1055 causae
920 993 1099 1070 disiungunt
1113 1011 1187 1056 con·
1297 1066 1298 1073 ἵ

203 1083 408 1158 iunguntque:
445 1096 514 1145 cum
542 1077 737 1154 alienigenis,
767 1095 836 1139 cnm
862 1078 1001 1139 barbaris
1030 1087 1188 1141 aeternum
1297 1076 1298 1127 l

205 1165 346 1228 omnibus
363 1165 489 1225 Graecis
511 1164 623 1223 bellum
638 1171 687 1224 est
701 1162 829 1238 eritque.
866 1170 975 1223 natura
989 1162 1084 1238 enim,
1107 1178 1189 1239 quae

205 1256 354 1326 perpetua
368 1256 424 1324 est,
438 1265 501 1310 non
515 1245 712 1307 mutabilibus
724 1247 755 1306 in
771 1246 852 1307 diem
866 1245 970 1308 causis
985 1246 1092 1308 hostes
1106 1252 1188 1307 sunt.

205 1335 263 1396 sed
277 1334 359 1394 unde
374 1333 477 1409 coepit
492 1328 588 1393 oratio
604 1346 681 1405 mea,
696 1329 739 1390 ibi
754 1331 883 1392 desinet.
913 1331 974 1391 hoc
989 1332 1102 1393 eodem
1115 1332 1187 1392 loco

204 1419 286 1479 idem
310 1417 450 1479 homines
473 1417 512 1476 de
536 1414 676 1476 eiusdem
699 1413 829 1490 Philippi
854 1430 933 1491 pace
957 1414 1088 1476 triennio
1114 1423 1187 1476 ante

205 1499 402 1576 decrevistis,
427 1500 526 1561 isdem
545 1496 789 1573 improbantibus
810 1513 877 1558 eam
898 1515 1007 1575 pacem
1027 1499 1187 1573 Romanis,

205 1587 258 1663 qul
272 1601 352 1647 nunc
372 1591 494 1660 pactam
513 1590 545 1645 et
565 1582 767 1657 compositam
788 1583 912 1643 turbare
932 1585 1048 1645 volunt.
1077 1582 1189 1658 inqua

205 1670 428 1733 consultatione
445 1668 519 1728 nihil
536 1668 658 1728 fortuna
674 1666 824 1741 mutavit„
838 1683 892 1728 cur
909 1683 969 1729 vos
987 1667 1108 1728 mutetis
1124 1682 1188 1726 non

205 1755 326 1816 video.“
412 1770 415 1771 ’
639 1766 641 1773 ⁴

287 1838 378 1899 XXX.
401 1836 578 1898 Secundum
591 1835 780 1896 Macedonas
800 1832 879 1910 ipsis
892 1835 1040 1896 Romanis
1056 1834 1098 1895 ita
1112 1850 1187 1895 con-

206 1921 387 1983 cedentibus
407 1919 645 1994 iubentibusque
664 1918 888 1994 Athenienses,
914 1918 966 1994 qui
987 1920 1080 1980 loeda
1100 1918 1189 1993 passi

205 2007 315 2067 iustius
328 2005 360 2064 in
375 2004 584 2066 crudelitatem
595 2003 816 2078 saevitiamque
826 2003 909 2078 regis
920 2003 1024 2064 invehi
1034 2011 1187 2080 poterant,

205 2089 368 2151 introducti
379 2093 460 2150 sunt.
480 2089 719 2165 deploraverunt
728 2088 930 2149 vastationem
941 2089 1188 2164 populationem-

207 2190 267 2250 que
287 2173 493 2235 miserabilem
508 2188 661 2249 agrorum.
694 2189 796 2249 neque
809 2172 842 2232 id
857 2187 893 2231 se
908 2172 1011 2248 queri,
1032 2173 1117 2248 quod
1130 2172 1187 2233 ho-

206 2259 285 2320 stilia
306 2258 344 2318 ab
368 2259 458 2319 hoste
483 2257 569 2333 passi
595 2258 711 2327 lorent3
742 2272 815 2317 esse
839 2255 921 2316 enim
942 2256 1094 2332 quaedam
1113 2257 1187 2317 belli

205 2343 279 2417 iura,
296 2358 376 2419 quae
390 2348 424 2403 ut
438 2344 548 2416 lacere,
562 2342 604 2402 ita
617 2341 680 2415 pati
691 2340 731 2400 sit
741 2341 803 2399 las=
819 2346 886 2400 sata
896 2340 991 2413 exuri,
1007 2340 1086 2401 dirui
1097 2347 1187 2416 tecta,

206 2427 337 2502 praedas
358 2425 513 2486 hominum
534 2439 745 2498 pecorumque
766 2424 830 2498 agi,
852 2424 965 2484 misera
980 2423 1078 2499 magis
1094 2441 1188 2500 quarn

204 2510 330 2583 indigna
343 2508 468 2583 patienti
486 2522 572 2566 esse:
593 2522 702 2567 verum
716 2507 797 2566 enim
810 2522 885 2568 vero
897 2508 929 2568 id
941 2524 977 2568 se
989 2509 1086 2583 queri,
1102 2508 1188 2584 quod

204 2593 248 2666 is,
277 2592 330 2666 qui
349 2591 507 2652 Romanos
536 2589 724 2664 alienigenas
747 2588 778 2652 et
801 2591 950 2653 barbaros
975 2599 1081 2668 vocet,
1106 2592 1187 2655 adeo
1297 2647 1298 2668 ,

206 2672 309 2736 omnia
328 2675 417 2735 simul
439 2673 541 2734 divina
559 2672 754 2749 humanaque
773 2674 840 2735 iura
860 2676 1016 2751 polluerit,
1036 2684 1070 2737 ut
1083 2676 1189 2752 prlore
1297 2681 1298 2684 ’

205 2758 406 2835 populatione
421 2774 491 2818 cum
507 2756 634 2818 infernis
649 2758 731 2832 deis,
747 2759 886 2820 secunda
901 2776 970 2821 cum
985 2760 1107 2836 superis
1122 2760 1187 2821 bel·

205 2845 266 2904 lum
291 2843 439 2902 netarium
463 2842 603 2917 gesserit.
640 2843 742 2903 omnia
764 2845 907 2918 sepulcra
926 2851 1188 2920 monumentaque

206 2928 304 2987 diruta
319 2941 391 2987 esse
405 2927 436 2985 in
451 2926 563 2987 finibus
580 2926 662 3001 suis,
686 2927 819 2989 omnium
833 2928 966 2989 nudatos
979 2928 1102 3002 Manes,
1118 2927 1187 2988 nid·-

204 3012 264 3071 lius
285 3026 360 3071 ossa
380 3017 462 3071 terra
478 3010 549 3085 tegi.
583 3011 713 3072 delubra
726 3009 785 3073 sibi
800 3010 912 3085 luisse,
935 3027 1014 3088 qnae
1030 3012 1187 3087 quondam

205 3094 339 3171 pagatim
354 3094 525 3155 habitantes
540 3095 571 3154 in
585 3093 692 3170 parvis
706 3096 766 3155 illis
779 3096 913 3157 castellis
923 3096 1065 3171 vicisque
1076 3110 1185 3157 conse-

206 3184 289 3239 crata
310 3194 349 3238 ne
369 3179 400 3238 in
421 3194 513 3239 unam
533 3179 640 3239 urbem
663 3179 787 3255 quidem
807 3180 969 3241 contributi
990 3180 1123 3241 maiores
1139 3181 1187 3240 sui

205 3263 328 3322 deserta
346 3264 533 3339 reliquerint.
565 3262 698 3324 circaea
713 3263 814 3325 omnia
826 3265 940 3339 templa
953 3264 1128 3339 Philippum
1141 3264 1185 3324 in-

206 3347 302 3407 lestos
324 3346 544 3408 circumtulisse
564 3347 668 3421 ignes3
701 3354 838 3408 semusta
862 3355 1003 3409 truncata
1024 3349 1188 3408 simulacra

206 3430 297 3490 deum
317 3428 395 3491 inter
415 3437 587 3507 prostratos
605 3431 707 3492 iacere
721 3437 829 3506 postes
843 3432 1036 3508 templorum.
1064 3433 1187 3507 qualem

204 3525 316 3575 terram
330 3514 462 3575 Atticam
482 3514 601 3590 lecerit,
622 3521 801 3576 exornatam
823 3515 980 3590 quondam
995 3517 1186 3591 opulentam·
