2600 4000
219 236 282 300 tec
379 232 640 296 ureuuxmuv.
664 231 1045 310 reassumere]

215 387 335 449 tardum
349 382 440 445 etiam
455 392 571 444 trucem
585 397 659 443 esse
674 382 790 443 scimus
805 398 924 456 omnes,
938 398 1009 444 cum
1023 381 1145 458 ingenio
1158 383 1198 445 sit
1292 434 1293 437 ,

215 468 307 531 mitis.
348 483 419 528 nam
434 465 509 543 quid
523 465 647 528 tandem
662 465 735 527 uovi
755 473 913 527 matronae
935 466 1090 540 feceruut,
1112 469 1198 543 quod

215 555 394 628 trequentes
408 549 440 612 in
454 566 550 611 causa
563 549 605 610 ad
618 565 655 610 se
669 548 843 624 pertinente
857 550 888 610 in
902 547 1058 624 publicum
1069 567 1197 625 proces-

215 643 341 699 serumt
368 650 535 711 numquam
555 633 704 695 antehoc
719 641 841 709 tempus
855 631 888 693 iu
901 631 1027 708 publico
1042 651 1196 710 apparue-

214 727 305 784 mntt
319 728 388 782 tuas
398 716 556 780 'adversus
570 724 601 778 te
615 716 756 794 Origines
777 719 944 779 revolvam.
988 717 1098 794 accipe
1120 735 1197 796 quo-

213 804 295 869 tiens
309 804 342 865 id
356 802 495 875 iecerint
511 806 542 863 et
556 800 681 876 quidem
695 816 819 878 semper
833 801 916 864 bono
930 800 1066 879 publico.
1102 800 1163 863 iam
1177 820 1198 875 a
1294 836 1295 839 =

215 886 382 966 principio,
407 892 555 962 regnante
575 886 722 958 Romulo,
749 900 819 946 cum
840 883 990 961 capitolio
1012 886 1051 946 ab
1073 885 1197 947 Sabinis

215 980 305 1048 capto
321 969 423 1032 medio
438 969 469 1031 in
485 970 552 1032 iore
569 968 667 1045 signis
682 968 802 1031 collatis
814 967 1019 1044 dimicaretur,
1034 986 1138 1043 noune
1151 971 1197 1030 in-

215 1065 354 1121 tercursu
374 1062 579 1116 matronarum
601 1052 680 1115 inter
697 1052 783 1115 acies
797 1053 875 1114 duas
891 1053 1042 1129 proelium
1056 1054 1198 1115 sedatum

215 1145 285 1201 estt
309 1137 406 1213 quida
429 1136 556 1214 regibus
576 1136 695 1200 exactis
717 1153 787 1198 cum
805 1135 970 1198 duriciam
984 1136 1100 1199 Marcio
1116 1137 1196 1200 dirce
1227 1176 1232 1183 -

215 1221 560 1298 legionesvolseorum
581 1233 683 1282 castra
703 1221 744 1282 ad
764 1220 904 1297 quintum
924 1218 1058 1297 lapidem
1072 1219 1198 1299 posuis-

214 1313 292 1380 sent,
307 1322 411 1371 nonne
424 1304 457 1366 id
466 1321 586 1381 agmen,
603 1321 666 1380 quo
682 1305 791 1367 obruta
801 1305 879 1366 haec
890 1305 964 1366 urbs
976 1312 1071 1378 esset,
1085 1315 1198 1367 matro-

215 1407 273 1451 nae
292 1396 488 1451 averteruntr
510 1389 571 1449 iam
589 1389 667 1449 urbe
688 1396 778 1464 captu
791 1406 812 1450 a
826 1388 935 1462 Gallis,
962 1405 1025 1464 quo
1038 1389 1200 1465 redempta

98 1504 102 1512 ·
215 1475 289 1536 urbs
314 1479 383 1535 estl
405 1488 517 1548 nempe
536 1488 645 1533 aurum
665 1482 823 1534 matronae
840 1488 997 1534 consensu
1015 1471 1152 1535 omnium
1167 1472 1199 1533 in

172 1560 175 1565 '
216 1556 371 1635 publicum
385 1557 589 1619 contulerunt
632 1554 774 1631 proximo
788 1557 889 1629 bello,
914 1573 953 1618 ne
967 1555 1094 1632 antiqua
1105 1574 1199 1633 repe-

214 1654 285 1716 tam,
301 1657 404 1703 nonne
418 1647 450 1702 et
463 1657 534 1702 eum
547 1638 682 1716 pecunia
692 1655 773 1715 opus
790 1639 853 1712 luit,
869 1639 1032 1702 viduarum
1045 1640 1200 1717 pecuniae

214 1726 396 1788 adiuverunt
419 1724 585 1796 aerarium,
607 1731 639 1785 et
658 1739 729 1785 cum
751 1722 802 1785 dci
822 1741 949 1800 quoque
962 1725 1037 1785 novi
1050 1725 1091 1785 ad
1105 1741 1200 1801 opem

215 1811 372 1885 serendam
386 1809 489 1870 dubiis
502 1811 597 1871 rebus
610 1815 851 1882 arcesserentur,
864 1816 1022 1871 matronae
1033 1807 1200 1871 universae

192 1942 195 1949 .
214 1895 255 1956 ad
268 1910 352 1955 mare
367 1895 527 1968 proiectae
542 1900 615 1954 sunt
629 1891 671 1952 ad
684 1900 812 1954 matrem
822 1892 947 1953 Idaeam
961 1891 1200 1969 accipiendam?

181 2039 190 2045 ,,
215 1976 390 2049 dissimiles,
405 1974 519 2053 inquis,
534 1992 648 2038 causae
663 1983 743 2038 sunl.
772 1992 830 2039 nec
844 1975 920 2038 mihi
933 1993 1045 2040 causas
1060 1993 1199 2054 aequare

215 2060 408 2138 propositum
422 2069 484 2122 est:
499 2059 574 2122 nillil
587 2059 661 2123 novi
677 2062 789 2123 lactum
802 2077 934 2138 purgare
948 2059 1025 2124 satis
1036 2069 1093 2124 est
1114 2071 1198 2123 cete-

214 2164 280 2222 ram
293 2146 378 2223 quod
387 2143 420 2206 in
430 2146 523 2208 rebus
534 2146 575 2207 ad
586 2143 687 2208 omnis
701 2145 814 2222 pariter
824 2144 910 2207 viros
922 2145 1115 2222 feminasque
1126 2162 1199 2222 per-

214 2228 381 2293 tinentibus
396 2229 509 2293 iecisse
524 2246 579 2292 eas
593 2246 685 2293 nemo
700 2229 827 2292 miratus
842 2237 900 2300 est
915 2228 946 2290 in
961 2246 1058 2291 eausa
1070 2229 1200 2306 proprie

215 2311 1201 2392 adipsaspertinentemlramurtecisserquidautemlecemntr

215 2400 377 2474 superbas,
392 2414 441 2458 me
456 2397 527 2458 dius
541 2396 650 2468 fidius,
665 2411 757 2458 aures
772 2398 937 2469 habemus,
953 2396 982 2460 si
997 2414 1067 2460 oum
1081 2397 1200 2459 domim

214 2498 374 2543 servorum
389 2496 451 2541 non
472 2478 629 2540 fastidiant
643 2495 771 2555 preces,
795 2498 853 2543 nos
874 2482 977 2558 rogari
996 2483 1034 2542 ab
1055 2481 1200 2543 honestis

215 2553 335 2625 leminis
349 2561 552 2637 indignamur.
582 2564 635 2622 vl.
650 2562 742 2624 venio
757 2581 839 2625 nunc
853 2565 894 2626 ad
908 2564 940 2628 id
955 2567 994 2627 de
1010 2583 1072 2641 quo
1087 2565 1199 2642 egitur.
1294 2589 1295 2616 2

213 2646 244 2706 in
265 2662 326 2722 quo
347 2646 463 2721 duplex
484 2645 621 2708 consulis
638 2645 735 2712 oratio
757 2647 828 2709 luit:
854 2657 972 2711 namet
990 2651 1090 2726 legem
1104 2651 1200 2711 ullam

214 2728 339 2791 omnino
354 2726 497 2805 abrogari
510 2736 560 2790 est
573 2728 759 2806 indignatus,
773 2739 806 2793 et
819 2749 889 2794 earn
905 2731 1071 2809 praecipue
1086 2736 1199 2809 legem,

214 2830 294 2890 quae
307 2811 448 2875 lrrxuriae
461 2810 623 2876 muliebris
639 2817 831 2896 coercendae
845 2833 940 2890 cause
954 2819 1017 2879 lata
1030 2828 1125 2880 esset
1166 2828 1200 2880 et

212 2896 263 2957 illa
284 2896 455 2960 communis
476 2914 533 2975 pro
556 2896 678 2974 legibus
698 2898 767 2962 visa
781 2901 953 2964 considens
968 2901 1067 2964 oratio
1082 2910 1145 2973 cst,
1166 2910 1200 2962 et

213 2980 289 3042 llaec
303 2982 456 3043 adversus
474 2981 626 3043 luxuriam
648 2983 855 3046 severissimis
876 2983 1015 3046 moribus
1030 2983 1196 3047 convenie-

212 3066 272 3127 bat
306 3063 411 3142 itaque
427 3064 597 3141 periculum
616 3074 665 3131 est
681 3114 689 3141 ,
710 3066 771 3129 nisi
791 3067 914 3144 quid-in
929 3076 1061 3146 utraque
1075 3086 1111 3130 re
1124 3069 1200 3129 vani

211 3148 251 3211 sit
264 3149 471 3222 docuerimus,
486 3167 526 3212 ne
541 3150 612 3226 quis
626 3168 713 3213 error
727 3151 818 3213 vobis
830 3152 1016 3214 offundatur.
1040 3165 1100 3229 ego
1115 3151 1200 3214 enirn

212 3234 498 3309 quemadmodum
512 3251 553 3295 ex
572 3233 610 3296 iis
624 3234 762 3311 legibus,
785 3253 866 3312 quae
881 3254 941 3299 non
957 3236 988 3298 in
1002 3243 1127 3314 tempus
1142 3236 1199 3297 ali-

211 3317 296 3393 quod
307 3318 364 3379 sed
376 3326 542 3394 perpetuae
553 3317 691 3380 utilitatis
702 3336 799 3382 eausa
812 3319 844 3381 in
855 3329 1013 3383 aeternum
1025 3323 1106 3383 latae
1115 3329 1199 3395 sunt,

211 3402 323 3464 nullam
336 3401 478 3478 abrogari
493 3403 607 3464 debere
622 3404 736 3479 fateor,
757 3402 818 3466 nisi
842 3422 934 3480 quam
949 3414 1003 3467 aut
1016 3421 1094 3467 usus
1110 3420 1199 3466 coar-

210 3485 282 3560 guit,
295 3494 346 3547 aut
358 3494 456 3548 status
467 3486 579 3562 aliquis
594 3486 638 3548 rei
650 3486 794 3563 publicae
805 3487 945 3550 inutilem
960 3488 1042 3561 fecit,
1057 3486 1103 3550 sic
1118 3503 1199 3564 quas
