2600 4000
203 265 245 326 ss
363 262 478 322 umen
490 262 609 322 xxxu.
631 215 790 325 onnus
813 267 1010 335 [russeo

204 414 303 475 milins
327 413 461 488 Lepidus
482 421 513 473 et
536 414 587 474 Gn.
615 412 773 474 Cornelius
793 412 899 489 Scipio
924 414 1089 489 pontiliees
1115 416 1178 476 sul·

204 499 273 560 lecti
285 504 367 559 eunt

285 582 363 643 vlll
387 579 571 641 SeruAelius
582 578 694 641 Paetus
706 582 739 639 T.
748 580 905 654 Quinctius
913 581 1102 643 Flamininus
1116 599 1181 643 ma·

203 666 330 742 gistratu
338 665 417 739 ,inito
430 673 569 725 senatum
581 664 613 724 in
624 663 773 739 cnpitotio
788 681 857 724 oum
866 665 1057 740 habuissent,
1073 666 1180 727 decre

204 757 313 811 verunt
331 755 450 825 patres,
473 754 508 808 ut
526 748 702 823 provincias
721 747 934 808 Macedoniam
953 755 1045 825 utque
1062 750 1181 810 ltaliam

204 837 348 895 eonsules
369 836 582 906 compararent
596 832 675 892 inter
688 846 725 891 se
738 830 974 894 sortirenturve:
998 834 1057 894 utri
1072 848 1182 894 eorum

203 917 384 979 Macedonia
410 915 579 990 evenisset,
609 916 640 975 in
667 916 913 991 supplementum
938 916 1095 992 legionum
1123 915 1183 977 tria

203 1002 286 1062 milis
304 1000 430 1060 militum
441 999 648 1061 Romanorum
668 999 814 1060 scriberet
834 1007 865 1060 et
878 1007 1032 1062 trecentos
1050 1002 1182 1077 equites,

203 1087 275 1145 itam
296 1082 450 1144 sociorum
469 1091 501 1145 et
512 1083 610 1143 Latiru
631 1083 762 1143 nominis
784 1083 920 1159 quinque
935 1085 1019 1144 milia
1032 1085 1182 1160 peditum,

206 1169 388 1243 quingentos
402 1166 532 1243 equites.
562 1168 649 1228 alteri
663 1167 783 1230 consuli
795 1183 896 1228 novus
912 1168 1012 1229 omnis
1023 1169 1182 1230 exercitus

205 1252 357 1312 decretus.
379 1252 413 1311 L.
424 1251 552 1313 Lentulo
567 1252 680 1327 prioris
694 1252 765 1312 anni
780 1252 899 1312 oonsnli
913 1259 1112 1328 prorogatum
1125 1251 1182 1313 im-

205 1336 323 1412 perinm
337 1342 399 1410 est,
419 1336 594 1412 vetitusque
607 1342 660 1396 aut
672 1333 740 1410 ipse
754 1336 913 1410 provincia
926 1336 1080 1397 decedere
1094 1336 1195 1412 prius·

206 1426 257 1481 aut
273 1427 409 1479 ueterem
427 1419 582 1480 deducere
600 1418 782 1494 exereitum,
804 1436 896 1495 quam
916 1435 986 1481 enm
1006 1420 1182 1496 legionibus

205 1504 295 1565 novis
309 1505 418 1564 consul
431 1503 576 1566 venisset
608 1503 706 1566 sortiti
721 1503 865 1564 eonsules
880 1504 1072 1578 provincias:
1090 1504 1183 1567 Aelio

204 1589 298 1663 ltalia,
313 1588 451 1663 Quinctio
464 1588 647 1649 Macedonis
660 1587 769 1647 evenit
797 1594 957 1663 praetores
970 1589 1004 1648 L.
1021 1589 1183 1649 cornelius

204 1672 321 1734 Merula
333 1671 490 1745 urbanam,
506 1671 547 1731 Μ.
563 1672 707 1733 claudius
721 1669 864 1746 Siciliam,
876 1671 918 1731 Μ.
932 1671 1061 1733 Porcius
1077 1670 1183 1733 Sardi·

206 1759 294 1828 niam,
311 1756 342 1815 C.
352 1757 478 1817 Heluius
490 1755 616 1817 eduam
629 1763 679 1817 est
692 1754 826 1816 sortitus.
849 1756 979 1817 dilectus
992 1756 1064 1817 inde
1074 1756 1185 1816 haberi

205 1847 254 1902 est
268 1849 406 1917 coeptus.
437 1857 508 1900 nam
522 1847 642 1915 praeter
659 1841 838 1901 consulares
852 1841 1007 1901 exereitus
1022 1847 1184 1916 praetores

207 1940 332 2001 quoque
351 1924 429 1985 iussi
451 1924 584 1984 seribere
597 1923 707 1984 milites
721 1930 822 1984 erant=
842 1923 988 1984 Mareello
1001 1924 1033 1984 in
1048 1922 1184 1985 Siciliam

207 2015 348 2085 quattuor
361 2007 444 2069 milio
456 2006 592 2084 peditum
605 2009 723 2069 socium
734 2008 831 2070 Latini
842 2007 975 2069 nominis
986 2016 1017 2071 et
1025 2016 1184 2070 trecentos
1292 2022 1294 2031 ’

207 2093 341 2169 equites,
365 2092 471 2154 Catoni
492 2092 523 2151 in
539 2091 710 2153 Sardiniam
731 2108 770 2153 ex
792 2092 903 2153 eodem
923 2108 1038 2168 genere
1054 2091 1185 2153 militum

207 2179 269 2239 duo
289 2175 372 2238 milia
391 2178 541 2253 peditum,
563 2177 711 2239 ducentos
731 2177 866 2253 equites,
887 2176 1008 2237 itautii
1022 2185 1184 2252 praetores

206 2263 311 2337 ambo,
331 2278 401 2324 oum
420 2262 452 2322 in
472 2262 648 2337 provincias
669 2261 841 2332 venisseut,
863 2267 983 2321 veteres
999 2261 1184 2321 dimitterent

207 2347 326 2422 pedites
340 2347 530 2422 equitesque.

289 2430 381 2489 Attali
403 2429 514 2488 deinde
534 2426 618 2502 regis
639 2430 756 2502 legatos
775 2428 805 2487 in
820 2435 960 2489 senatum
975 2429 1122 2491 eonsules
1137 2428 1184 2488 in·

207 2513 416 2574 trodoxerunt
436 2512 574 2584 ‘iregem
588 2512 688 2571 olasse
703 2526 760 2572 sua
772 2511 934 2587 copiisque
948 2511 1092 2574 omuibus
1101 2519 1185 2574 terra
1293 2568 1294 2573 ,

207 2596 344 2670 marique
363 2608 428 2654 rem
442 2594 609 2654 Romanam
625 2593 746 2668 iuvere,
767 2610 910 2671 quaeque
922 2597 1109 2672 imperarent
1121 2596 1185 2656 Ro-

206 2677 287 2740 mani
307 2677 452 2739 consedes
465 2676 594 2753 impigre
607 2687 700 2754 atque
713 2678 891 2740 obedienter
904 2681 945 2739 ad
959 2696 1027 2741 eam
1043 2681 1124 2740 diem
1140 2680 1184 2740 le-

209 2764 290 2825 nisse
303 2779 372 2825 cum
385 2760 619 2837 exposuissent,
640 2764 740 2823 vereri
754 2763 904 2837 dixerunt,
925 2780 965 2824 ne
978 2765 1012 2825 id
1024 2771 1186 2840 praestare

208 2849 237 2908 ei
251 2863 307 2923 per
319 2847 504 2908 Antiuobum
523 2862 627 2921 regem
642 2848 722 2908 ultra
735 2863 796 2908 non
810 2847 929 2908 lioeret=
951 2865 1084 2910 vaenum
1098 2863 1184 2907 nam-

209 2947 270 3008 que
293 2931 456 3008 praesidiis
480 2931 640 2992 navalibns
661 2931 920 3008 terrestribusque
940 2947 1068 3007 regnum
1088 2931 1187 2992 Attali

207 3016 392 3078 Antiochum
410 3015 573 3076 invasisse.
606 3015 710 3092 itaque
723 3016 858 3078 Attalum
879 3031 970 3077 oraro
990 3023 1094 3091 patres
1109 3030 1185 3077 eon-

209 3100 356 3176 scriptos,
379 3101 406 3162 si
420 3116 478 3162 sua
491 3099 584 3160 classi
598 3115 717 3176 suaque
731 3116 827 3176 opera
840 3100 883 3161 uti
898 3100 937 3160 ad
949 3098 1186 3163 ltluoedonioum

207 3184 321 3245 bellum
333 3186 461 3259 vellent,
482 3183 631 3244 mitterent
643 3184 705 3259 ipsi
720 3185 905 3259 praesidium
919 3184 960 3245 ad
973 3199 1101 3259 regnum
1115 3183 1185 3244 eius

209 3270 379 3330 tutandum:
410 3268 437 3329 si
450 3268 483 3329 id
503 3267 632 3343 nollent,
656 3269 757 3343 ipsum
780 3269 819 3329 ad
833 3285 890 3330 sua
904 3269 1099 3329 defendenda
1112 3283 1186 3328 oum

209 3355 310 3415 olasse
324 3369 362 3414 ao
373 3350 500 3429 reliquis
512 3351 609 3428 copiis
619 3353 721 3413 redire
733 3359 914 3427 paterentur.
935 3359 1061 3414 senatus
1073 3349 1185 3426 legatis
1293 3360 1294 3371 ¹

208 3435 251 3498 ita
264 3435 446 3513 responderi
465 3436 570 3498 inssit=
603 3437 687 3513 quod
700 3452 756 3497 rex
769 3438 887 3498 Attalus
903 3439 1004 3498 classe
1018 3437 1186 3512 copiisque

210 3523 277 3584 aliis
304 3523 398 3584 duoes
412 3524 567 3583 Romanos
592 3521 735 3592 iuvisset,
760 3519 792 3580 id
813 3527 930 3593 gratum
953 3521 1072 3582 senatui
1093 3535 1185 3581 esses
