2600 4000
287 228 402 290 LIBER
415 228 551 290 ΧΧΧΝ.’
571 229 655 291 cAP.
670 237 713 292 ao.
729 242 770 293 11.
792 231 821 308 [a
846 237 880 291 o.
894 236 957 297 aest
1050 233 1114 300 135

126 380 280 460 Hispania
290 397 363 443 cuna
376 379 533 457 praesidio
548 397 606 443 sex
620 379 750 454 mitum,
759 382 838 445 dato
854 383 893 445 eb
907 385 967 458 Ap.
983 385 1112 450 claudio

127 477 290 545 praetore,
312 465 455 527 Celtiberi
478 465 600 541 agmine
624 464 743 539 ingenti
760 466 801 526 ad
821 464 971 541 aonidum
995 464 1111 547 iliturgi

127 559 337 614 occurrerunt.
379 548 486 625 viginti
513 547 596 610 milia
623 556 812 611 armatorum
839 549 938 613 inisse
966 553 1110 614 Valerius

126 634 251 703 scribit;
277 633 442 695 duodecim
461 632 545 694 milis
564 632 664 696 exiis
686 649 800 707 cama„
825 632 977 711 oppidum
995 635 1110 713 Iliturgi

119 716 304 794 receptnm,
321 725 352 778 et
372 718 508 792 puberes
522 716 623 779 omnis
636 716 828 780 interiectos
866 717 944 781 inde.
953 719 995 780 ad
1009 728 1120 799 efflue,

127 801 252 864 catonis
271 800 400 862 Helvius
421 801 578 876 pervenit,
604 809 635 864 et
656 800 729 877 quia
750 807 815 864 tuto
834 800 896 864 iana
915 802 960 863 eb.
969 801 1110 869 hostibus

124 885 212 962 regio
228 894 303 958 erat,
318 883 475 960 praesidio
486 885 518 945 in
529 883 707 947 ulteriorem
715 883 898 961 anaumn
909 885 1109 949 remissoRo-
1138 951 1140 955 ,
1175 931 1178 936 -

125 986 207 1031 nram
226 977 275 1031 est
295 969 469 1044 proiectas,
491 977 522 1031 et
535 970 575 1030 ob
589 985 655 1030 rem
670 968 799 1031 feliciter
811 977 932 1044 gestam
945 987 1043 1033 ovans
1059 989 1108 1033 ur·

125 1055 196 1115 bem
211 1061 259 1116 est
272 1051 445 1125 ingressus.
467 1051 585 1127 ementi
595 1051 701 1114 iniecti
712 1051 822 1116 tulitin
835 1053 986 1117 aerarium
1000 1056 1109 1119 decem

125 1146 271 1214 quattuor
284 1134 368 1200 milia
382 1136 488 1212 pondo
503 1136 700 1216 septingenta·
711 1135 833 1212 triginta
846 1139 926 1216 duo,
946 1146 980 1201 et
997 1138 1109 1215 signati

124 1222 298 1297 bigatorum
310 1218 524 1295 septendecim
537 1219 621 1282 mitia
633 1219 742 1296 viginti
756 1220 828 1295 tria,
851 1230 882 1283 et
896 1221 1043 1285 Oscensis
1057 1241 1106 1289 ar·

124 1304 209 1381 genti
228 1311 355 1366 centurn
378 1302 566 1380 undeviginti
586 1303 670 1366 milia
686 1304 928 1382 quadringentos
947 1307 1096 1383 undeque

125 1388 275 1465 &agisne
296 1403 393 1449 eausa
402 1387 549 1464 tnunpru
558 1387 692 1465 negandi
703 1388 824 1453 senatui
838 1389 897 1452 fnit
906 1391 991 1465 quod
1004 1391 1105 1456 alieno

124 1471 267 1548 euspicio
282 1479 313 1533 et
326 1471 359 1533 ia
372 1472 473 1535 atiena
486 1472 649 1548 provincia
662 1481 844 1553 onerasset
872 1482 1007 1539 ceterum
1021 1476 1105 1537 bien·

125 1555 179 1617 nio
201 1563 272 1633 post
291 1556 439 1631 redierat,
461 1573 531 1619 curn
551 1557 713 1634 provincia
728 1557 955 1631 successorio.
969 1558 1123 1633 Minucio,
1168 1598 1171 1604 ,

124 1639 241 1701 tradita.
255 1657 369 1703 annum
388 1641 603 1718 insequentem
627 1649 766 1706 retentus
790 1639 834 1703 ibi
853 1643 947 1716 longo
969 1648 1000 1703 et
1019 1638 1106 1716 gravi

124 1721 235 1786 inisset
248 1725 368 1787 rnorba
408 1725 513 1803 itaque
527 1727 651 1789 duobus
664 1725 760 1787 ruodo
772 1722 932 1786 mensibus
947 1732 1019 1787 ante
1034 1726 1114 1788 Hei>

124 1808 193 1870 vius
209 1825 307 1871 oveas
321 1810 430 1871 urbem
443 1817 492 1872 est
503 1809 682 1885 ingressae,
700 1825 792 1886 quana
806 1822 974 1870 successor
988 1807 1055 1871 eius
1071 1809 1106 1884 Q.

121 1891 275 1955 biinucius
289 1892 499 1968 triumpharet.
521 1893 572 1955 bic
584 1892 789 1970 quoquotulit
801 1891 919 1969 argenti
933 1893 1039 1969 pondo
1053 1894 1104 1956 tri·
1186 1921 1189 1927 ·

121 1976 206 2054 ginta
213 1985 357 2054 quattuor
367 1974 452 2037 milia
461 1975 645 2052 octingenta,
655 1976 829 2054 bigatorum
843 1978 1039 2055 septuaginta
1048 1978 1105 2041 tria

121 2061 215 2133 mitia,
230 2069 263 2121 et
276 2057 425 2122 Oscensis
438 2059 558 2134 argenti
572 2059 916 2137 ducentaseptueginte
930 2070 1000 2123 octo
1011 2062 1104 2124 mitia

111 2215 114 2220 ¹
205 2144 256 2203 xl.
278 2144 313 2202 ln
327 2139 477 2216 Hispania
490 2140 612 2203 interim
630 2144 740 2205 consul
760 2144 846 2204 heud
863 2146 973 2219 procul
992 2145 1104 2219 umpa-

119 2225 179 2287 rds
193 2231 296 2287 castra
315 2222 459 2287 habebat
503 2241 541 2287 eo
561 2223 655 2301 legati
669 2233 733 2287 tres
754 2227 793 2288 ab
813 2226 977 2302 Ilergetum
996 2230 1105 2302 regulo

118 2307 284 2385 Bilistage,
305 2307 465 2386 inquibus
479 2324 561 2371 unus
574 2307 658 2375 fliius
673 2308 740 2371 eius
755 2318 835 2383 erat,
849 2316 1013 2384 venerunt,
1029 2326 1102 2387 que·

119 2401 226 2455 rentes
241 2394 369 2455 castciie
382 2409 443 2456 sua
455 2393 644 2471 oppugnari,
667 2409 725 2456 nec
746 2410 835 2470 spem
854 2394 950 2456 ullam
969 2410 1042 2458 esse
1055 2411 1112 2472 re«¹

121 2475 269 2552 sistendi,
293 2475 354 2539 nisi
375 2477 564 2554 praesidium
583 2480 743 2541 Romanus
764 2476 915 2540 misisset:
941 2477 1000 2541 tria
1019 2480 1104 2563 mitra

119 2559 249 2623 miiitum
262 2560 338 2623 satis
353 2577 441 2634 esse;
462 2579 520 2632 nec
534 2561 650 2637 hostis,
670 2561 698 2624 si
719 2570 802 2626 tenta
821 2579 933 2625 manus
955 2562 1104 2640 venisset,

120 2661 294 2707 mansuros.
336 2646 377 2706 ad
397 2663 436 2707 ea
456 2648 565 2715 consid
578 2646 698 2708 moveri
713 2647 837 2723 quidem
851 2663 887 2709 se
900 2649 950 2710 vel
964 2647 1104 2724 periculo

120 2745 229 2789 eorum
241 2731 291 2790 vei
305 2737 389 2791 metu
403 2728 521 2791 dicere:
543 2730 600 2792 sed
621 2730 681 2792 sibi
700 2747 900 2807 nequequam
920 2739 1036 2794 tantum
1051 2749 1103 2794 co-

102 2833 105 2838 >
119 2810 241 2889 piarum
255 2829 338 2887 esse,
350 2820 393 2886 ut,
409 2830 479 2875 cunr
492 2829 603 2889 magna
617 2814 666 2878 vis
679 2815 815 2877 hostiurn
828 2815 912 2876 baud
926 2819 1035 2893 procul
1049 2816 1102 2882 ttb·

119 2894 177 2969 sit,
196 2905 228 2957 et
247 2913 339 2972 quana
358 2908 433 2958 mox
453 2896 551 2973 signis
572 2897 692 2960 cedatis
713 2897 920 2961 dimicandum
935 2899 975 2962 sit
987 2900 1019 2962 in
1034 2899 1102 2962 dies

119 2987 290 3055 exspectet,
301 2980 468 3042 dividendo
480 2981 649 3044 exercitum
659 2981 797 3044 minuere
808 2989 872 3046 tuto
888 2981 971 3045 vires
982 2991 1102 3061 posset.

118 3062 212 3138 iegati
225 3062 280 3124 ubi
292 3063 370 3125 baec
384 3064 576 3139 audiverunt,
586 3064 698 3128 flentes
710 3067 752 3128 ad
763 3083 866 3143 genua
876 3067 1014 3132 consulis
1030 3085 1101 3145 pro·

118 3148 294 3221 volvuntur,
309 3158 406 3220 orent,
421 3166 461 3210 ne
475 3165 511 3211 se
526 3148 557 3211 in
567 3151 662 3212 rebus
673 3150 876 3226 tamtrepidis
889 3152 1021 3214 deserat.
1038 3167 1101 3228 quo

118 3230 265 3304 enimse,
280 3232 428 3306 reptdsos'
440 3232 479 3293 eb
492 3232 656 3307 Romanis,
677 3232 796 3297 iturust
816 3236 919 3298 nullos
934 3252 969 3297 se
984 3234 1100 3309 socios,
1150 3284 1156 3292 .

117 3312 194 3374 nihil
207 3331 341 3390 usqum
354 3314 386 3375 in
400 3315 489 3377 terris
501 3316 585 3378 aliud
599 3316 668 3392 spei
687 3318 812 3379 habere.
840 3318 981 3394 potuisse
993 3334 1030 3398 se
1046 3335 1099 3380 exe

116 3406 165 3459 tra
179 3398 212 3459 id
226 3397 397 3473 periculum
411 3415 492 3473 esse,
507 3399 534 3461 si
549 3400 702 3462 decedere
716 3402 794 3476 fide,
809 3401 837 3463 si
851 3402 1012 3464 coniurare
1027 3417 1098 3462 caru

116 3481 230 3542 ceteris
245 3481 425 3543 voluissent.
447 3483 538 3545 nullis
553 3482 653 3554 minis,
676 3484 768 3546 nuliis
778 3485 929 3547 terriculis
944 3501 979 3545 se
994 3498 1098 3546 motos
