2600 4000
200 281 261 370 ao„
365 280 597 340 nmcaxxxt.
621 281 758 341 cnam
773 288 816 341 n.
839 285 1038 353 [apaan]

200 433 321 510 agoniae
335 431 470 494 hostium
484 433 642 505 viderunt,
664 433 845 508 priusquam
859 431 1072 506 experirentur
1086 439 1184 492 certa·

199 534 285 592 men,
306 523 389 578 metu
403 518 433 577 in
449 516 634 578 deditionem
649 523 807 577 venerunt.
836 515 874 576 ab
890 515 1009 576 Celetro
1024 515 1055 575 in
1068 516 1183 576 Dassa

199 602 294 664 rados
315 602 485 677 processit,
506 601 675 676 urbemque
689 599 794 660 Pelion
808 599 840 658 vi
855 599 946 674 cepit.
974 599 1099 661 servitia
1112 598 1185 659 inde

201 702 271 746 cum
292 693 394 746 cetera
414 684 533 760 praeda
552 684 692 758 abduxit,
714 690 744 744 et
762 683 860 743 libera
879 683 981 757 capita
1001 683 1070 743 sine
1085 682 1185 758 pretio

201 768 329 844 dimisit,
352 768 563 844 oppidumque
576 768 614 827 iis
628 767 777 842 reddidit,
793 766 949 841 praesidio
965 767 1068 827 valido
1085 766 1184 841 impo-

201 854 276 914 sito:
297 854 368 913 nani
388 857 418 912 et
438 851 497 911 sita
518 858 691 926 opportune
704 850 779 911 urbs
794 855 860 910 erat
872 850 913 910 ad
927 850 1060 925 impetus
1074 851 1105 909 in
1119 849 1185 910 Ma·

203 936 363 997 cedoniam
385 933 554 995 iaciendos.
587 935 628 995 ita
642 933 814 1009 peragratis
828 932 963 994 hostium
977 934 1060 1008 agris
1075 935 1185 994 consul

201 1020 232 1079 in
247 1020 317 1078 loca
337 1024 448 1093 pacata
466 1018 507 1076 ad
527 1018 738 1093 Apolloniam,
759 1018 841 1078 unde
862 1033 954 1079 orsus
974 1015 1090 1078 bellurn
1110 1024 1186 1090 erat,

203 1101 311 1178 copias
325 1101 456 1161 reduxit.

284 1184 459 1260 Philippum
483 1190 656 1245 averterant
675 1185 777 1245 Aetoli
803 1190 833 1245 et
852 1183 1040 1244 Athamanes
1061 1189 1092 1244 et
1110 1184 1186 1244 Dar·

202 1268 274 1329 dani
289 1276 319 1329 et
331 1272 377 1328 tot
389 1268 470 1328 bella
483 1273 610 1342 repente
625 1268 684 1327 alia
698 1284 739 1328 ex
754 1268 821 1328 aliis
835 1267 913 1328 locis
928 1274 1046 1328 exorta.
1073 1268 1185 1328 adver·

204 1369 259 1413 sus
275 1352 452 1425 Dardanos,
471 1351 531 1411 iam
545 1350 729 1426 recipientes
745 1367 785 1411 ex
798 1351 982 1412 Macedonia
994 1366 1076 1426 sese,
1090 1350 1186 1411 Atbe·

202 1450 339 1511 nagoran
362 1451 431 1495 cum
452 1434 606 1510 expeditis
629 1435 784 1509 peditibus
805 1451 842 1495 ac
856 1436 972 1497 maiore
993 1440 1080 1511 parte
1100 1434 1186 1511 equi·

201 1525 282 1581 tatus
294 1518 383 1594 misit,
390 1519 511 1580 iussum
520 1518 634 1579 instare
642 1518 681 1578 ab
691 1523 778 1593 tergo
791 1519 983 1593 abeuntibus,
991 1519 1187 1594 etcarpendo

203 1610 394 1680 postremum
410 1618 520 1678 agmen
533 1602 694 1678 segniores
708 1617 764 1662 eos
780 1602 821 1662 ad
834 1599 1005 1664 movendos
1024 1601 1117 1664 domo
1133 1618 1187 1662 ex·

202 1687 315 1748 arcitus
335 1687 469 1748 ellicere.
501 1686 630 1747 Aetolos
644 1685 838 1747 Damocritus
852 1693 992 1761 praetor,
1014 1687 1066 1762 qui
1080 1701 1188 1747 morae

203 1771 243 1831 ad
271 1771 500 1846 decernendum
526 1771 638 1830 bellum
665 1770 705 1829 ad
728 1771 920 1845 Naupactum
944 1776 1052 1833 auctor
1077 1770 1187 1844 luerat,

202 1854 283 1913 idem
305 1854 447 1928 proximo
469 1854 599 1914 concilio
621 1854 662 1914 ad
683 1869 768 1913 arma
789 1854 964 1914 conciverat
983 1859 1056 1929 post
1074 1854 1188 1913 lamam

202 1937 357 2011 equestris
373 1938 413 1996 ad
430 1935 604 1998 Ottolobum
617 1952 750 2013 pugnae,
765 1936 1040 2014 Dardanorumque
1058 1943 1089 1997 et
1097 1937 1187 1998 Pleu-

201 2021 260 2080 rati
275 2035 343 2079 cum
357 2020 470 2099 Illyriis
484 2021 644 2081 transitum
657 2020 689 2081 in
703 2021 924 2097 Macedoniam,
945 2023 986 2084 ad
999 2022 1060 2084 hoc
1074 2021 1187 2083 classis

202 2104 359 2165 Romanae
373 2104 538 2165 adventum
553 2103 674 2181 Oreum,
692 2111 723 2166 et
737 2122 832 2181 super
846 2106 1048 2167 circumfusas
1063 2111 1108 2166 tot
1121 2104 1187 2166 Ma-

203 2187 352 2248 cedoniae
363 2192 471 2262 gentes
482 2189 662 2251 maritimam
675 2205 799 2266 quoque
811 2191 974 2251 instantem
981 2189 1186 2251 obsidionem.

202 2271 277 2331 XLI.
299 2270 358 2332 hnc
374 2287 487 2333 causae
497 2273 705 2335 Damocritum
714 2273 906 2349 Aetolosque
918 2274 1114 2335 restituerant
1123 2275 1186 2335 Ro-

201 2353 317 2425 manis;
340 2361 371 2416 et
381 2356 581 2435 Annynandro
595 2372 670 2431 rege
680 2357 884 2418 Athamanum
898 2357 1041 2418 adiuncto
1056 2357 1188 2433 proiecti

203 2438 375 2499 Cercinium
396 2439 557 2499 obsedere.
592 2440 766 2499 clauserant
784 2447 904 2517 portas,
926 2441 1075 2503 incertum
1094 2441 1125 2500 vi
1145 2456 1187 2501 an

201 2523 373 2595 voluntate,
403 2521 475 2596 quia
498 2521 616 2595 regium
642 2521 795 2583 habebant
818 2524 1017 2599 praesidium.
1052 2530 1187 2586 ceterum

203 2605 282 2663 intra
302 2618 419 2678 paucos
435 2604 502 2663 dies
518 2610 639 2680 captum
655 2613 703 2665 est
717 2604 887 2669 Cercinium
901 2615 994 2684 atque
1008 2608 1185 2680 incensum

203 2687 255 2761 qui
282 2687 500 2761 superfuerunt
514 2702 531 2746 e
544 2703 657 2762 magna
682 2688 784 2762 clade,
810 2690 898 2752 liberi
923 2693 1083 2769 servique,
1106 2692 1188 2753 inter

203 2775 336 2830 ceteram
356 2770 502 2845 praedam
522 2771 655 2833 abducti.
687 2772 714 2833 is
729 2774 820 2836 timor
833 2776 932 2836 omnis
948 2777 1000 2852 qui
1015 2776 1184 2837 circumco-

201 2854 268 2913 lunt
278 2853 404 2914 Boeben
417 2854 560 2930 paludem
569 2856 683 2917 relictis
695 2857 822 2919 urbibus
833 2860 945 2920 montis
957 2858 1058 2935 coegit
1068 2865 1183 2936 petere.

202 2936 304 2997 Aetoli
319 2936 425 3013 inopia
438 2940 573 3013 praedae
588 2940 659 3000 inde
673 2942 775 3002 aversi
790 2942 820 3002 in
830 2931 1045 3004 Perrhaebiam
1056 2944 1101 3004 ire
1113 2958 1185 3019 per·

202 3026 286 3094 gunt.
311 3020 448 3100 Cyretias
463 3023 505 3083 ibi
519 3024 549 3084 vi
565 3024 690 3099 capiunt
703 3025 858 3103 loedeque
871 3027 1032 3103 diripiunt;
1056 3027 1108 3104 qui
1119 3026 1185 3087 ma-

203 3104 303 3165 loeatn
329 3105 466 3167 incolunt
489 3109 644 3169 voluntate
672 3108 704 3168 in
732 3109 917 3172 deditionem
942 3112 1187 3187 societatemque

202 3188 330 3264 accepti.
353 3205 392 3250 ex
406 3189 589 3252 Perrhaebia
604 3193 762 3269 Gomphos
778 3195 902 3270 petendi
914 3195 1116 3274 Amynander
1130 3211 1185 3257 au·
1297 3221 1298 3234 ¹

203 3276 360 3334 clareret:
383 3281 414 3335 ct
427 3274 561 3336 imminet
573 3276 756 3337 Athamania
769 3278 840 3339 huic
854 3279 937 3354 urbi,
959 3279 1185 3355 videbaturque

203 3358 372 3429 expugnari
393 3358 460 3419 sine
480 3375 591 3435 magno
614 3361 777 3422 certamine
797 3379 904 3438 posse.
936 3363 1038 3424 Aetoli
1053 3379 1183 3438 campos

201 3437 378 3501 Thessaliae
399 3442 519 3517 opimos
539 3445 579 3504 ad
599 3445 746 3520 praedam
760 3447 875 3521 petiere
890 3455 1054 3524 sequente,
1076 3463 1183 3524 quam-

204 3537 293 3597 quam
307 3540 369 3585 non
383 3527 533 3602 probante
544 3528 746 3607 Amynandro
761 3544 819 3590 neo
833 3530 950 3592 effosas
962 3532 1183 3607 populationes
