2600 4000
142 281 144 284 ,
177 226 238 293 aas
316 224 1011 302 amaaxxxvr.cnr.1s.1r.p.u.0.ssq

176 381 282 455 etiarn,
305 395 431 458 quares
447 379 636 455 postulabat,
659 393 698 438 ex
712 379 806 439 multa
820 377 909 454 copia
923 377 1040 453 passim
1053 375 1159 439 iacere·-

177 465 250 529 tiutn
269 463 405 541 lapidum
423 462 630 540 permunisset
643 462 761 537 omnia,
784 461 858 523 satis
874 461 973 523 lidons
988 477 1161 537 numquam

176 565 215 611 ea
231 548 292 610 vim
306 550 476 610 Romanum
497 544 664 609 exercitum
686 546 850 620 iacturum,
870 545 997 606 Aetolos
1013 560 1053 606 ex
1068 552 1157 621 quat·

176 641 247 696 tuor
266 631 389 694 milibus
399 660 443 673 -
453 636 498 693 tot
517 631 598 692 enim
613 636 873 691 convenerant—
884 627 992 705 partim
1006 628 1047 688 ad
1060 628 1158 691 Hora-

177 718 275 780 clcam
286 713 442 794 pracsidio
454 712 659 789 obtinendam,
667 728 747 789 quae
758 720 829 775 ante
839 712 925 789 ipsas
936 713 1042 773 lauces
1055 712 1160 789 posita

178 808 235 877 est,
248 799 358 877 partim
368 799 521 877 Hypatam
532 797 628 873 mittit,
640 798 855 859 etlieracleam
866 795 949 857 haud
960 796 1071 857 dubius
1082 812 1158 858 con-

179 887 278 946 sulem
303 890 565 961 oppugnaturum,
591 888 621 942 et
640 880 701 943 iam
720 881 821 942 multis
847 877 1053 942 nuntiantibus
1074 878 1158 940 circa

178 969 332 1048 Hypatam
354 965 456 1027 omnia
475 963 616 1028 evastari.
651 964 761 1027 consul
782 963 986 1040 depopulatus
999 963 1157 1042 Hypaton-

179 1067 245 1113 sem
259 1049 368 1126 primo,
383 1049 494 1110 deinde
505 1050 741 1111 Heracleensem
756 1063 871 1125 agrum,
885 1043 983 1109 inutili
993 1045 1159 1123 utrobique

179 1133 292 1195 auxilio
306 1133 501 1208 Aetolorum,
520 1133 550 1193 in
565 1131 643 1209 ipsis
660 1130 800 1194 faucibus
814 1131 1028 1209 properantes
1043 1129 1158 1191 calida·

178 1233 246 1278 rum
266 1232 415 1291 aquarum
434 1218 585 1279 adversus
599 1232 704 1292 regem
719 1224 819 1278 castra
832 1213 945 1292 posuit.
977 1214 1160 1276 Aetolorum

179 1309 329 1377 utraeque
343 1315 453 1361 manus
464 1301 643 1363 Heracleam
658 1315 730 1361 sese
744 1298 939 1361 incluserunt.
961 1295 1159 1373 Antiochum,

179 1384 244 1458 oui,
267 1382 448 1459 priusquam
469 1383 588 1445 hostem
604 1391 757 1460 ccmerot,
778 1383 853 1445 satis
868 1379 970 1444 omnia
984 1382 1155 1458 permunita

178 1474 209 1529 et
222 1465 386 1544 praesidiis
401 1467 550 1542 obsaepta
563 1465 756 1543 videbantur,
770 1466 860 1529 timor
874 1464 1010 1542 incessit
1025 1482 1157 1542 nequas

179 1567 236 1629 per
249 1549 436 1614 imminentia
455 1550 526 1625 iuga
547 1550 639 1610 callos
654 1550 804 1612 inveniret
818 1551 856 1611 ad
872 1548 1031 1612 transitum
1044 1551 1156 1612 Roma·

180 1653 254 1698 nus:
276 1652 347 1696 nam
361 1643 393 1697 et
401 1631 662 1696 Lacedaemonios
678 1635 832 1710 quondam
846 1633 888 1696 ita
901 1633 1032 1695 aPersis
1048 1629 1153 1694 circui·

181 1730 229 1782 tos
251 1722 332 1781 lama
352 1727 431 1794 erat,
456 1726 488 1781 et
506 1733 605 1794 uupcr
623 1716 796 1794 Philippum
817 1718 856 1778 ab
876 1719 986 1779 iisdem
998 1715 1156 1779 Romanis.

180 1802 284 1879 itaque
297 1803 434 1865 nuntium
448 1802 627 1865 Heracleam
640 1802 682 1862 ad
694 1803 824 1863 Aetolos
838 1799 940 1877 mittit,
955 1809 989 1864 ut
1001 1801 1082 1862 hanc
1095 1802 1157 1861 sal-

179 1894 239 1948 tem
260 1886 318 1948 sibi
340 1901 465 1963 operam
486 1903 524 1946 eo
545 1885 625 1948 bello
647 1893 853 1962 praestarent,
873 1892 907 1947 ut
928 1884 1059 1948 vertices
1074 1885 1155 1945 circa

180 1968 325 2031 montium
342 1978 530 2046 occuparent
544 1968 797 2047 obsiderentque‚
820 1986 860 2033 nc
876 1985 937 2046 qua
950 1968 1081 2032 transire
1094 1968 1154 2031 Ro·

179 2054 259 2116 mani
280 2061 418 2130 possent
443 2054 503 2116 hoc
523 2054 628 2116 nuntio
649 2055 753 2123 audito
768 2053 922 2116 dissensio
936 2053 1159 2118 interAetolos

179 2144 246 2200 crta
259 2144 315 2200 est.
337 2155 410 2215 pars
423 2136 552 2216 imperio
564 2140 734 2215 parendum
742 2137 826 2214 regis
837 2145 929 2214 atque
940 2139 1074 2201 cundum
1085 2153 1157 2199 ocn-

179 2223 298 2299 sebant,
319 2239 392 2299 pars
408 2222 637 2285 subsistendum
650 2223 872 2284 Heracleaaad
886 2229 1047 2299 utramque
1061 2223 1156 2284 lortu·

135 2306 137 2309 ’
179 2321 264 2381 narn,
290 2314 324 2369 ut
343 2306 530 2379 sive-victus
550 2306 589 2366 ah
610 2308 739 2369 consule
758 2321 814 2368 rex
834 2313 932 2380 esset,
957 2304 988 2367 in
1010 2303 1157 2381 expedito

179 2388 327 2450 haberent
347 2387 480 2465 integras
501 2387 608 2463 copias
628 2389 669 2449 ad
683 2404 775 2474 opem
794 2387 978 2466 propinquis
998 2389 1156 2451 ferendam

179 2470 352 2533 civitatibus
367 2470 442 2545 suis,
459 2472 525 2532 sive
538 2469 684 2545 vinceret,
700 2478 734 2533 ut
747 2471 917 2550 dissipatos
931 2474 960 2534 in
976 2474 1079 2550 lugam
1092 2475 1154 2535 Ro-

178 2570 286 2614 manos
306 2559 574 2629 persequerentur.
606 2560 737 2630 unaque
757 2572 830 2632 pars
850 2574 912 2619 non
933 2552 1044 2619 mansit
1061 2557 1155 2619 modo

179 2638 207 2696 in
224 2635 374 2697 sententia
395 2651 466 2711 sua,
489 2635 546 2696 scd
565 2635 654 2698 etiarn
670 2647 816 2701 exsecuta
831 2648 879 2702 est
893 2639 1064 2727 consilium.
1092 2641 1155 2702 duo

178 2717 259 2780 milia
277 2719 445 2780 Heracleae
465 2719 680 2794 substiterunt,
702 2722 764 2785 duo
785 2722 930 2785 trifariam
952 2722 1052 2787 divisa
1067 2723 1154 2785 Calli·

178 2804 316 2865 dromum
338 2810 368 2866 ot
381 2802 584 2866 Rhoduntiam
604 2813 635 2867 et
647 2804 806 2869 lichiunta
819 2807 946 2869 -haec
967 2807 1090 2870 nomina
1104 2825 1154 2869 ca·

178 2884 700 2966 cunninibussunt-occupavere'.
987 2891 990 2896 '

258 2970 351 3032 xvtt.
381 2972 494 3035 Consul
514 2981 681 3051 postquam
700 2974 824 3037 insessa
844 2973 1007 3053 superiora
1025 2978 1095 3039 loca
1115 2977 1153 3038 ab

175 3053 293 3116 Aetolis
313 3053 403 3133 vidit,
423 3057 463 3117 Μ.
478 3056 620 3119 Porcium
640 3057 785 3121 Catonem
805 3066 836 3121 et
849 3060 882 3121 L.
896 3060 1054 3122 Valerium
1066 3060 1153 3122 Flac·

175 3153 244 3198 cum
264 3138 435 3201 consularis
450 3141 567 3215 legatos
583 3156 651 3202 curn
666 3139 746 3203 binis
760 3140 882 3205 milibus
898 3143 1086 3207 delectorum
1100 3160 1153 3221 pe-

175 3219 268 3282 ditum
289 3223 330 3283 ad
352 3223 478 3284 castella
491 3223 685 3298 Aetolorum,
700 3225 843 3288 Flaccum
856 3225 887 3289 in
902 3228 1108 3290 Rhoduntiam
1123 3235 1154 3290 et

172 3303 339 3381 lichiunta,
352 3305 496 3368 Catonem
509 3306 539 3367 in
552 3306 767 3370 Callidromum
777 3310 872 3372 mittit.
891 3310 960 3388 ipse
971 3313 1153 3390 priusquam

173 3389 212 3449 ad
227 3390 347 3450 hostem
363 3390 469 3466 copias
483 3390 676 3466 admoveret,
697 3400 827 3455 vocatos
841 3393 873 3455 in
888 3396 1062 3459 contionem
1076 3394 1152 3457 mili-

172 3480 219 3531 tes
240 3474 349 3548 paucis
370 3481 418 3535 est
438 3474 608 3535 adlocutus.
645 3478 831 3552 „plerosquo
853 3479 985 3540 omnium
1001 3477 1151 3549 ordinum,
