2600 4000
290 282 403 341 uuna
417 281 520 340 xxm.
543 281 626 341 cnr.
642 288 742 344 aaa
762 284 796 360 [a.
810 285 914 360 cnon]
1065 281 1086 342 r

112 452 169 511 que
184 432 298 496 nostris
312 434 393 495 bene
404 449 441 493 ac
456 433 582 493 feliciter
595 432 740 505 eveniret,
757 434 837 492 laeta
847 434 948 494 omnia
960 450 1085 510 prospe-

113 535 204 594 raque
219 519 433 593 portendere<

191 602 272 662 VIII.
293 603 342 660 Ab
362 601 421 660 hac
442 601 579 661 oratioue
600 601 629 659 in
652 599 832 674 suffraqum
852 599 953 673 missi,
976 600 1019 661 uti
1038 619 1086 663 ro-

111 693 202 762 garet,
218 685 331 744 bellum
345 685 508 744 insserunt.
544 684 728 759 supplicatio
744 682 816 741 inde
830 699 848 740 a
863 682 1043 745 consulibus
1058 686 1087 744 In

111 770 240 831 triduum
251 783 290 827 ex
301 774 426 828 senatus
439 768 578 830 consulto
591 767 704 828 indicta
716 772 771 840 est,
780 767 997 842 obsecratique
1009 769 1090 829 circa

16 846 21 879 ''
111 852 211 914 emula
225 851 396 928 pulvinarib
410 850 461 927 dii,
475 859 509 912 ut
524 851 609 927 quod
625 851 739 911 bellurn
754 866 824 910 cum
834 849 977 926 Phibppo
989 868 1088 928 popu-

111 939 157 998 lus
180 936 337 1008 iussisset,
360 935 390 994 id
410 936 490 994 bene
511 950 548 994 ac
568 933 696 994 feliciter
717 934 860 995 eveniret
895 936 1090 1012 consultique

111 1021 226 1081 tetlales
241 1019 280 1079 ab
296 1020 423 1079 consule
438 1018 585 1094 SulpicIo,
600 1017 712 1077 bellum
728 1017 812 1092 quod
826 1017 1009 1079 indiceretur
1023 1020 1089 1094 regi

111 1103 264 1179 Philippo,
289 1111 390 1163 utrum
416 1103 475 1178 ipsi
495 1103 602 1177 utique
622 1101 751 1162 nuntiari
773 1102 926 1176 iuberent,
952 1120 990 1163 an
1012 1107 1088 1164 satis

110 1195 194 1249 esset
215 1186 245 1246 in
266 1187 379 1247 linibus
399 1187 486 1262 regui
507 1187 591 1261 quod
606 1186 778 1260 proxImum
792 1187 980 1261 praesidium
995 1197 1087 1264 esset,

109 1287 146 1332 eo
167 1270 313 1345 uuntIari,
336 1270 454 1330 fetiales
476 1271 691 1344 decreverunt,
713 1275 813 1330 utrum
832 1286 938 1331 eorum
954 1270 1088 1347 lecisset,

108 1361 191 1415 recte
210 1356 370 1415 iacturum.
403 1354 521 1414 consuli
536 1370 555 1413 a
568 1355 705 1429 patribus
727 1354 926 1429 permissum,
949 1363 982 1415 ut
998 1373 1088 1430 quem

108 1439 263 1499 videretur
285 1453 324 1497 ex
337 1438 391 1513 ils,
412 1439 463 1513 qui
478 1447 564 1497 extra
578 1445 718 1498 senatum
733 1445 854 1512 essent,
875 1441 1008 1514 legatum
1022 1440 1089 1501 mit·

109 1528 184 1583 teret
199 1522 238 1582 ad
252 1522 365 1583 bellurn
379 1522 444 1597 regi
459 1523 664 1583 iudIcendum.
686 1528 749 1582 tum
765 1523 804 1581 de
818 1523 1004 1584 exercitibus
1016 1540 1083 1584 oon·

108 1609 209 1667 sulum
223 1614 462 1683 praetorumque
474 1613 582 1667 actum.
607 1607 752 1668 consules
764 1606 1002 1680 blnaslegIones
1014 1608 1089 1666 scri-

107 1691 182 1750 bere
193 1690 278 1766 iussi,
286 1699 406 1751 veteres
419 1691 569 1751 dimittere
581 1688 746 1750 exercitus.
764 1689 911 1764 Sulpicio,
920 1691 1090 1750 cuinovum

108 1789 144 1836 ac
159 1774 261 1849 magui
283 1774 412 1835 nominis
433 1775 546 1834 bellum
567 1774 722 1834 decretum
739 1781 819 1848 erat,
840 1774 1040 1848 permissum,
1057 1781 1091 1834 ut

108 1857 147 1917 de
162 1859 307 1933 exercitu,
325 1874 415 1934 quem
425 1858 457 1916 P.
469 1857 574 1933 Scipio
590 1874 630 1917 ex
641 1858 747 1918 Africa
759 1857 963 1932 deportasset
981 1861 1089 1919 volun·

107 1940 201 2003 tartos
218 1958 297 2018 quos
313 1948 420 2018 posset
435 1943 575 2003 duceret=
599 1942 722 2004 invitum
738 1959 777 2002 ne
794 1959 885 2018 quem
900 1942 1022 2004 militem
1038 1960 1088 2004 ve-

107 2033 203 2087 terem
218 2027 351 2087 duceudi
365 2027 413 2086 ius
429 2033 521 2087 esset.
544 2026 738 2102 praetoribus
753 2027 785 2085 L.
800 2028 893 2088 Furio
907 2027 1090 2102 Purpurioni

105 2115 135 2169 et
157 2108 450 2182 primariorum
477 2109 570 2182 quina
593 2108 676 2166 milia
701 2110 821 2168 socium
840 2110 938 2170 LatIni
958 2112 1091 2170 nomInis

105 2194 255 2253 consules
267 2192 383 2263 darent,
395 2190 506 2265 quibus
518 2189 683 2264 praesidiis
695 2192 770 2249 alter
778 2190 915 2265 Galliam,
923 2193 1091 2252 alterBrut·

104 2278 170 2337 tios
185 2273 376 2350 provincIam
391 2274 549 2334 othneret.
570 2272 604 2346 Q.
616 2271 742 2332 Fulvius
755 2271 832 2333 Gillo
848 2274 916 2349 ipse
931 2274 1036 2335 iussus
1052 2292 1092 2335 ex
1141 2329 1151 2334 -

103 2376 143 2420 eo
162 2359 307 2431 exercitu,
325 2374 417 2434 quern
430 2356 462 2415 P.
476 2358 583 2418 Aelius
600 2357 708 2416 consul
723 2356 891 2432 habuisset,
913 2358 1093 2435 utquisque

103 2444 231 2502 minime
255 2443 349 2504 multa
375 2442 529 2517 stipendia
552 2440 680 2501 haberet
704 2441 822 2518 legere,
848 2442 948 2503 donec
974 2444 1092 2519 etipse

106 2527 245 2603 quinque
272 2526 354 2587 milia
379 2528 498 2586 socium
524 2542 560 2587 ac
582 2526 716 2587 nominis
736 2525 834 2587 Latini
856 2526 1030 2588 effecissete
1059 2528 1090 2588 id

105 2609 264 2686 praesidio
288 2610 410 2671 Siciliae
429 2610 607 2686 provinciae
629 2618 722 2671 esset.
756 2610 797 2670 Μ.
819 2610 943 2671 Valerio
962 2610 1111 2687 Faltoni.

105 2694 160 2769 qui
175 2700 298 2769 praetor
312 2695 416 2770 priore
430 2712 510 2755 anuo
524 2694 721 2769 Campaniam
732 2695 922 2770 provInciam
933 2695 1091 2770 habuerat,

106 2783 307 2853 prorogatum
331 2779 496 2838 inermum
520 2777 682 2854 imperium
704 2786 766 2850 est,
792 2776 837 2839 uti
857 2786 1040 2853 propraetor
1060 2779 1091 2838 in

105 2860 280 2921 Sardiniam
293 2862 444 2923 traiceret.
478 2863 504 2922 is
520 2878 645 2939 quoque
661 2863 700 2922 de
715 2862 859 2936 exercitu,
875 2864 928 2938 qui
942 2863 983 2923 ibi
998 2871 1091 2938 esset,

107 2944 246 3020 qumque
265 2945 347 3006 milia
368 2947 487 3006 seclum
501 2946 632 3008 nominis
646 2946 760 3020 Latini,
782 2946 834 3021 qui
849 2962 954 3006 eorum
968 2947 1091 3007 minime

106 3029 203 3088 multa
223 3028 375 3103 stipendia
395 3029 558 3103 haberent,
580 3032 704 3105 legeret.
738 3037 768 3089 et
783 3031 927 3090 consules
948 3031 1026 3090 duas
1040 3047 1090 3090 ur·

104 3111 206 3171 banas
220 3113 357 3187 legiones
373 3114 510 3173 scribere
524 3114 616 3189 iussi,
640 3130 735 3189 quae,
751 3115 778 3173 si
793 3131 854 3190 quo
869 3130 920 3173 res
937 3121 1090 3189 posceret,

16 3235 17 3238 ,
103 3196 209 3256 multis
229 3196 261 3255 ln
278 3196 364 3256 ltalia
386 3198 533 3258 contactis
559 3197 702 3271 gentibus
722 3197 827 3258 Punici
852 3197 924 3257 belli
945 3198 1091 3259 societate

16 3301 18 3360 ᾗ
103 3277 216 3354 iraque
231 3279 302 3340 Inde
316 3282 516 3355 tumentibus,
538 3281 736 3342 mitterentur.
773 3297 830 3341 sex
844 3280 1015 3356 legionibus
1029 3281 1091 3341 Ro·

16 3395 18 3410 =
103 3363 205 3423 ments
221 3378 258 3423 eo
275 3380 355 3424 anno
370 3381 467 3425 usura
480 3380 531 3425 res
547 3365 671 3440 publica
685 3370 758 3423 erat.

192 3447 242 3505 IX.
263 3447 298 3506 ln
319 3448 389 3524 ipso
411 3456 561 3523 apparatu
580 3449 652 3508 belli
673 3448 765 3521 legati
785 3462 897 3521 aroge
916 3447 1091 3507 Ptolemaeo

102 3537 265 3607 venerunt,
281 3532 335 3608 qui
348 3533 523 3592 nuntiarent
536 3531 742 3590 Athenienses
758 3530 908 3588 adversus
919 3526 1094 3597 Philippum
