2600 4000
289 268 403 327 utana
414 268 534 328 xxxv.
557 267 750 329 channaa.
773 275 854 341 [ac.
868 275 929 343 nr]
1028 255 1097 333 'eoo

117 419 227 482 lochus
239 425 319 479 crate
341 435 378 479 ao
392 424 544 494 potestate
554 433 592 478 ea
603 419 698 478 iretus
711 417 833 491 negavit
844 415 1095 485 dissimulandum

118 503 177 565 sibi
191 511 222 564 et
234 502 427 576 Magnetibus
441 518 528 576 esse,
551 516 631 576 quae
651 501 733 561 lama
747 501 871 575 vulgata
886 501 925 561 de
939 502 1094 565 reddenda

117 587 309 647 Demetriade
322 584 462 661 Philippo
477 586 564 645 loret.
586 585 619 644 id
630 599 669 644 no
681 584 783 657 deret,
799 584 901 645 omnia
912 592 942 645 et
956 588 1097 648 conanda

117 669 493 744 etaudendahlagnetibus
506 683 587 729 esse.
608 676 639 728 et
649 668 728 729 inter
739 667 861 728 dicendi
873 670 1096 731 contentionem

117 754 318 816 inconsultius
333 760 459 814 evectus
474 753 603 827 proiecit
617 760 679 812 tum
705 767 830 827 quoque
851 752 957 826 speeie
970 751 1096 813 liberam

116 837 340 898 Demetriadem
354 852 441 911 esse,
462 852 584 896 revera
599 834 701 896 omnia
715 836 755 895 ad
771 842 875 896 nutum
889 836 1095 898 Romanorum

116 922 192 982 lieri.
225 922 284 981 sub
306 920 364 980 hac
385 935 463 981 voce
484 920 620 981 fremitus
642 919 787 979 variantis
811 918 1009 985 multitudinis
1030 921 1094 997 luit,

116 1004 227 1080 partim
237 1004 375 1065 adsensu
385 1004 494 1079 partim
505 1003 722 1078 indignatione,
735 1003 838 1063 dicere
847 1001 879 1063 id
890 1018 998 1063 ausum
1009 1020 1093 1066 eum:

117 1087 273 1163 Quinctius
290 1084 413 1163 quidem
429 1088 508 1147 adeo
523 1087 639 1147 exarsit
653 1086 712 1160 ira,
739 1093 771 1146 ut
791 1092 899 1147 manus
921 1088 961 1147 ad
976 1091 1094 1150 caelum

114 1173 245 1232 tendens
261 1186 298 1231 ao
312 1172 389 1231 deos
403 1178 499 1231 testes
515 1170 623 1246 ingrati
638 1186 675 1230 ac
691 1170 801 1245 perlidi
818 1170 907 1230 animi
918 1170 1092 1246 Magnetum

115 1257 282 1317 invocaret.
304 1255 361 1314 hac
376 1270 453 1315 voce
467 1255 636 1330 perterritis
652 1254 808 1328 omnibus,
829 1254 912 1315 Zeno
928 1268 967 1314 ex
981 1255 1090 1330 prinoi-

57 1391 62 1397 .
115 1340 205 1416 pibus
219 1354 315 1410 unus,
331 1353 460 1413 magnae
475 1355 544 1399 cum
555 1339 594 1399 ob
607 1340 763 1417 eleganter
773 1345 872 1398 actam
882 1339 976 1399 vitam
988 1347 1091 1402 aucto·

114 1422 227 1496 ritatis,
250 1429 313 1483 tum
329 1422 414 1497 quod
434 1438 557 1498 semper
570 1423 776 1484 Romanorum
791 1422 874 1482 haud
889 1422 981 1483 dubie
996 1424 1091 1498 partis

115 1509 227 1580 lucrat,
249 1506 288 1566 ab
303 1504 442 1580 Quinctio
463 1505 633 1582 legatisque
655 1505 723 1566 aliis
740 1504 820 1566 llens
836 1506 925 1581 petit,
947 1523 985 1566 nc
999 1508 1091 1569 unius

114 1590 275 1650 amentiam
290 1590 402 1650 civitati
417 1590 622 1666 adsignarent.
649 1607 707 1652 suo
724 1606 878 1666 quemque
892 1590 1028 1664 periculo
1045 1592 1058 1649 l
1078 1624 1090 1634 ·

113 1689 191 1734 rere.
213 1674 373 1749 Magnetas
393 1690 455 1736 non
476 1675 644 1735 libertatem
665 1676 773 1749 modo,
796 1674 852 1734 sed
873 1673 988 1746 omnia,
1012 1690 1091 1748 quae

114 1757 287 1818 hominibus
303 1766 409 1820 sancta
423 1774 557 1835 caraque
569 1760 643 1831 sint,
658 1760 691 1818 T.
704 1757 843 1831 Quinctio
858 1763 888 1817 et
902 1757 1018 1831 populo
1029 1759 1106 1841 Ro,

113 1857 204 1903 mano
220 1842 342 1902 debere.
366 1843 440 1903 nihil
456 1859 641 1919 quemquam
656 1842 694 1901 ab
714 1841 772 1900 diis
787 1839 1005 1900 immortalibus
1021 1857 1089 1916 pre·

114 1926 175 1986 cari
198 1941 309 2002 posse,
332 1927 416 2001 quod
437 1942 498 1986 non
511 1926 675 1998 Magnetes·
692 1924 731 1983 ab
751 1921 810 1983 illis
825 1922 987 1993 haberent;
1010 1931 1040 1985 et
1060 1924 1080 1985 ir

58 2039 68 2049 ·
113 2026 246 2084 corpora
261 2025 318 2069 sua
332 2009 419 2068 citius
436 2024 491 2083 per
505 2010 639 2068 iurarem
660 2007 848 2082 saeviturae,
872 2024 961 2084 quam
982 2017 1016 2071 ut
1028 2011 1088 2072 Ro-

114 2107 234 2152 manam
245 2090 405 2150 amicitiam
415 2092 573 2150 violarent.
599 2091 717 2150 XXXll.
737 2090 1089 2154 huiusorationemsub·

113 2179 238 2234 secutae
253 2171 452 2233 multitudinis
467 2188 577 2250 preces
593 2180 673 2233 sunt.
696 2174 890 2251 Eurylochus
905 2189 945 2233 ex
960 2177 1088 2237 concilio

113 2255 271 2319 itineribus
287 2255 413 2318 occultis
428 2256 468 2316 ad
487 2262 606 2332 portam
627 2262 719 2336 atque
738 2256 810 2317 inde
827 2258 967 2333 protinus
984 2259 1014 2317 in
1029 2259 1088 2318 Ae

112 2341 215 2403 toliam
242 2340 384 2416 profugit.
418 2338 477 2401 iam
499 2338 594 2414 enim,
621 2347 650 2401 et
670 2340 702 2400 id
722 2339 820 2415 magis
841 2341 969 2415 indies,
989 2342 1090 2403 Aetoli

112 2425 315 2486 delectionem
329 2425 500 2496 nudabant,
522 2439 624 2500 eoque
644 2425 714 2499 ipso
736 2425 814 2486 forte
833 2431 971 2501 tempore
987 2426 1088 2486 Thoas
1143 2441 1146 2446 ·

113 2510 256 2585 princeps
271 2509 386 2584 gentis,
409 2525 499 2584 quem
519 2508 665 2569 miserant
678 2509 718 2568 ad
732 2509 931 2581 Antiochum,
946 2509 1087 2581 redierat,

111 2593 245 2669 indeque
258 2593 436 2668 Menippum
452 2609 558 2653 secum
571 2593 742 2654 adduxerat
755 2594 837 2669 regis
852 2594 1001 2668 legatum
1026 2593 1088 2671 qui,

110 2677 290 2754 priusquam
316 2676 477 2738 concilium
501 2676 538 2735 iis
563 2678 701 2751 daretur,
729 2676 928 2752 impleverant
954 2676 1088 2740 omnium

110 2776 201 2821 aures
220 2760 373 2820 terrestris
394 2760 574 2834 navalisque
595 2760 702 2835 copias
728 2762 1012 2822 commemorando:
1042 2762 1087 2821 in-

109 2851 232 2919 gentem
252 2842 313 2902 vim
332 2843 467 2918 peditum
488 2842 687 2918 equitumque
710 2843 830 2916 venire,
856 2859 896 2903 ex
916 2844 1002 2905 lndia
1025 2847 1085 2905 ele-

109 2927 261 3004 phantos;
293 2932 365 2986 ante
390 2926 505 3000 omnia,
537 2942 599 3000 quo
625 2925 756 2986 maxime
781 2927 897 2987 moveri
922 2929 1087 2989 eredebant

108 3009 308 3074 midtitudinis
324 3009 458 3081 animos,
480 3016 594 3070 tantum
609 3008 720 3070 advehi
734 3011 815 3084 auri,
836 3017 870 3070 ut
883 3012 971 3087 ipsos
986 3027 1087 3072 emere

109 3095 266 3156 Romanos
286 3094 396 3170 possit.
425 3093 607 3169 apparebat,
634 3093 766 3170 quiden
788 3095 884 3156 oratio
905 3097 935 3154 in
958 3096 1111 3157 coneilio·

109 3185 337 3240 moturaesset=
360 3194 430 3238 nam
441 3177 605 3238 etvenisse
616 3192 682 3251 eor,
697 3184 727 3238 et
738 3194 818 3253 quae
829 3188 968 3253 agerent,
986 3179 1087 3241 omnia

110 3260 218 3334 legatis
225 3262 370 3323 Romanis
378 3261 601 3323 deferebantur.
616 3269 647 3322 et
658 3277 843 3337 quamquam
856 3279 954 3339 prope
964 3263 1088 3324 abscisa

109 3358 161 3403 res
175 3350 254 3417 erat,
268 3353 368 3406 tamen
383 3361 445 3406 non
460 3346 547 3405 abre
562 3360 634 3405 esse
649 3345 787 3420 Quinctio
802 3345 903 3407 visum
921 3353 969 3407 est
984 3346 1086 3408 socio·
1159 3368 1162 3374 ’

108 3442 176 3486 rum
190 3427 311 3503 aliquos
325 3431 444 3503 legatos
459 3428 609 3489 interesse
620 3429 649 3488 ei
661 3427 807 3504 concilio,
824 3430 875 3504 qui
888 3430 1086 3491 admonerent
1131 3498 1133 3502 .

109 3511 266 3571 Romanae
286 3510 442 3573 societatis
456 3511 599 3585 Aetolos,
622 3511 675 3587 qui
694 3513 804 3572 vocem
824 3512 949 3572 liberam
969 3511 1086 3571 mittere
