2600 4000
209 232 271 299 mc
375 230 636 293 nmnnxxxrn.
660 228 799 290 cnon.
824 228 1017 305 [numen]
1083 291 1086 298 ,

207 383 343 448 tiochum
357 389 387 444 et
400 380 529 443 Aetolos
544 377 670 452 missos,
692 378 882 454 consiliaque
895 378 969 440 inita
981 377 1190 452 impellendae

209 468 250 529 nd
264 465 467 529 delectionem
478 461 679 539 carthaginis,
694 476 752 522 nec
766 462 826 523 alio
841 477 911 523 eum
925 477 1018 538 quam
1027 461 1068 522 ad
1078 461 1189 523 Antio·

209 550 300 612 chum
313 549 418 626 regem
431 548 610 624 proiectum,
627 546 710 607 haud
726 544 899 622 quieturum
914 551 1077 617 comante,
1094 559 1189 620 quam

208 635 322 695 bellum
346 639 409 695 loto
430 631 506 693 orbe
525 637 674 691 terrarum
695 629 864 700 concisset;
890 627 923 691 id
943 628 971 689 ei
991 643 1053 691 non
1074 628 1191 690 debere

208 715 333 795 impune
353 732 440 791 esse,
461 714 489 776 si
509 714 689 776 satisfacere
710 712 974 788 carthaginienses
993 712 1111 788 populo
1125 711 1190 772 Ro·

210 818 300 863 mano
321 801 435 861 vellent
454 798 528 858 nihil
542 813 649 859 eorum
663 812 721 858 sua
733 799 890 858 voluntate
903 810 961 857 nec
976 793 1100 871 publico
1115 810 1191 855 con·
1295 853 1296 876 χ

210 886 279 948 silio
290 886 405 946 lactum
415 897 502 944 ossea
518 879 784 956 carthaginienses
795 880 1031 956 responderunt,
1040 878 1191 954 quidquid

210 983 345 1045 aequum
359 966 554 1027 censuissent
566 963 705 1038 Romani,
720 964 856 1025 facturos
871 978 951 1024 esse.
1021 1013 1024 1022 .

294 1049 446 1111 Hannibal
459 1063 611 1126 prospero
626 1064 721 1109 cursu
733 1049 848 1126 lurum
863 1046 1010 1123 pervenit,
1025 1053 1192 1121 exceptus·

211 1150 273 1211 que
286 1151 306 1195 a
319 1132 529 1197 conditoribus
545 1131 734 1207 Carthaginis
748 1138 782 1194 ut
797 1132 835 1192 ab
848 1132 944 1192 altera
958 1130 1057 1207 patria
1070 1129 1117 1189 vir
1127 1135 1191 1191 tam

212 1220 315 1280 clarus
337 1218 418 1279 omni
439 1232 553 1293 genere
573 1216 739 1290 honorum,
761 1230 880 1290 paucos
894 1221 1030 1276 moratus
1045 1212 1112 1274 dies
1124 1213 1191 1272 An-

212 1299 355 1363 tiochiam
369 1301 501 1377 naviget
522 1298 565 1360 ibi
580 1299 753 1375 proiectum
766 1299 825 1359 iam
839 1313 943 1374 regem
957 1297 988 1357 in
999 1296 1106 1358 Asiam
1120 1312 1191 1359 cum

212 1385 365 1459 audisset,
386 1384 543 1460 liliumque
564 1383 630 1444 eius
653 1384 801 1444 sollemne
820 1383 962 1444 ludorum
981 1381 1022 1443 ad
1040 1380 1189 1457 Daphnen

212 1469 417 1531 celebrantem
432 1465 645 1541 convenisset,
667 1466 795 1528 comiter
808 1466 847 1527 ab
862 1481 900 1527 eo
916 1473 1064 1541 exceptus
1079 1465 1191 1527 nullam

212 1567 330 1618 moram
353 1551 519 1628 navigandi
543 1550 624 1612 lecit
658 1548 775 1625 Ephesi
798 1565 902 1626 regem
927 1555 975 1611 est
995 1555 1187 1624 consecutus

212 1636 411 1698 fluctuantem
431 1635 532 1697 adhuc
552 1633 653 1694 animo
667 1632 878 1709 incertumque
892 1634 932 1694 de
946 1635 1084 1695 Romano
1099 1631 1188 1693 bello.

212 1720 270 1781 sed
284 1719 367 1782 haud
381 1734 509 1797 parvum
523 1723 708 1780 momentum
721 1718 761 1778 ad
775 1718 910 1779 animum
923 1717 991 1779 eius
1004 1715 1193 1777 moliendum

213 1804 364 1867 adventus
374 1799 553 1865 Hannibalis
568 1799 648 1862 lecit.
670 1802 849 1862 Aetolorum
862 1816 985 1876 quoque
996 1801 1106 1861 eodem
1116 1804 1192 1859 tem·

213 1901 291 1963 pore
311 1887 432 1949 alienati
453 1887 492 1947 ab
513 1884 661 1947 societate
675 1885 813 1946 Romana
833 1884 925 1946 animi
946 1892 1034 1954 sunt3
1062 1897 1193 1960 quorum

213 1971 332 2046 legatos
342 1969 522 2033 Pharsalum
536 1974 567 2030 et
576 1968 751 2030 Leucadem
762 1974 792 2031 et
804 1970 954 2047 quasdam
964 1967 1040 2030 alias
1053 1965 1193 2029 civitates

213 2068 254 2115 ex
260 2053 358 2131 primo
365 2054 491 2116 loedere
498 2053 666 2130 repetentis
674 2060 799 2115 senatus
807 2054 886 2115 ad'l'.
894 2052 1066 2129 Quinotium
1074 2048 1193 2112 reiecit.

533 2382 679 2475 llll
716 2381 861 2475 llll

488 2529 543 2591 AB
571 2528 688 2591 URBE
719 2528 923 2594 conella

572 2646 684 2709 mann
705 2643 836 2707 XXXIV.

630 2778 785 2789 ..ιιι-

232 2859 380 2913 minoem.
417 2860 470 2913 Lex
488 2861 578 2933 Oppia,
597 2881 674 2930 quam
685 2865 712 2917 G.
725 2868 823 2935 Oppius
840 2869 956 2920 tribunus
972 2866 1054 2935 plebia
1070 2867 1136 2920 hello
1146 2870 1197 2919 Pn-
1294 2860 1295 2913 ἶ

265 2930 365 2982 nicode
380 2930 498 2983 liniendis
508 2941 681 2986 matronarum
689 2936 799 2989 cultibus
807 2937 907 3003 tulerat,
921 2952 980 2987 cum
988 2945 1195 3003 magnaconten·

265 3000 335 3050 tione
344 3000 528 3068 abrogatam,
544 3017 603 3052 cum
611 3004 645 3054 Μ.
658 3003 762 3056 Porcius
773 3005 833 3057 Cato
843 3013 932 3057 auctor
942 3005 1048 3073 induet,
1067 3021 1100 3057 ne
1109 3020 1141 3057 ea
1152 3005 1196 3057 lex

266 3067 418 3121 aboleretur.
443 3069 660 3137 ialnHiepaniam
670 3074 800 3139 proiectus
810 3074 892 3141 bello,
906 3074 976 3138 quod
986 3074 1196 3141 Emporium

264 3143 317 3198 eat,
336 3138 477 3190 citeriorem
489 3140 638 3206 Hispaniam
654 3146 765 3207 pacavit.
789 3144 819 3196 T.
829 3142 961 3203 Quinctius
972 3143 1128 3195 Flamininus
1140 3143 1195 3194 bel·

266 3202 319 3256 lum
335 3205 459 3259 adversus
472 3208 688 3261 Lacedaemonios
706 3220 731 3262 et
741 3220 875 3278 tyrannum
890 3227 978 3264 eorum
995 3211 1120 3264 Nabidem
1135 3226 1196 3278 pro-

266 3287 340 3340 spere
353 3283 454 3342 gestum
467 3276 527 3327 dala
537 3278 570 3328 iia
578 3292 652 3344 pace,
662 3279 763 3344 qualern
772 3281 828 3348 lpse
838 3278 925 3342 voluit,
934 3280 1096 3346 liberatisque
1107 3282 1196 3347 Argu,

265 3343 309 3406 qul
318 3344 365 3394 suh
385 3343 485 3395 dicione
500 3347 600 3411 tyranni
617 3355 704 3412 erant,
721 3349 810 3399 linivit.
840 3363 883 3399 ree
892 3357 1024 3415 praeterea
1034 3351 1061 3400 ln
1071 3349 1197 3415 Hispania

266 3416 291 3461 et
305 3412 333 3461 ln
342 3409 423 3462 Gallia
436 3413 560 3464 adversus
576 3416 654 3466 Boios
666 3424 692 3466 et
701 3417 819 3468 Insubres
826 3415 937 3469 feliciter
944 3426 1033 3485 gestae
1042 3419 1196 3470 referuntur.

264 3489 368 3531 unates
385 3488 446 3532 tunc
462 3482 574 3548 primum
594 3492 708 3535 secretus
725 3499 741 3535 a
759 3485 854 3552 populo
869 3485 944 3538 ludos
960 3488 1096 3552 spectavit:
1119 3495 1149 3537 nt
1167 3485 1198 3537 ld
