2600 4000
265 246 381 308 LIBER
393 205 527 306 XXXIV·
550 246 632 308 cll.
645 255 748 309 aas.
769 254 924 324 [acmes]
1021 249 1082 315 127

5 365 7 418 j
99 399 223 463 tantm
246 379 381 464 omnium
391 412 493 459 rerum
505 396 682 470 libertatem,
692 397 784 458 inimo
796 398 957 474 licentiam,
969 401 997 463 si
1007 418 1081 465 vare

22 495 23 498 ’
98 482 203 545 dicere
215 483 373 552 volumus,
396 481 582 542 desiderant
612 481 687 558 quid
702 482 791 556 enim,
807 483 834 552 si
848 481 908 544 hoc
922 498 1080 561 expugna·
1185 477 1188 482 ’

99 566 211 640 verint,
233 581 295 626 non
315 565 525 640 temptabuntt
557 564 607 624 ΙΙΙ.
629 570 791 628 recensete
805 566 908 627 omnm
921 568 1081 630 madiebria

97 652 180 724 iana,
202 648 314 725 quibus
328 648 480 710 licentiam
494 663 599 711 aarum
612 646 814 723 adligaverint
827 649 960 711 mnores
973 653 1080 729 nostri,

98 749 156 811 per
178 746 320 809 quaeque
340 730 526 794 subiecerint
545 731 637 802 viris;
660 732 773 807 quibus
793 732 936 794 omnibus
951 736 1079 796 constri-

99 823 165 879 ctas
178 816 233 877 vix
252 822 354 876 maren
369 815 525 878 continere
539 815 680 891 potestIs.
718 815 814 892 quidt
834 816 861 876 si
876 832 1004 893 carpere
1018 816 1081 879 sin-

98 902 170 978 gula
191 907 222 963 et
241 905 425 975 extorquere
445 905 477 961 et
492 899 619 976 aequari
640 899 681 960 ad
701 906 870 961 extremum
889 900 965 961 viris
985 901 1081 978 patie-

98 984 181 1058 mini,
200 982 374 1046 tolerabiles
388 983 478 1056 vobis
493 998 546 1044 eas
562 984 629 1047 fore
643 983 788 1045 creditis?
809 985 973 1061 extemplo,
989 985 1081 1050 simul

89 1064 191 1146 ‘pares
206 1067 648 1143 essecoeperintsnperiores
660 1073 756 1129 erunt
778 1074 809 1129 at
818 1067 944 1130 hercula
955 1084 995 1129 ne
1006 1070 1081 1145 quid

98 1167 213 1214 novum
233 1151 264 1211 in
285 1165 339 1211 aas
359 1156 484 1227 rogetur
502 1156 664 1220 rectaene
691 1165 754 1211 non
772 1151 837 1227 ius,
862 1151 920 1212 sed
940 1150 1080 1216 inituiam

99 1236 311 1312 deprecantur.
333 1234 425 1296 immo
440 1241 474 1296 ut
488 1250 581 1310 quam
595 1233 761 1310 accepistis
774 1234 911 1297 iussistis
921 1235 1080 1312 suffragiis
1112 1300 1115 1304 ,

97 1317 211 1382 vestris
225 1320 334 1394 legem,
350 1334 442 1395 quam
456 1334 517 1380 usu
529 1324 574 1380 tot
587 1334 736 1380 annorum
750 1326 781 1381 et
794 1318 985 1394 experiendo
997 1336 1080 1382 com·

5 1469 6 1472 ,
98 1402 271 1480 probastis,
295 1401 375 1463 hanc
398 1408 435 1467 ut
455 1401 626 1478 abrogatisa
658 1403 691 1462 id
711 1409 759 1472 est
778 1407 812 1463 nt
830 1418 923 1465 unam
943 1404 1079 1470 tollendo

99 1487 201 1562 legam
221 1492 339 1547 ceteras
352 1486 521 1548 infirmetis.
553 1487 637 1548 nulla
650 1488 702 1550 lex
716 1485 792 1548 satis
807 1486 970 1547 commoda
984 1488 1081 1548 omni·

99 1571 159 1630 bus
177 1574 240 1630 esta
260 1569 292 1630 id
305 1570 398 1633 modo
414 1570 578 1647 quaeritur,
593 1570 621 1631 si
634 1570 743 1631 maiori
754 1570 833 1646 parti
847 1576 878 1632 et
888 1570 920 1630 in
931 1585 1082 1631 summam

100 1651 238 1730 prodest
260 1652 287 1715 si
302 1655 386 1730 quod
398 1655 540 1732 cuiquam
551 1654 693 1730 privatim
704 1653 818 1714 officiet
827 1654 886 1727 ius,
900 1653 933 1714 id
943 1654 1082 1715 destruet

101 1752 139 1797 ac
154 1737 340 1811 demolietur,
357 1738 431 1814 quid
445 1737 582 1800 attinebit
594 1738 759 1800 universos
768 1740 880 1811 rogare
891 1737 986 1812 leges,
1002 1753 1081 1814 quas

100 1836 173 1881 mox
196 1822 348 1898 abrogare
371 1821 504 1898 inques
525 1824 604 1883 latae
625 1827 697 1883 sunt
717 1819 858 1897 possintt
886 1820 959 1881 volo
979 1826 1081 1882 emen

101 1905 215 1981 audire,
230 1905 306 1982 quid
320 1905 361 1966 sit
377 1913 505 1981 propter
520 1905 606 1981 quod
615 1910 774 1967 mamonae
786 1910 999 1968 consternatae
1009 1920 1081 1982 pro·

100 1990 291 2052 cucurrerint
307 1988 338 2049 in
359 1989 515 2063 publicum
533 2004 570 2049 ac
583 1989 638 2050 vix
651 1990 719 2051 loro
736 2004 771 2049 se
786 1994 818 2051 et
830 1988 974 2052 contione
988 1988 1081 2051 absti-

100 2080 201 2134 neant
234 2080 270 2134 nt
288 2071 402 2147 captivi
421 2071 461 2131 ab
473 2071 643 2132 Hannibale
662 2072 850 2135 redimantur
864 2080 1009 2148 parantes
1023 2072 1082 2136 viri

99 2155 188 2217 liberi
202 2157 313 2216 batres
328 2159 454 2213 aarum
474 2153 583 2228 procul
597 2152 699 2227 abest,
717 2154 860 2229 absitque
874 2170 998 2231 semper
1011 2156 1081 2216 talis

99 2241 225 2300 lonuna
242 2236 288 2297 rei
309 2234 465 2312 publicaea
490 2236 548 2297 sed
568 2241 669 2296 tamen
689 2251 758 2297 cum
778 2236 849 2311 luit,
871 2236 1008 2311 negastis
1021 2238 1082 2300 hoc

97 2322 161 2398 piis
187 2320 333 2396 precibus
353 2335 467 2380 earum
498 2325 530 2381 at
548 2336 611 2381 non
630 2318 729 2395 metas
749 2334 807 2379 neo
828 2319 1002 2382 sollicitudo
1024 2337 1081 2397 pro

99 2403 177 2481 suis,
198 2403 257 2465 sed
269 2402 377 2480 religio
392 2405 590 2480 congregavit
603 2418 672 2473 eas;
695 2408 823 2463 matrem
836 2402 961 2464 Idaeam
975 2420 994 2464 a
1007 2404 1081 2467 Pes·

99 2488 226 2549 sinunte
239 2503 280 2549 ex
292 2488 427 2567 Phrygia
440 2488 614 2550 venientem
628 2494 813 2563 accepturae
827 2493 908 2548 sunt
938 2488 1013 2564 quid
1026 2488 1081 2548 ho·

99 2578 221 2634 nestum
232 2572 316 2633 metu
325 2573 434 2634 saltem
448 2572 592 2635 seditioni
606 2571 817 2647 praetenditur
827 2572 988 2632 muliebria
1001 2578 1083 2648 „„ut

100 2662 215 2717 amoet
225 2671 362 2732 purpura
373 2656 591 2731 fulgeamus““
603 2656 717 2731 inquit;
732 2662 813 2731 „„ut
824 2655 980 2731 carpentis
992 2657 1080 2718 lestis

99 2739 311 2816 protestisque
331 2740 456 2814 diebus,
479 2742 562 2802 velut
580 2739 802 2815 triumphantes
817 2739 857 2798 de
872 2741 941 2814 lege
955 2740 1038 2801 victa
1052 2746 1083 2801 et

99 2823 249 2898 abrogata
263 2830 294 2884 et
308 2822 405 2898 captis
420 2828 450 2883 et
463 2823 576 2899 ereptis
591 2822 748 2898 suffragiis
761 2821 890 2897 vestris,
905 2839 962 2897 per
974 2823 1082 2884 urbem

99 2912 274 2978 scammum
296 2922 336 2967 ne
350 2907 431 2968 ullus
445 2906 557 2968 modus
572 2907 761 2980 sumptibus,
777 2920 817 2966 ne
831 2907 971 2968 luxuriae
986 2904 1055 2965 sit.“
1064 2910 1082 2939 “

98 2990 153 3050 IV.
182 3005 299 3065 „saepe
319 3005 369 3050 me
390 2996 566 3066 querentem
584 2990 623 3050 de
638 2989 818 3049 laminarum
837 3003 934 3064 saepe
948 2989 987 3049 de
1001 2989 1081 3049 viro·

98 3088 183 3148 rum,
204 3089 265 3134 nec
283 3074 324 3134 de
343 3073 532 3149 privatorum
548 3074 644 3134 modo
666 3073 723 3134 sed
743 3072 834 3133 etiam
849 3072 1082 3147 magistratuum

99 3158 273 3234 sumptibus
288 3156 435 3227 audistis;
458 3157 653 3234 diversisque
667 3156 789 3218 duobus
803 3154 894 3228 vitiis,
910 3155 1037 3216 avaritia
1047 3161 1082 3239 et

99 3241 236 3315 luxuma,
264 3240 415 3303 civitatem
435 3242 591 3316 laborare,
619 3255 700 3317 quae
722 3246 828 3316 pestes
850 3240 951 3300 omnia
970 3255 1081 3315 magna

99 3323 230 3400 imperia
248 3331 432 3387 everterunt.
466 3325 544 3386 haec
564 3339 638 3400 ago,
663 3339 724 3399 qno
745 3322 853 3384 melior
866 3324 1035 3398 laetiorque
1049 3323 1080 3382 in

99 3407 170 3469 dies
177 3409 350 3471 tonunaret
360 3408 502 3484 publicae
509 3415 565 3483 est,
573 3407 795 3482 imperiumque
804 3406 1012 3481 crescit-et
1021 3406 1081 3464 iam

99 3491 134 3553 in
149 3491 308 3554 Graeciam
321 3493 489 3570 Asiamque
502 3490 748 3552 transcendimus
763 3490 905 3551 omnibus
922 3488 1081 3549 libidinum
