2600 4000
210 226 253 291 50
364 224 478 285 LIBER
488 222 607 284 XXXll.
630 222 712 283 CAP.
724 232 750 283 5.
762 228 788 282 6.
801 229 827 283 t.
849 221 884 299 [a.
898 227 921 278 U
934 242 959 279 c.
969 222 1032 300 54⁹]

213 379 354 441 abscisae
364 392 458 451 rupes
469 383 564 450 erant,
572 375 662 437 statio
674 389 842 449 paucorum
854 378 1037 433 armatorum
1046 371 1184 445 tenebam

214 479 276 540 qua
289 463 388 522 minus
402 467 466 521 tuta
479 466 581 533 erant,
595 460 656 519 alia
669 458 780 530 fossis,
802 456 862 517 alia
875 456 965 530 vallo,
982 456 1042 516 alia
1055 456 1187 518 turribus

213 546 375 608 muniebat.
411 558 521 619 magna
540 550 758 604 tormentorum
778 541 866 602 etiam
884 539 948 613 vis,
969 546 1003 600 ut
1021 540 1187 601 missilibus

213 630 321 708 procul
337 635 476 690 arcerent
489 627 619 701 hostem,
633 626 753 687 idoneis
767 625 844 686 loeis
856 623 1007 700 disposita
1017 630 1073 686 est.
1088 624 1189 685 taber.

214 716 355 777 naculum
368 712 486 787 regium
499 727 555 787 pro
571 711 668 784 vallo,
690 710 721 770 in
736 715 902 784 conspecto
918 708 1049 769 maxime
1061 710 1188 783 tumulo,

214 808 247 863 nt
269 806 416 860 terrorem
439 795 580 856 hostibus
606 795 734 870 suisque
758 808 846 869 spem
869 808 908 853 ex
928 792 1041 852 fiducia
1065 793 1189 866 iaceret,

237 884 356 946 ositum.

216 902 234 960 p
292 966 343 1024 Vl.
367 964 479 1026 Consul
503 980 559 1040 per
579 961 754 1037 Charopum
774 960 918 1037 Epiroten
945 960 1056 1022 certior
1080 961 1189 1037 iactus,

215 1066 293 1127 quos
320 1050 416 1111 saltus
436 1064 505 1109 cum
525 1049 661 1107 exercitu
682 1045 848 1106 insedisset
869 1060 941 1119 rex,
965 1051 995 1105 et
1013 1044 1096 1120 ipse,
1120 1059 1190 1105 cum

215 1135 367 1212 Corcyrae
377 1133 578 1206 hibernasset,
584 1146 658 1190 vere
670 1132 766 1206 primo
778 1129 808 1188 iu
821 1129 1024 1190 continentem
1034 1135 1190 1190 travectus

214 1220 253 1279 ad
274 1217 394 1278 hostem
415 1216 529 1278 ducere
548 1215 656 1292 pergit.
690 1215 825 1290 quinque
839 1212 920 1273 milia
933 1213 1028 1272 ferme
1042 1211 1081 1272 ab
1095 1213 1190 1288 regiis

215 1302 323 1363 castris
339 1316 408 1362 cum
422 1301 561 1373 abesset,
581 1301 649 1360 loco
665 1298 778 1359 munito
794 1297 906 1358 relictis
920 1294 1101 1372 legionibus,
1117 1296 1188 1376 ipse

215 1402 284 1447 cum
309 1384 461 1460 expeditis
481 1397 666 1459 progressus
686 1382 726 1442 ad
746 1381 935 1456 speculanda
954 1383 1037 1453 loca,
1061 1388 1190 1456 postero

215 1471 264 1531 die
283 1468 443 1530 consilium
462 1466 582 1540 habuit,
605 1473 704 1527 utrum
727 1481 781 1541 per
800 1466 954 1525 insessum
972 1463 1010 1524 ab
1026 1463 1115 1525 hoste
1128 1465 1188 1524 sal-

214 1562 285 1630 tum,
302 1568 487 1629 quamquam
500 1551 587 1612 labor
597 1551 705 1624 ingens
717 1549 945 1624 periculumque
955 1554 1190 1623 proponeretur,

215 1638 370 1699 transitum
390 1641 564 1711 temptaret,
586 1650 624 1694 an
645 1634 754 1694 eodem
770 1632 890 1706 itinere,
913 1647 974 1707 quo
991 1632 1093 1706 priore
1108 1647 1191 1691 anno

215 1721 367 1798 Sulpicius
381 1720 591 1781 Macedoniarn
612 1719 789 1790 intraverat,
811 1716 1050 1776 circumduceret
1070 1715 1190 1790 copias.

214 1807 273 1867 hoc
290 1804 447 1866 consilium
463 1819 519 1879 per
535 1804 645 1863 multos
662 1801 728 1862 dies
743 1799 866 1875 agitanti
880 1799 909 1860 ei
923 1801 1045 1862 nuntius
1059 1800 1143 1861 venit
1156 1800 1190 1859 T.

216 1889 385 1964 Quinctium
405 1889 562 1947 consulem
583 1887 693 1945 iactum
709 1882 910 1960 sortitumque
924 1884 1112 1959 provinciam
1125 1884 1190 1944 Ma-

215 1973 374 2034 cedoniam
387 1979 535 2032 maturato
550 1970 657 2032 itinere
667 1969 726 2030 iam
738 1967 903 2049 Corcyram
914 1968 1081 2030 traiecisse.
1096 1970 1191 2030 Vale·
1289 1983 1290 1988 ¹

213 2058 278 2118 rius
293 2055 401 2117 Antias
421 2054 553 2116 intrasse
573 2055 681 2116 saltrnn
694 2054 818 2115 Villium
832 2053 937 2128 tradit,
960 2055 1032 2130 quia
1044 2060 1128 2114 recto
1143 2053 1191 2114 iti-

214 2156 288 2204 nere
301 2139 452 2217 nequierit
466 2139 606 2201 omnibus
621 2137 660 2200 ab
674 2154 748 2214 rege
761 2137 906 2212 insessis,
927 2144 1066 2200 secutum
1078 2139 1191 2198 vallem

214 2243 270 2303 per
284 2242 376 2302 quam
390 2224 521 2286 mediam
535 2226 630 2285 iertur
639 2224 727 2284 Aous
743 2222 857 2294 amnisa
878 2229 972 2297 ponte
986 2223 1095 2298 raptim
1108 2222 1191 2283 iacto

214 2312 243 2371 in
264 2311 378 2387 ripam,
399 2310 429 2369 in
453 2325 514 2385 qua
533 2314 620 2368 erant
639 2313 740 2367 castra
758 2306 858 2381 regia,
878 2311 1105 2381 transgressum
1122 2306 1191 2366 acie

215 2395 410 2462 conflixissea
432 2393 534 2452 iusum
557 2392 755 2466 fugatumque
773 2405 893 2465 regem,
915 2391 1024 2452 castris
1045 2396 1190 2459 exutum

215 2478 378 2540 duodecim
391 2475 473 2534 milia
486 2473 619 2534 hostium
633 2489 672 2534 eo
687 2473 804 2549 proelio
817 2488 918 2547 caesa,
934 2483 1023 2550 copta
1034 2475 1095 2535 duo
1107 2474 1191 2534 milia

214 2569 244 2622 et
258 2562 418 2631 ducentos,
434 2564 464 2618 et
475 2557 564 2632 signo
577 2556 716 2617 militaria
729 2565 849 2618 eentum
862 2558 982 2633 triginta
996 2560 1073 2632 duo,
1089 2573 1190 2634 equos
1289 2594 1290 2617 t

214 2645 363 2705 ducentos
379 2640 517 2716 triginta;
540 2641 648 2701 aedem
662 2640 752 2701 etiam
765 2641 830 2703 lovi
844 2641 874 2701 in
890 2658 927 2703 eo
943 2640 1060 2717 proelio
1075 2650 1189 2716 votarrr,

214 2726 241 2788 si
255 2743 305 2787 res
320 2740 469 2803 prospere
480 2731 569 2801 gesta
578 2732 672 2787 esset
694 2725 785 2786 ceteri
797 2725 904 2786 Graeci
915 2725 1074 2801 Latinique
1084 2733 1189 2786 aucto·

214 2828 273 2887 res,
290 2826 420 2887 quorum
437 2809 559 2886 quidem
574 2824 631 2885 ego
647 2810 706 2885 legi
721 2811 854 2884 annales,
871 2810 943 2870 nihil
959 2810 1155 2872 memorabile
1171 2826 1190 2870 a

216 2895 305 2955 Villio
331 2900 427 2955 actum
450 2893 661 2970 integrumque
682 2895 793 2955 bellum
807 2893 1016 2970 insequentem
1030 2896 1189 2956 consulem

213 2980 245 3038 Τ.
262 2979 430 3054 Quinctium
444 2978 604 3055 accepisse
618 2978 748 3041 tradunt.

297 3064 362 3125 Vll.
386 3063 464 3124 Dum
478 3062 555 3123 haec
572 3062 602 3123 in
616 3062 797 3124 Macedonia
810 3070 969 3138 geruntur,
991 3064 1099 3124 consul
1112 3062 1189 3124 alter

216 3148 245 3207 t.
266 3147 426 3222 Lentulus,
447 3145 499 3224 qui
518 3148 634 3208 Romae
654 3147 843 3221 substiterat,
866 3147 986 3209 comitia
1006 3147 1187 3208 censoribus

214 3232 354 3292 creandis
369 3230 483 3292 habuit
510 3230 612 3292 multis
626 3231 716 3292 claris
731 3231 903 3308 petentibus
917 3232 991 3292 viris
1006 3231 1099 3291 creati
1113 3247 1186 3292 cen·

215 3330 302 3377 sores
322 3315 354 3375 P.
371 3314 528 3376 Cornelius
545 3312 649 3391 Scipio
664 3316 826 3376 Africanus
849 3322 880 3376 et
896 3315 928 3375 P.
943 3312 1050 3377 Aelius
1062 3315 1185 3376 Paetus.

214 3400 234 3460 ii
247 3414 358 3475 magna
377 3400 453 3460 inter
473 3414 508 3460 se
530 3399 695 3461 concordia
714 3408 744 3460 et
763 3406 900 3461 senatum
921 3401 987 3461 sine
1006 3400 1098 3461 ullius
1113 3413 1187 3460 nota

212 3483 358 3559 legerunt,
374 3492 405 3545 et
418 3483 554 3560 portoria
566 3482 747 3544 venalicium
762 3483 884 3559 capuae
894 3483 1099 3559 Puteolisque,
1114 3483 1185 3543 item

422 3754 445 3817 β
