2600 4000
289 252 405 314 LIBER
414 252 546 314 XXXlll.
564 255 645 315 CAP.
658 263 701 317 14.
715 266 757 318 15.
781 265 938 334 [111111]
1064 262 1105 325 fla

122 416 236 471 metum
255 407 338 469 hosti
359 406 390 466 11
405 406 475 468 finis
491 406 708 487 Sicyoniorum
722 411 996 484 transcendebant;
1019 416 1104 477 navi-

123 494 181 555 bus
203 492 295 553 etiam
317 490 512 552 circumvecti
533 508 653 553 omnem
675 508 760 553 oram
776 493 913 554 Achaiae
934 498 1103 561 vastabant.

123 595 193 640 curn
206 577 238 637 id
262 574 392 635 effusius
414 574 535 650 hostes,
557 577 682 637 1111111
696 577 734 637 ab
750 577 843 636 nimia
855 577 984 654 fiducia,
1002 584 1102 656 negle-

122 661 242 738 gentius
268 659 359 732 etiam
385 661 535 735 facerent,
560 660 720 721 Niceratus
741 676 829 737 spem
850 668 958 723 nactus
979 666 1103 741 necopi-

122 752 231 806 nantes
252 759 308 805 eos
323 742 537 817 adgrediendi,
560 743 641 804 circa
656 745 797 805 finitimas
813 745 951 807 civitates
967 748 1103 811 nuntium

123 829 276 892 oecultum
296 827 399 901 mittit,
421 843 482 902 quo
505 826 555 887 die
576 834 606 888 et
626 829 712 904 quod
725 845 765 888 ex
782 845 906 905 quaque
921 830 1042 891 civitate
1056 848 1102 891 ar-

122 913 194 974 mati
209 913 249 972 ad
262 911 451 988 Apelaurum
462 909 728 989 -Stymphaliae
745 920 843 973 terrae
857 914 885 974 is
900 915 989 974 locus
1005 921 1102 975 est-

122 995 329 1058 convenirent.
356 994 496 1058 omnihus
512 996 552 1054 ad
567 995 648 1055 diem
663 996 792 1057 edictam
807 998 931 1073 paratis,
946 999 1107 1073 profectus,

121 1080 194 1142 inde
207 1079 362 1154 extemplo
377 1095 433 1154 per
442 1078 644 1139 Phliasiorum
659 1081 737 1140 lines
752 1089 841 1142 noete
854 1082 983 1143 Cleonas
995 1081 1103 1144 insciis

122 1164 279 1238 omnibus,
307 1163 381 1240 quid
400 1169 538 1237 pararet,
561 1164 709 1237 pervenit.
748 1172 834 1226 erant
853 1171 954 1225 autem
975 1182 1043 1227 cum
1065 1182 1102 1227 eo
1182 1236 1184 1239 .

122 1249 259 1325 quinque
279 1247 362 1306 milia
382 1247 532 1321 peditum,
554 1262 594 1305 ex
616 1246 727 1323 quihus
740 1245 755 1284 *
768 1245 938 1310 armaturae
959 1250 1051 1324 111111,
1073 1259 1104 1311 11

122 1332 250 1394 trecenti
261 1329 390 1407 equites.
406 1346 475 1391 curn
485 1330 522 1390 iis
535 1330 633 1405 copiis
648 1330 782 1393 dimissis
796 1332 850 1408 qui
860 1335 1093 1409 specularentur

123 1432 215 1491 quam
238 1415 268 1473 in
289 1421 406 1489 partem
430 1414 536 1475 hostes
561 1414 755 1475 effunderent
778 1433 850 1478 sese
875 1417 1101 1493 opperiebatur.

122 1499 190 1559 XV.
220 1498 451 1560 Androsthenes
478 1499 612 1559 omnium
632 1499 756 1574 ignarus
779 1500 922 1562 Corintho
943 1503 1102 1576 profectus

123 1583 164 1643 ad
177 1581 320 1642 Nemeam
334 1583 480 1643 -amnis
501 1589 548 1643 est
566 1582 752 1645 Corinthium
773 1591 804 1645 et
818 1584 996 1664 Sicyonium
1011 1584 1102 1643 inter-

123 1667 224 1727 fluens
244 1682 350 1743 111111
359 1673 515 1728 -castra
529 1668 618 1728 locat.
655 1666 697 1728 ibi
710 1673 798 1743 parte
812 1668 936 1728 dimidia
949 1667 1102 1727 exercitus

123 1749 257 1825 dimissa,
274 1750 428 1812 dimidiam
439 1784 480 1795 -
491 1751 637 1814 trifariam
649 1751 805 1811 divisit—
816 1758 846 1811 et
861 1766 968 1811 omnes
983 1751 1101 1826 equites

122 1835 294 1896 discurrere
319 1836 359 1895 111
380 1837 616 1911 depopulandos
638 1835 728 1895 simul
746 1833 970 1895 Pellenensium
993 1833 1102 1913 Sicyo-

122 1919 266 1995 niumque
286 1935 380 1993 agros
398 1926 429 1978 11
440 1918 606 1979 Phliasium
620 1919 712 1980 iubet.
748 1919 825 1978 haec
841 1920 899 1980 tria
912 1919 1036 1979 diversa
1049 1936 1101 1994 ag·

121 2004 202 2064 mina
212 2004 397 2065 discessere.
419 2004 502 2076 quod
513 2003 566 2062 ubi
578 2002 707 2063 Cleonas
720 2003 759 2063 ad
769 2004 941 2065 Niceratum
953 2006 1102 2079 perlatum

122 2095 183 2162 111,
205 2087 361 2159 extemplo
376 2083 509 2143 validam
523 2085 802 2145 mercennariorum
817 2104 938 2148 manum
953 2088 1101 2161 praemis·

120 2168 189 2231 sain
211 2170 251 2228 ad
273 2165 487 2241 occupandum
508 2166 634 2239 saltum,
655 2182 712 2240 per
734 2182 825 2239 quem
839 2171 986 2229 transitus
1000 2170 1030 2228 in
1046 2170 1102 2230 Co·

118 2252 266 2314 riothium
286 2256 334 2309 111
353 2264 474 2324 agrum,
500 2255 570 2309 ante
591 2247 680 2323 signa
693 2248 856 2324 equitibus,
871 2257 905 2311 ut
918 2252 1102 2326 praegrede-

118 2342 242 2408 reatur‚
262 2331 386 2408 locatis,
407 2333 476 2408 ipse
497 2331 658 2394 confestim
679 2332 799 2407 agmine
819 2334 933 2410 duplici
954 2334 1101 2409 sequitur.

121 2424 210 2497 parte
234 2433 296 2479 una
316 2418 516 2478 mercennarii
535 2416 646 2476 milites
667 2418 752 2476 ibant
771 2433 839 2478 cum
860 2419 921 2478 levi
941 2425 1101 2494 armatura,

124 2593 197 2649 erat.
220 2585 279 2645 iam
293 2585 376 2646 haud
390 2587 498 2660 procul
512 2586 623 2646 castris
638 2587 765 2647 aberant
778 2588 898 2663 pedites
908 2587 1100 2663 equitesque,

123 2679 155 2731 11
169 2669 318 2730 Thracum
332 2669 457 2746 quidam
470 2670 500 2728 11
514 2685 611 2745 vagos
626 2672 811 2745 palatosque
824 2687 881 2746 per
896 2687 988 2746 agros
1003 2671 1100 2731 hostis

123 2753 268 2828 impetum
283 2754 429 2828 fecerunt,
445 2769 514 2813 cum
527 2768 640 2829 repens
656 2762 754 2814 terror
769 2755 879 2815 castris
890 2756 1026 2814 infertur.
1043 2761 1101 2813 tre·

123 2836 236 2916 pidare
246 2838 324 2909 dux,
346 2843 381 2898 ut
395 2838 447 2912 qui
460 2838 567 2898 hostes
582 2836 736 2912 nusquam
750 2836 810 2897 nisi
823 2853 911 2898 raros
925 2838 956 2896 in
972 2837 1100 2898 cohibus

124 2929 194 2981 ante
207 2919 382 2999 Sicyonem,
398 2936 460 2981 non
473 2919 614 2981 audentis
630 2936 738 2995 agmen
751 2921 906 2982 demittere
917 2921 948 2980 in
963 2936 1100 2996 campos,
1164 2990 1166 2994 ¹

123 3004 267 3080 vidisset,
289 3005 327 3063 ab
343 3005 463 3065 Cleonis
485 3004 610 3080 quidem
623 3019 807 3065 accessuros
822 3020 988 3080 numquam
1003 3003 1098 3064 credi-

125 3088 231 3148 disset.
253 3088 393 3148 revocari
407 3087 481 3149 tuba
496 3088 580 3149 iubet
592 3104 691 3164 vagos
706 3105 724 3148 a
738 3087 848 3149 castris
863 3089 1011 3164 dilapsos.
1033 3089 1101 3162 ipse

123 3172 233 3246 raptim
254 3187 365 3246 capere
388 3171 763 3247 11111111111111111111,
784 3171 967 3248 infrequenti
982 3170 1102 3246 angne

123 3263 214 3330 porta
234 3271 380 3330 egressus
402 3271 496 3330 super
515 3256 629 3316 flumen
643 3255 765 3316 instruit
777 3256 883 3316 aciem.
915 3262 1035 3315 ceterae
1050 3270 1102 3314 oo-

124 3339 194 3414 piae
218 3339 271 3399 vix
295 3339 395 3414 colligi
421 3345 514 3414 atque
535 3339 644 3400 instrui
669 3355 737 3400 cum
761 3339 948 3416 potuissent,
971 3339 1101 3414 primum

122 3422 256 3484 hostium
282 3423 427 3499 impeturn
453 3439 515 3484 non
539 3424 680 3484 1111111111.
712 3423 901 3485 Macedones
921 3429 951 3482 et
970 3420 1101 3479 maxime

123 3506 257 3567 omnium
283 3508 460 3582 trequentes
485 3507 525 3567 ad
545 3508 634 3581 signa
654 3507 788 3582 fuerant,
816 3514 847 3566 et
866 3506 920 3565 1111
938 3500 1102 3576 ancipitem
