2600 4000
217 227 278 288 ³⁰6
349 222 462 284 LIBER
477 222 624 283 llxxvii.
648 221 731 282 chr.
743 232 787 284 51.
799 230 843 283 52.
865 228 901 295 [a.
915 228 950 279 U.
962 245 986 281 c.
998 230 1060 294 5⁶3]

216 377 382 438 maximusa
404 380 576 451 praetorem
591 373 687 445 bunc,
701 387 741 432 ne
753 373 784 432 in
800 372 970 432 Sardiniam
984 372 1202 448 proficiscere

216 468 273 533 tur,
287 460 319 519 P.
331 458 466 519 Licinius
477 456 581 518 tenuit
604 462 636 517 et
646 456 678 516 in
692 465 800 518 senatu
815 456 900 516 etad
915 456 1064 532 populum
1078 458 1201 533 magnis

217 542 461 607 contentionibus
477 546 624 601 certatura
638 547 701 615 est,
720 546 752 600 et
771 539 899 615 imperia
919 539 1046 600 inhibita
1059 541 1142 600 ultro
1158 542 1200 601 ei·

215 636 341 706 troque,
367 633 397 687 el
421 624 548 702 pignera
573 630 677 700 capta,
703 629 734 684 et
758 624 870 683 multae
895 621 1008 697 dictam,
1035 630 1067 684 el
1086 623 1201 686 tribuni

217 710 376 791 appellati,
401 716 433 771 et
456 712 656 786 provocatum
686 707 726 768 ad
750 707 899 783 populum
923 713 981 768 est.
1022 707 1133 782 religio
1160 709 1201 768 ad

217 804 406 874 postremam
421 791 507 869 vicit,
528 799 561 855 ut
574 791 656 853 dieto
671 790 799 851 audieus
815 795 900 851 esset
913 788 1026 851 flamen
1040 789 1200 867 pontificu

217 890 247 943 et
259 882 354 942 multa
367 879 455 939 iussu
470 875 575 954 populi
590 876 619 935 ei
638 874 779 936 remissa.
808 874 854 934 ira
874 874 1052 949 provinciae
1073 881 1201 951 ereptae

217 972 388 1041 praetorem
402 960 580 1037 magistratu
591 960 735 1020 abdicare
749 973 785 1020 se
799 964 960 1020 conantem
973 965 1079 1035 patres
1093 964 1198 1019 aucto-

217 1048 304 1108 ritato
318 1061 377 1107 sua
390 1046 616 1119 deterruerunt,
634 1051 665 1104 et
684 1049 718 1104 ut
731 1043 780 1103 ius
794 1041 872 1102 inter
886 1041 1068 1117 peregrinos
1083 1041 1199 1102 diceret

217 1130 428 1191 decreverunt
447 1127 608 1189 dilectibus
621 1127 732 1187 deinde
743 1126 951 1202 intrapaueos
963 1125 1085 1185 dies-
1094 1140 1199 1201 neque

217 1213 295 1274 enim
307 1212 392 1273 multi
404 1211 513 1272 milites
524 1210 645 1288 legendi
657 1209 1097 1285 erant-perlectiseonsules
1108 1225 1197 1285 prac-

216 1303 363 1371 toresque
383 1295 414 1354 in
435 1294 613 1371 provincias
635 1291 882 1374 proficiscuntur.
918 1294 1000 1353 lama
1025 1293 1139 1353 deinde
1159 1292 1198 1353 de

216 1379 309 1440 rebus
323 1379 354 1439 iu
367 1378 444 1440 Asia
457 1379 553 1453 gestis
572 1384 685 1439 temere
699 1379 823 1453 uulgata
836 1376 904 1439 sine
918 1382 1061 1446 auetnre;
1082 1382 1113 1436 et
1126 1386 1195 1452 pasl

218 1464 284 1525 dies
305 1477 422 1540 paucos
443 1461 539 1524 nanta
560 1463 633 1523 certi
653 1464 832 1537 litteraeque
855 1461 1049 1536 imperatoris
1068 1461 1195 1523 Romam

217 1548 351 1624 adlatae,
374 1561 454 1623 quae
476 1561 537 1607 non
553 1552 667 1606 tanlmn
682 1545 828 1621 gaudium
842 1544 880 1605 ab
895 1545 1010 1605 recenti
1023 1551 1107 1605 metu
1120 1551 1195 1607 attu-
1282 1607 1283 1610 ,

217 1630 541 1694 lerunt-desierant
561 1629 640 1691 enim
666 1629 776 1689 vietum
803 1630 834 1689 in
858 1630 979 1690 Aetolia
1004 1634 1195 1689 metuere-
1282 1615 1283 1670 ἶ

218 1733 310 1793 quam
330 1732 350 1777 a
369 1722 473 1777 vetere
493 1716 588 1790 lama,
611 1713 694 1788 quod
714 1713 888 1775 ineuntibus
909 1713 941 1774 id
961 1713 1074 1774 bellum
1092 1714 1196 1788 gravia

217 1800 314 1861 hastis
330 1806 361 1859 et
374 1801 439 1862 suis
451 1798 583 1873 viribus,
598 1804 630 1859 et
643 1798 729 1874 quod
742 1798 942 1859 Hannibalem
955 1804 1107 1859 rectorem
1121 1797 1197 1857 mili-

218 1884 276 1942 tiae
291 1881 431 1956 haberet,
446 1883 533 1943 visus
549 1883 656 1943 luerat.
677 1880 750 1942 nihil
762 1888 863 1943 mmen
874 1887 927 1943 aut
937 1882 976 1941 de
988 1882 1118 1943 consule
1131 1881 1200 1941 mit·

216 1965 308 2027 tendo
334 1964 364 2025 in
388 1966 495 2027 Asiam
518 1967 696 2029 mutandum
720 1972 773 2029 aut
795 1965 977 2027 minuendas
998 1965 1066 2027 eius
1088 1965 1197 2042 copias

217 2057 402 2111 censuerunt
415 2057 513 2126 metu,
528 2067 568 2112 ne
583 2066 651 2113 eum
668 2051 761 2112 Gallis
773 2051 852 2112 leret
867 2049 1052 2112 bellandum.

300 2133 361 2194 LII.
382 2135 474 2196 Haud
495 2137 588 2197 multa
613 2141 686 2210 post
703 2135 745 2195 Μ.
759 2134 903 2196 Aurelius
924 2134 1010 2196 Cotta
1030 2136 1152 2210 legatus
1166 2134 1198 2194 L.

217 2217 370 2295 Scipionis
397 2235 464 2280 cum
484 2217 627 2281 Antiochi
651 2221 734 2295 regis
759 2219 883 2295 legalis,
908 2226 939 2279 et
961 2219 1118 2280 Eumenes
1142 2234 1200 2279 rex

215 2301 389 2380 Rhodiique
413 2304 542 2365 Romam
567 2311 724 2365 venerunt.
758 2304 844 2373 Cotta
866 2301 897 2363 in
922 2309 1032 2364 senatu
1056 2303 1199 2379 primum,

216 2386 328 2447 deinde
346 2386 377 2447 in
397 2386 540 2448 condona
559 2388 645 2448 iussu
667 2394 800 2463 patrum,
830 2403 910 2464 quae
930 2394 999 2449 aeta
1012 2388 1042 2447 in
1055 2387 1136 2448 Asia
1151 2403 1199 2447 es·

148 2482 150 2486 ·
217 2476 300 2542 sent,
315 2470 468 2545 exposuit
481 2470 673 2545 supplicatio
684 2470 756 2532 inde
767 2471 797 2531 in
810 2471 942 2534 triduum
957 2473 1082 2533 decreta
1096 2479 1156 2545 est,
1171 2477 1202 2530 et

217 2550 418 2625 quadraginta
428 2551 560 2621 maiores
572 2552 691 2614 hostiae
701 2554 848 2617 immolari
859 2556 973 2618 iussae.
989 2563 1052 2617 tum
1064 2554 1201 2615 omnium

216 2632 345 2709 primum
365 2634 493 2696 Eumeni
515 2644 641 2698 senatus
662 2636 752 2699 datus
772 2647 828 2700 est.
862 2640 889 2700 is
915 2655 984 2700 cum
1008 2639 1145 2699 breviter
1171 2645 1201 2698 et

216 2716 332 2792 egisset
355 2716 468 2795 gratias
490 2720 644 2798 patribus,
670 2724 755 2796 quod
779 2722 942 2785 obsidione
962 2739 997 2784 se
1017 2739 1055 2783 ac
1074 2723 1201 2783 iratrem

219 2802 407 2865 exemissent
425 2814 621 2882 regnumque¹
634 2806 673 2867 ab
688 2806 805 2869 iniuriis
819 2807 963 2869 Antiochi
977 2804 1199 2880 vindicassent,

217 2891 248 2946 et
262 2889 430 2960 gratulatus
445 2895 544 2964 esset,
560 2892 645 2968 quod
659 2892 735 2952 mari
747 2892 890 2967 terraque
904 2905 1055 2968 prospere
1064 2905 1116 2950 res
1127 2905 1200 2964 ges·

217 2968 345 3044 sissent,
363 2973 509 3048 quodque
519 2990 624 3049 regem
637 2975 820 3038 Antiochum
836 2977 938 3037 lusum
952 2975 1156 3049 fugatumque
1171 2981 1202 3034 et

216 3060 341 3113 exutum
356 3056 465 3117 castris
474 3058 566 3133 prius
580 3058 720 3135 Europa,
740 3066 854 3136 postet
867 3059 945 3120 Asia
959 3074 1040 3134 quae
1060 3057 1105 3118 eis
1119 3058 1200 3117 Tau-

215 3151 282 3196 rum
297 3144 431 3199 montem
444 3147 493 3201 est
506 3142 713 3216 expulissent,
728 3159 786 3204 sua
796 3142 909 3203 deinde
920 3142 1028 3203 merita
1037 3142 1130 3201 malle
1140 3155 1201 3201 eos

216 3234 256 3278 ex
271 3219 504 3295 imperatoribus
520 3225 585 3286 suis
600 3224 772 3302 legatisque
783 3242 874 3302 quarn
891 3242 926 3287 se
940 3230 1201 3287 commemorante

216 3317 406 3379 cognoscere
419 3305 504 3367 dixit
524 3307 601 3369 haec
612 3310 853 3384 approbantibus
866 3310 993 3383 cunctis,
1008 3307 1200 3368 iubentibus·

218 3402 279 3462 que
292 3387 396 3448 dicere
410 3389 512 3463 ipsum
527 3392 642 3452 omissa
660 3393 691 3452 in
712 3391 745 3452 id
764 3393 966 3466 verecundia,
987 3392 1063 3467 quid
1082 3390 1144 3452 sibi
1160 3391 1199 3451 ab

137 3488 140 3491 ’
217 3475 326 3531 senatu
340 3474 519 3548 populoque
532 3475 670 3536 Romano
689 3473 779 3535 tribui
799 3491 931 3552 aequum
945 3471 1102 3547 censeret,
1125 3489 1199 3551 pro·
