2600 4000
209 212 272 278 aot
333 212 449 274 nisan
460 212 620 274 mlxvm.
643 212 836 276 anama.
857 214 1050 293 [anama]

207 365 237 429 in
253 380 352 428 cornu
364 370 497 439 utroque
506 395 549 407 ·-
559 361 591 423 id
605 363 686 423 enim
699 361 820 424 roboris
834 377 906 423 esse
916 362 1130 424 videbatur—
1140 365 1184 427 lo-

209 455 311 520 catos;
339 446 550 524 pugnaveritis
568 452 602 505 ut
621 461 691 507 oum
710 445 851 507 hostibus
871 446 976 518 iustis,
1002 445 1188 522 cecideritis,

208 533 309 611 spolia
329 546 437 592 eorum
450 528 633 590 rettuleritis.
668 530 752 605 atqui
767 545 836 590 cum
849 528 1018 605 Antiocho,
1039 545 1102 591 non
1116 547 1187 593 cum

209 616 302 677 Gallis
320 614 433 675 bellum
453 620 485 673 et
503 618 628 673 senatus
650 613 829 674 decreverat
842 621 873 674 et
893 613 1028 689 populus
1042 613 1188 675 iusserat

208 701 266 762 sed
286 698 391 773 simul,
411 703 445 759 ut
465 696 576 772 opinor
592 711 661 756 cum
681 696 729 757 his
750 696 951 758 decreverant
968 696 1188 772 iusserantque

209 784 261 861 qui
279 782 358 843 intra
377 779 533 856 praesidia
553 779 620 839 eius
640 778 786 848 luissent;
807 779 974 855 exquibus
988 786 1111 855 praeter
1123 783 1188 842 An·

208 865 356 939 tiochum,
383 880 452 925 cum
473 878 535 937 quo
556 877 666 939 pacem
686 862 845 939 pepigerat
864 862 968 938 Scipio
989 869 1020 924 et
1039 879 1109 925 cum
1123 881 1188 940 quo

209 948 385 1013 nominatim
406 946 517 1008 toedus
538 952 570 1007 ut
588 945 677 1006 lieret
695 945 936 1021 mandaveratis,
957 962 1065 1008 omnes
1078 947 1187 1009 hostes
1229 952 1231 956 '

209 1039 310 1106 erant,
332 1031 385 1107 qui
405 1045 463 1106 pro
478 1027 631 1091 Andocho
654 1044 739 1089 arma
752 1029 903 1090 adversus
917 1045 975 1091 nos
990 1030 1133 1093 tulerunt
1155 1032 1187 1092 in

209 1131 270 1191 qua
285 1130 380 1175 causa
395 1129 463 1174 cum
475 1112 552 1173 Galli
566 1119 636 1173 ante
651 1127 758 1173 omncs
773 1111 903 1174 missent
914 1118 945 1174 et
953 1114 1052 1187 reguli
1063 1114 1186 1189 quidam

210 1206 241 1259 et
254 1198 392 1276 tyranni,
414 1211 472 1272 ego
487 1203 587 1257 tamen
602 1201 631 1256 et
646 1211 716 1256 cum
730 1194 813 1270 aliis,
835 1212 892 1271 pro
908 1195 1054 1270 dignitate
1066 1197 1186 1271 imperii

210 1280 305 1342 vestri
319 1279 435 1339 coactis
448 1280 534 1339 luere
547 1285 676 1355 peccata
689 1295 756 1352 sua,
774 1294 883 1354 pacem
896 1279 1018 1354 pepigi;
1040 1285 1070 1339 et
1084 1281 1185 1341 Gallo-

208 1379 276 1424 rum
290 1361 418 1434 animos,
433 1361 460 1421 si
474 1368 605 1437 possent
618 1361 748 1437 mitigari
760 1378 780 1422 a
790 1362 907 1423 ienitate
917 1362 1015 1435 insita,
1030 1363 1189 1438 temptavi,

209 1455 238 1508 ot
252 1451 416 1522 postquam
429 1443 594 1505 indomitos
608 1450 702 1519 atque
715 1445 924 1520 implacabiles
936 1445 1109 1520 cernebam,
1123 1453 1189 1508 tum

209 1530 331 1591 demum
343 1529 373 1589 vi
385 1533 476 1604 atqua
487 1525 579 1587 armis
590 1527 780 1589 coercendos
790 1535 876 1590 ratus
887 1543 965 1589 sum.
985 1544 1075 1601 nunc,
1089 1547 1188 1604 quon·

209 1613 269 1674 iam
289 1612 427 1688 suscepti
446 1610 518 1673 belli
538 1616 700 1686 purgatum
720 1617 768 1672 cst
787 1611 915 1686 crimen,
936 1611 1015 1687 gesti
1028 1612 1190 1675 reddenda

210 1704 259 1757 est
273 1697 359 1758 ratio.
381 1694 413 1756 in
428 1710 490 1769 quo
505 1692 691 1757 confiderem
701 1694 843 1769 equidem
858 1710 972 1755 causac
983 1710 1079 1770 meae,
1096 1696 1188 1757 etiam

212 1780 317 1841 sinon
338 1781 420 1855 apud
433 1778 604 1840 Romanum
624 1777 683 1838 sed
701 1777 785 1852 apud
799 1777 1076 1853 Carthaginiensem
1097 1795 1188 1839 sena·

210 1871 272 1924 tum
288 1877 425 1937 agerem,
446 1861 499 1921 ubi
512 1862 544 1921 in
558 1876 681 1921 crucem
694 1861 758 1921 tolli
771 1861 972 1938 imperatores
988 1861 1141 1935 dicuutur,
1157 1864 1187 1923 si

210 1960 362 2023 prospero
377 1951 496 2019 eventu,
512 1959 609 2021 pravo
625 1944 753 2007 consilio
768 1960 833 2006 rem
846 1952 1020 2020 gesserunt.
1055 1943 1111 2007 scd
1124 1961 1186 2022 ego

210 2030 241 2089 in
255 2044 294 2091 ea
308 2029 437 2103 civitate,
454 2045 533 2104 quae
547 2028 617 2090 ideo
628 2028 770 2089 omnibus
781 2029 875 2089 rebus
886 2028 1069 2105 incipiendis
1080 2045 1188 2104 geren·

211 2113 322 2188 disque
343 2112 420 2173 deos
442 2111 579 2187 adhibet,
602 2112 675 2188 quia
693 2111 805 2173 nullius
826 2112 996 2173 calumniae
1016 2113 1128 2174 subicit
1142 2129 1189 2187 ea,

211 2211 291 2272 quae
306 2196 347 2256 dii
363 2195 649 2270 comprobaverunt,
664 2203 695 2257 ct
708 2196 738 2255 in
754 2194 953 2257 sollemnibus
968 2195 1071 2257 verbis
1085 2196 1188 2273 habet,

211 2296 281 2340 cum
294 2277 550 2354 supplicationem
563 2286 614 2340 aut
626 2278 811 2355 triumphum
825 2278 969 2354 decernit,
990 2279 1096 2353 „quod
1109 2278 1191 2340 bene

211 2378 247 2423 ac
257 2362 385 2424 tolicitar
393 2377 458 2422 rem
467 2361 619 2438 publicam
632 2361 877 2437 administrarit“,
886 2362 913 2422 si
925 2362 1046 2436 nollem,
1054 2359 1083 2422 si
1093 2377 1190 2436 grave

211 2462 248 2507 ac
269 2443 436 2521 superbum
457 2444 663 2506 existimarem
680 2445 790 2505 virtute
810 2443 950 2520 gloriari,
971 2460 1027 2521 pro
1046 2444 1190 2505 felicitate

210 2542 279 2587 mea
299 2529 515 2603 exercitusque
535 2527 608 2600 mei,
631 2528 716 2600 quod
737 2535 849 2588 matam
870 2527 1023 2589 nationem
1045 2527 1113 2588 sine
1127 2529 1190 2589 ulla

210 2609 335 2669 militum
349 2608 465 2669 iactura
479 2607 662 2681 devicimuS,
681 2613 878 2685 postularem,
893 2618 927 2671 ut
940 2612 998 2672 diis
1013 2610 1188 2673 immortali·

210 2691 269 2752 bus
293 2691 394 2753 honos
418 2690 582 2752 haberetur
604 2699 635 2753 ct
654 2691 723 2768 ipse
742 2694 932 2770 triumphans
954 2695 986 2755 in
1007 2694 1190 2770 Capitolium

210 2775 425 2849 ascenderem,
450 2774 533 2836 unde
552 2775 632 2837 votis
651 2777 708 2838 rite
727 2777 910 2853 nuncupatis
931 2778 1088 2853 protectus
1109 2793 1189 2851 sum,

210 2858 364 2934 negaretis
378 2859 438 2920 hoc
451 2858 524 2919 mihi
539 2875 608 2920 cum
623 2861 682 2921 diis
697 2861 958 2922 immortalibus‘s
987 2860 1090 2922 XLIX.
1111 2861 1190 2934 „ini-

212 2958 273 3017 quo
288 2942 368 3003 enim
382 2945 452 3004 loco
467 2943 618 3005 dimicavi.
650 2944 701 3005 dic
714 2944 817 3019 igitur,
841 2960 903 3020 quo
918 2944 1065 3020 aequiore
1079 2950 1190 3020 potue

210 3023 266 3085 rim
280 3022 435 3087 dimicare.
457 3041 527 3088 cum
540 3033 674 3087 montem
687 3027 794 3090 hostes
810 3027 973 3103 cepissent,
988 3029 1058 3088 loco
1070 3024 1190 3088 munito

210 3123 246 3169 se
265 3114 418 3184 tenerent,
443 3123 554 3185 nempe
573 3111 708 3171 eundum
729 3112 769 3171 ad
788 3111 895 3172 hostes
915 3117 997 3186 erat,
1015 3110 1044 3171 si
1063 3110 1191 3171 vincere
1279 3099 1285 3125 ¹

209 3192 329 3253 vadem.
358 3192 453 3268 quida
473 3193 500 3253 si
513 3191 620 3253 urbem
635 3208 673 3254 ec
687 3194 756 3255 loco
771 3194 920 3255 haberent
933 3201 964 3256 et
976 3192 1137 3255 moenibus
1152 3207 1190 3253 se

210 3281 367 3336 sancienti
387 3290 498 3352 nempe
518 3275 719 3351 oppugnandi
739 3286 833 3339 arant.
868 3277 964 3353 quida
984 3277 1023 3337 ad
1042 3274 1190 3337 ‘thermo-

212 3360 301 3438 pylas
315 3374 459 3435 aequone
471 3359 542 3419 loco
552 3358 604 3419 Μ’.
614 3358 733 3422 Acilius
744 3376 814 3422 cum
823 3376 896 3436 rege
905 3360 1058 3421 Antiocho
1069 3374 1189 3435 pugna·

209 3444 274 3503 vitt
293 3442 397 3519 ,qollt
424 3440 596 3518 Philippum
624 3459 687 3504 non
714 3443 823 3505 codem
849 3443 942 3505 modo
967 3458 1062 3519 super
1085 3442 1188 3503 Aoum
