2600 4000
210 266 272 336 ne
300 268 415 329 aman
425 265 556 339 xxmu,
571 227 759 326 carane
774 264 1105 343 [anastaseos]

209 435 288 496 gens
302 416 443 495 pervenit
452 416 483 476 in
493 415 634 495 Lyciam3
648 403 829 491 Pauitsquc
840 412 964 490 cognito
977 415 1083 476 vivere
1090 415 1188 480 Ptole·

210 497 1017 578 meeumnavigsndiquidemintegyptumomissum
1026 499 1188 562 eonsilium

210 595 274 649 ests
288 585 423 665 cyprum
434 582 527 645 nihilo
538 581 640 643 minus
650 589 770 659 petens,
782 597 851 643 cum
860 581 1105 646 Chelidoniarum
1115 600 1186 660 pre-

209 670 392 732 munturium
412 672 605 743 superasset,
626 666 785 741 paulisper
805 665 956 728 seditione
974 666 1123 742 remigum
1140 677 1189 731 est

209 761 346 817 retenens
360 753 391 812 in
404 749 584 830 Pamphylia
597 750 681 811 circa
689 748 949 828 Eurymedontem
964 764 1093 814 amnem
1115 751 1187 813 inde

209 839 381 915 proiectum
393 849 465 895 eum
479 833 520 894 ad
533 832 634 909 capita
649 847 730 909 quae
742 838 856 895 vocant
866 831 934 894 Sari
947 831 1082 895 fluminis
1096 835 1188 897 foeda

209 927 379 996 tempestas
388 918 497 980 adeste
507 931 607 993 prope
618 932 687 978 cum
699 914 782 980 omni
792 917 894 978 classe
907 914 1061 979 demersit
1075 919 1187 979 multae

209 1005 340 1077 tractae,
360 1002 473 1063 midae
493 1001 608 1063 eiectae
628 1015 739 1075 neves,
760 1001 873 1062 multae
892 1000 936 1060 ita
954 999 1084 1064 haustae
1101 1002 1188 1077 mari,
1297 1007 1298 1074 i

209 1096 243 1149 ut
256 1085 516 1147 nemeinterram
530 1083 635 1147 enarit.
657 1099 768 1160 magna
780 1083 828 1144 vis
842 1083 999 1147 hominum
1011 1083 1055 1145 ibi
1068 1083 1188 1161 interiit,
1297 1103 1298 1144 t

210 1186 273 1232 non
286 1165 433 1244 remigum
447 1168 540 1231 modo
555 1167 743 1244 militumque
756 1169 879 1243 nactae
892 1167 1009 1241 turbae,
1025 1168 1083 1229 sed
1097 1170 1188 1230 etiam

208 1251 371 1329 insignium
394 1251 478 1327 regis
497 1248 674 1314 amicorum.
708 1251 845 1314 collectis
867 1244 1007 1328 reliquiis
1028 1252 1186 1328 naufragii,

211 1352 280 1398 cum
301 1352 354 1397 res
374 1343 436 1398 non
451 1336 483 1395 in
502 1349 540 1396 eo
554 1342 673 1410 essent,
693 1341 727 1395 ut
741 1334 876 1414 Cyprum
888 1340 1066 1410 temptaret,
1088 1336 1187 1397 minus

211 1421 358 1497 opulento
378 1418 499 1496 agmine
519 1435 610 1494 quarn
631 1419 789 1494 proiectus
810 1424 876 1480 erat
896 1416 1068 1479 Seleuciam
1088 1419 1187 1480 rediit
1297 1425 1298 1428 ’

208 1501 251 1564 ibi
261 1503 392 1564 subduci
402 1501 532 1563 navibus
544 1500 846 1564 iussis-iamenim
858 1506 889 1563 ot
899 1501 997 1563 hiems
1007 1502 1188 1565 instabat—
1241 1562 1246 1568 .

209 1585 278 1663 ipse
291 1587 322 1647 in
336 1585 464 1647 hiberna
471 1585 667 1648 Antiochiam
680 1586 844 1649 concessit
866 1586 898 1646 iu
911 1584 973 1647 hoc
986 1592 1069 1649 statu
1081 1602 1188 1663 regum

209 1678 382 1814 emmffil.
414 1754 531 1816 Romae
552 1766 589 1813 eo
610 1751 740 1828 primunr
764 1768 845 1814 anno
865 1750 1013 1815 triumviri
1037 1753 1187 1829 epulones

209 1837 281 1899 lacti
301 1837 333 1899 c.
347 1836 481 1898 Licinius
498 1835 644 1898 Lucullus
664 1835 803 1898 tribunus
824 1835 940 1912 plebis,
963 1837 1015 1912 qui
1035 1837 1134 1912 legem
1149 1836 1189 1897 de

210 1920 352 1981 creandis
372 1918 420 1980 bis
442 1920 567 1994 tulerat,
588 1927 619 1982 et
637 1919 670 1980 P.
684 1918 817 1981 Manlius
837 1925 868 1980 et
886 1919 919 1979 P.
933 1920 1061 1984 Porcius
1078 1919 1185 1983 Laeca.

209 2003 247 2064 iis
268 2003 448 2078 triumviris,
470 2004 542 2065 item
555 2011 590 2066 ut
603 2002 814 2081 pontificibus,
835 2005 904 2079 lege
918 2004 1022 2067 datum
1037 2011 1085 2067 est
1097 2011 1189 2080 togae
1296 2004 1297 2007 ’

210 2094 389 2164 praetextae
413 2087 574 2150 habendae
596 2089 655 2153 ins.
691 2089 747 2150 sod
773 2102 917 2164 magnum
940 2095 1093 2150 certamen
1118 2104 1187 2148 cnm

209 2173 352 2234 omnibns
373 2172 586 2235 sacerdotibus
602 2189 642 2236 eo
658 2189 738 2235 anno
754 2170 810 2234 init
824 2172 1038 2247 quaestoribus
1051 2171 1188 2246 tubanis,

209 2256 243 2332 Q.
257 2255 352 2319 Fabio
367 2256 504 2320 Labeoni
518 2264 549 2318 et
561 2256 594 2316 L.
609 2255 744 2319 Aurelio.
773 2255 906 2333 pecunie
920 2272 1000 2332 opus
1015 2260 1088 2330 erat,
1104 2254 1190 2332 quod

208 2340 341 2402 ultimam
363 2342 546 2417 pensionem
566 2341 716 2415 pecuniae
735 2340 766 2398 in
780 2338 894 2401 bellum
908 2341 1037 2401 collatae
1051 2338 1189 2416 persolvi

208 2425 367 2501 placuerat
380 2423 517 2499 privatis.
547 2428 729 2497 quaestores
742 2422 783 2484 ab
798 2423 964 2499 auguribus
977 2423 1187 2500 pontificibus·

209 2521 271 2582 que
291 2506 376 2581 quod
396 2505 581 2581 stipendium
601 2521 658 2581 per
676 2507 789 2568 ballum
809 2522 872 2568 non
887 2507 1090 2569 contulissent
1103 2513 1188 2583 pete·

208 2589 291 2650 bant.
312 2589 352 2649 ab
367 2587 580 2650 sacerdotibus
594 2587 707 2650 tribuni
720 2590 820 2665 plebis
832 2591 1018 2668 nequiquam
1031 2590 1186 2667 appellati,

208 2673 404 2748 omniumque
429 2686 577 2734 annorum
601 2687 659 2748 per
683 2689 762 2750 quos
786 2690 849 2736 non
873 2675 1022 2736 dederant
1046 2680 1188 2735 exactum
1289 2696 1291 2723 t

208 2762 264 2816 est.
285 2755 395 2817 eodem
409 2771 490 2818 anno
505 2756 567 2823 duo
582 2758 693 2819 mortui
704 2758 877 2834 pontifices,
893 2757 1029 2835 novique
1039 2758 1070 2818 in
1081 2772 1187 2819 eorum

207 2841 311 2900 locum
326 2837 456 2916 suffecti,
467 2839 508 2900 Μ.
519 2839 683 2904 Marcellus
697 2842 805 2904 consul
815 2841 847 2901 in
859 2842 961 2904 locum
972 2842 1003 2903 c.
1014 2836 1188 2921 Sempronii

207 2922 363 2998 Tuditani,
381 2925 433 2999 qui
446 2930 571 3001 praetor
583 2922 615 2984 in
628 2925 778 3001 Hispania
791 2926 984 3001 decesserat,
1000 2934 1030 2987 et
1045 2925 1079 2986 L.
1094 2923 1187 2984 Vale·

206 3006 271 3068 rius
291 3004 419 3069 Flaccus
437 3008 469 3067 in
487 3008 589 3070 locum
609 3007 651 3068 Μ
667 3008 798 3071 cornelii
814 3008 946 3085 cethegi.
980 3015 1010 3070 ot
1024 3009 1058 3085 Q.
1073 3008 1187 3070 Fabius

206 3088 358 3153 Maximus
373 3107 472 3168 augur
484 3099 622 3153 mortuus
636 3099 686 3154 est
699 3092 865 3155 admodum
875 3094 1069 3168 adolescens,
1085 3089 1186 3168 prius·

207 3189 299 3250 quam
319 3175 414 3236 ullum
434 3174 644 3250 magistratum
660 3183 799 3253 caperot3
821 3192 932 3238 necao
948 3192 1028 3238 anno
1044 3175 1188 3252 auguria

207 3256 273 3318 eius
287 3259 389 3320 locum
402 3265 451 3319 est
464 3256 622 3320 suffectus.

291 3340 417 3403 comitia
440 3340 513 3403 inde
535 3342 710 3404 consularia
730 3343 834 3405 habita
853 3360 872 3404 a
890 3343 932 3404 Μ.
946 3343 1093 3407 Marcello
1115 3358 1189 3404 con·

207 3424 284 3487 sule.
317 3426 409 3487 creati
430 3426 574 3488 consules
594 3426 628 3486 L.
643 3427 786 3489 Valerius
805 3426 934 3489 Flaccus
954 3436 986 3489 ct
1004 3427 1045 3488 Μ.
1060 3425 1189 3488 Porcius

206 3514 289 3571 ¹iate.
310 3518 470 3588 praetores
482 3508 554 3571 inde
565 3509 637 3571 iacti
647 3508 704 3585 Cn,
712 3509 843 3571 Manlius
853 3511 953 3573 Vulso
965 3511 1026 3590 Ap.
1041 3508 1190 3571 Claudius
