2600 4000
290 213 771 321 amnemamnem.
794 263 950 332 [acan]
1050 256 1113 320 aaa

138 429 217 474 vana
233 411 387 488 promissa
406 410 547 470 incusare
568 418 599 473 et
617 411 800 486 Thoantem,
821 411 1020 472 Hannibalern
1040 428 1114 475 vera

138 512 200 557 nan
210 502 243 555 ut
254 495 435 571 prudentem
446 500 562 554 tantum·
571 493 679 569 virum,
692 494 750 556 sed
761 510 860 571 prope
870 501 971 556 vatem
984 497 1116 557 omnium
1148 535 1152 542 -

140 585 303 657 quactum
323 578 493 651 evenirent,
515 577 668 638 admirari.
694 595 735 638 ne
757 584 858 639 tamen
878 586 992 639 temere
1007 587 1116 654 coepta

106 662 108 665 ⁴
140 662 269 738 segnitia
289 662 416 737 insuper
436 668 599 737 everteret,
620 663 744 723 nuntios
758 662 789 721 in
803 659 953 724 Aetoliam
968 662 1063 736 misit,
1084 669 1119 724 ut

138 746 222 815 omni
236 751 391 807 contracta
404 745 560 805 iuventute
575 746 774 807 convenirent
786 746 935 817 Lamiam,
952 746 1064 822 etipse
1079 761 1116 807 eo
1170 785 1172 790 .

25 825 27 828 ’
139 831 246 891 decem
266 829 347 888 milia
367 829 432 888 lere
452 828 588 905 pediturn
608 844 647 889 ex
662 830 711 889 his
727 829 779 905 qui
793 837 904 904 postea
917 832 1064 890 venerant
1078 845 1118 902 ex

138 913 215 973 Asia
234 914 357 987 expieta
377 912 544 987 etwequites
567 913 751 988 quingentos
774 914 869 973 duxit
902 928 963 988 qao
980 927 1049 973 eum
1064 914 1117 973 aii-

140 1003 253 1072 quanto
275 994 437 1071 pauciores
464 1011 555 1071 quam
575 1012 720 1072 uunquam
741 1002 812 1057 ante
833 996 1066 1072 convenissent,
1088 1005 1118 1058 et

138 1081 294 1156 principes
306 1079 514 1141 tantummodo
526 1095 595 1141 eum
607 1081 715 1156 paucis
727 1080 887 1142 clientibus
899 1087 1011 1152 essent,
1025 1088 1118 1156 atque

138 1164 159 1223 il
175 1164 311 1224 dicerent
325 1163 428 1224 omnia
440 1163 549 1224 sedulo
565 1164 604 1223 ab
620 1166 755 1239 selecta,
769 1171 904 1239 utquam
916 1165 1065 1241 plurimos
1077 1179 1117 1223 ex

137 1247 310 1308 civitatibus
330 1246 395 1308 suis
417 1254 595 1321 evocarent,
615 1263 674 1308 nec
688 1249 866 1309 auctoritate
879 1248 1046 1324 necgratia
1059 1263 1117 1307 nec

139 1332 266 1407 imperio
278 1331 429 1391 adversus
439 1331 642 1393 detractantes
655 1333 788 1393 militiam
798 1330 943 1408 valuisse,
955 1332 1116 1393 destitutus

139 1414 276 1490 undique
291 1423 321 1476 et
334 1412 372 1473 ab
388 1414 468 1490 suis,
485 1415 538 1490 qui
553 1416 750 1478 morabantur
763 1416 794 1478 in
808 1417 898 1491 Asia,
914 1423 945 1476 et
957 1416 996 1476 ab
1011 1415 1115 1490 sociis,

139 1498 192 1575 qai
206 1499 287 1559 eain
304 1511 433 1574 quorum
448 1514 535 1574 spem
546 1508 732 1562 vocaverant
745 1517 806 1562 noa
818 1500 1025 1577 praestabant,
1039 1500 1118 1559 intra

139 1584 249 1644 saltum
275 1581 545 1660 Thermopylarum
575 1600 646 1645 sese
673 1586 798 1660 recepit.
834 1585 866 1644 id
890 1584 1008 1657 iugum,
1031 1583 1117 1642 sicut

139 1667 291 1740 Apennini
306 1667 399 1728 dorso
415 1665 500 1727 ltalia
514 1667 666 1742 dividitur,
682 1671 722 1729 ita
733 1668 863 1727 mediam
877 1666 1032 1726 Graeciam
1045 1664 1115 1724 diri·

138 1750 200 1810 mit.
225 1757 295 1811 ante
310 1751 419 1811 saltum
433 1749 705 1830 Thermopylarum
727 1753 755 1810 in
773 1750 1010 1825 septentrionem
1025 1764 1117 1808 versa

138 1831 249 1910 Epiros
261 1834 479 1895 etPerrhaebia
490 1834 684 1908 otiliagnesia
697 1832 890 1893 etThessalia
901 1839 949 1893 est
960 1831 1115 1892 etPhthio·

139 1925 187 1976 tae
199 1918 317 1977 Achaei
336 1923 367 1976 et
386 1917 472 1976 sinus
486 1916 649 1978 Maliacus:
676 1918 756 1977 intra
775 1917 881 1977 lauces
903 1917 942 1976 ad
960 1916 1115 1979 meridiem

139 2008 269 2075 vergunt
281 1999 420 2061 Aetoliae
434 2016 507 2073 pars
522 2002 619 2060 maior
633 2008 664 2061 et
673 2001 849 2063 Acarnania
862 2007 893 2061 et
907 2016 975 2061 cum
985 1999 1115 2062 Locride

138 2083 248 2143 Phocis
270 2082 441 2142 etBoeotia
463 2082 668 2158 adiunctaque
688 2083 789 2144 insuia
801 2084 942 2158 Euboea,
964 2093 994 2145 et
1007 2099 1112 2145 excur-

139 2171 223 2223 rente
238 2163 267 2223 in
280 2165 372 2223 altum
382 2165 464 2224 velut
475 2167 687 2246 promunturio
696 2166 797 2227 Attica
806 2175 896 2243 terra,
912 2168 969 2228 sita
981 2168 1019 2228 ab
1029 2174 1115 2241 tergo

138 2254 170 2307 et
182 2247 423 2324 Peloponnesus.
458 2247 518 2307 hoc
531 2248 635 2324 iugum
650 2251 688 2310 ab
703 2250 834 2312 Leucate
848 2259 879 2312 et
891 2250 968 2310 mari
982 2250 1019 2311 ad
1036 2251 1115 2310 occi·
1168 2244 1171 2251 '

139 2330 261 2392 dentem
274 2346 367 2393 verso
380 2347 437 2407 per
450 2333 601 2393 Aetoliam
614 2334 655 2394 ad
670 2334 794 2395 alterurn
809 2350 894 2395 mare
909 2332 1017 2394 orienti
1032 2333 1116 2394 obie-

139 2421 220 2475 ctum
240 2415 370 2477 tendens
391 2431 429 2476 ea
451 2423 575 2490 aspreta
591 2432 755 2493 rupesque
768 2417 942 2479 interiectus
958 2416 1063 2490 babet,
1084 2422 1118 2477 ut
1149 2431 1153 2437 ·
1270 2443 1272 2446 >

104 2564 106 2567 ,
139 2515 201 2560 non
223 2501 316 2560 modo
337 2500 490 2583 exercitus
512 2501 569 2560 sed
589 2516 628 2561 ne
643 2501 780 2577 expediti
796 2502 919 2578 quidem
934 2501 1023 2561 iacile
1036 2500 1114 2562 ullas

139 2583 178 2643 ad
191 2583 352 2645 transitum
363 2584 456 2644 calles
467 2582 631 2646 inveniant.
653 2593 808 2646 extremos
820 2587 860 2645 ad
872 2585 1018 2646 orientem
1030 2600 1115 2646 mane

137 2667 175 2727 tis
195 2665 300 2728 Oetam
313 2673 441 2742 vocant,
458 2684 587 2742 quorum
602 2669 688 2743 quod
701 2669 881 2730 altissimum
896 2675 953 2739 est,
970 2667 1116 2728 Callidro-

77 2766 80 2769 ·
137 2766 210 2810 mon
230 2751 416 2825 appehatur;
444 2748 476 2809 in
491 2752 577 2811 euius
599 2754 678 2812 valle
699 2753 738 2813 ad
751 2752 913 2813 Maliacum
934 2753 1032 2811 sinum
1047 2766 1115 2811 ver-

138 2838 230 2907 gente
242 2834 300 2893 iter
313 2839 362 2893 est
374 2848 436 2893 non
448 2833 537 2894 iatius
550 2848 641 2909 quam
651 2835 812 2910 sexaginta
821 2832 945 2910 passus.
966 2835 1044 2895 haee
1054 2850 1116 2895 una

138 2914 274 2976 militaris
287 2916 340 2975 via
354 2923 410 2990 est,
426 2932 488 2990 qua
500 2917 618 2977 traduci
633 2919 796 2993 exercitus,
812 2919 839 2978 si
853 2935 916 2980 non
931 2918 1114 2994 prohibean-

137 3007 194 3073 tur,
212 2999 341 3075 possint.
360 3000 431 3060 ideo
441 2999 545 3077 Pylae,
561 3007 591 3060 et
605 3001 643 3061 ab
658 3002 735 3076 aliis,
751 3000 823 3077 quia
837 3002 955 3062 calidae
971 3017 1070 3078 aquae
1083 2999 1114 3061 in

137 3084 214 3160 ipsis
230 3082 370 3144 faucibus
385 3089 464 3158 sunt,
475 3084 699 3164 Thermopylae
710 3087 797 3148 loeus
809 3083 1114 3162 appellatanaabltis

138 3166 448 3229 Lacedaemoniorum
469 3168 618 3229 adversus
639 3169 755 3250 Tersas·
772 3177 869 3230 morte
890 3170 986 3245 magis
1001 3185 1113 3229 memo-

1 3244 19 3301 ἶ,
138 3250 225 3311 rabili
239 3267 331 3328 qaam
346 3267 458 3327 pugna.

166 3358 168 3361 ·
220 3335 299 3396 xvi.
321 3336 567 3412 Haudquaquam
581 3336 648 3412 pari
662 3345 726 3397 laun
740 3337 841 3398 animo
851 3334 1023 3399 Antiochus
1038 3334 1114 3411 intra
1144 3371 1146 3376 ,
1180 3412 1182 3417 Ι

138 3422 244 3492 portas
264 3419 324 3480 ioci
345 3420 410 3481 eius
433 3420 541 3481 eastris
555 3418 666 3495 positis
681 3420 897 3482 munitionibus
912 3423 1040 3494 insuper
1055 3419 1107 3477 sai

138 3509 201 3560 tum
220 3499 419 3578 impediebat;
449 3510 479 3565 et
500 3519 568 3564 cum
590 3502 704 3577 duplici
724 3504 804 3564 valio
819 3504 968 3575 lassaque
982 3508 1013 3561 et
1026 3516 1113 3560 muro
