2600 4000
244 245 308 308 sto
378 244 493 304 uum
507 242 655 303 xxxvu.
676 240 759 301 cm.
773 249 873 303 moe
893 245 1090 313 [ιωιιι

245 404 323 470 luor,
333 397 489 455 &mneos
499 393 609 453 dentes
618 393 702 453 mile
711 392 863 453 duoentos
872 389 1228 467 munnam

189 501 195 508 ·
245 494 379 541 oorouas
393 477 543 539 duomlm
557 475 1227 552 ulgiulaqmtluoumgmlipoudooeutom

245 564 368 640 triginu
390 569 512 637 septen
534 561 618 621 mlia
635 559 861 635 quadringenta
879 558 1002 634 vigilii,
1026 560 1227 622 unehmun

247 648 416 709 Altioorum
439 645 573 706 duomla
595 644 703 719 viginti
727 650 872 719 qmttuor
892 643 992 716 milia,
1015 642 1227 719 estophum

244 739 382 792 heoeula
394 729 518 804 triginla
529 744 624 789 unum
637 728 721 789 milia
734 729 940 803 septinginta,
958 743 1102 788 nummos
1115 744 1228 789 aureos

244 813 423 891 Philippeos
436 820 558 874 eentum
572 811 776 889 qudraginta
789 811 890 880 millu
909 827 1058 872 vasorum
1067 820 1228 887 mteo

244 915 313 959 rom
328 932 368 944 -
382 898 486 958 omnia
508 897 627 957 eselata
645 903 734 957 eant
747 929 778 940 -
801 895 883 955 mille
902 896 1009 970 pondo
1030 904 1063 956 et
1082 898 1228 970 qmdrm

244 990 336 1058 genta
349 978 455 1057 viginti
469 988 623 1056 annuum,
635 995 800 1040 aureorum
813 979 1228 1056 millepondovigintiqmt

245 1075 324 1127 tuor.
352 1065 493 1126 elduees
512 1065 605 1139 regii,
628 1062 789 1138 praeleoti,
811 1064 970 1138 purpurati
986 1062 1049 1123 duo
1064 1065 1229 1139 etlriginla

244 1157 316 1210 ante
340 1148 580 1209 mumdueti
616 1145 762 1207 militibus
786 1145 1227 1222 quinisieeuidenariidsti

244 1233 361 1307 duplex
381 1230 568 1306 ommuni,
586 1232 699 1307 triplex
720 1231 826 1306 equiti
854 1237 885 1290 et
898 1230 1086 1305 stipendium
1100 1230 1229 1292 militare

244 1323 277 1376 et
289 1316 472 1377 momentum
492 1317 611 1391 duplex
629 1322 703 1390 post
715 1313 902 1390 triumphum
915 1314 1031 1375 datum
1064 1315 1184 1390 proelio
1198 1333 1230 1375 ιιι

245 1401 322 1461 Asia
341 1400 422 1460 laeto
443 1400 560 1474 duplex
580 1399 718 1460 dederat
749 1397 947 1474 triumphavit
965 1414 1049 1460 anno
1066 1400 1131 1459 lere
1144 1406 1228 1474 post,

245 1500 339 1561 quam
353 1484 516 1545 consulatu
528 1483 612 1544 ahlit

328 1566 529 1629 LLEodem
550 1567 615 1626 lere
634 1573 773 1641 tempore
794 1566 1227 1628 eten.llsnliuseonsntis

244 1654 351 1715 Asiam
364 1651 441 1727 etQ.
452 1650 681 1713 FabinsLabeo
694 1657 820 1726 praetor
833 1651 874 1711 ad
888 1652 1021 1712 classem
1034 1652 1128 1711 venit
1150 1661 1228 1712 eote

244 1754 312 1798 rum
332 1737 454 1799 consuli
473 1751 537 1797 non
559 1736 667 1796 deerat
686 1751 756 1795 eum
773 1734 869 1796 Gallis
888 1733 962 1795 belli
982 1736 1127 1805 maleum
1146 1751 1229 1796 mare

245 1827 388 1897 pacatum
402 1828 469 1881 erat
481 1820 604 1881 devicto
617 1818 781 1881 Antiocho.
803 1816 950 1894 eogilanli
963 1817 999 1893 Q.
1009 1818 1107 1880 Fabio
1122 1818 1175 1880 eui
1187 1819 1228 1881 rei

245 1904 440 1980 potissimum
463 1903 632 1978 insisteret,
657 1919 698 1963 ne
718 1902 849 1965 otiosam
874 1901 1065 1978 provinciam
1080 1902 1229 1964 hahuisse

244 1985 342 2047 videri
356 1994 479 2063 posset,
495 1987 643 2063 optimum
656 1989 758 2050 visum
772 1993 822 2049 est
834 1990 865 2047 iu
880 1987 997 2048 Cretam
1012 1986 1147 2047 insulam
1160 1988 1229 2049 trai-

244 2086 325 2132 cere.
346 2070 537 2149 Cydoniatae
550 2072 665 2133 bellum
678 2073 832 2132 adversus
848 2072 1015 2149 Gortynios
1030 2071 1229 2148 Gnosiosipue

243 2155 400 2232 gerebant,
415 2163 447 2218 et
460 2156 652 2232 captivorum
666 2157 874 2219 Romanorum
888 2163 982 2230 atque
996 2153 1094 2216 Italici
1105 2157 1230 2231 generis

244 2256 375 2318 magnus
389 2240 577 2302 numeruslu
589 2241 736 2302 servitute
747 2255 820 2301 esse
830 2245 991 2314 pertotam
1001 2238 1137 2299 insulam
1148 2241 1229 2303 diue

243 2326 342 2387 batur.
373 2326 475 2387 classe
494 2325 534 2386 ab
553 2323 680 2399 Epheso
701 2325 859 2400 protectus
879 2338 950 2384 oum
969 2323 1102 2398 primum
1123 2323 1231 2386 Cretae

243 2410 315 2471 litus
330 2408 435 2485 attigit,
450 2409 574 2470 nuutios
589 2407 673 2469 cirea
686 2407 825 2468 eivihtes
837 2406 929 2481 misit,
942 2415 976 2467 ul
987 2407 1081 2468 armis
1097 2408 1230 2470 absiste

243 2501 325 2566 rent,
347 2494 551 2567 oaptivosque
564 2491 596 2549 in
610 2493 678 2553 suis
694 2508 837 2568 quaeque
851 2489 979 2552 urbdous
993 2493 1143 2568 agrisque
1159 2509 1230 2555 eou-

244 2575 375 2651 quisitos
385 2576 578 2647 reducerent,
589 2577 752 2652 etlegatos
763 2577 916 2637 mitterent
924 2576 967 2636 ad
976 2592 1022 2651 se,
1033 2592 1106 2637 oum
1116 2579 1231 2653 quihus

243 2658 390 2719 derebus
409 2659 451 2719 od
465 2657 621 2719 Cretensis
643 2661 758 2737 pariter
769 2661 992 2736 Romanosque
1004 2662 1231 2737 pertinentibus

243 2749 356 2818 ageret.
379 2740 453 2803 nihil
464 2757 650 2820 magnopere
664 2744 875 2805 eaCretenses
886 2753 1057 2806 moverunt.
1077 2748 1231 2822 captivos,

245 2833 366 2903 praeter
384 2827 559 2905 Gortynios,
574 2829 649 2891 nulli
664 2829 874 2891 reddiderunt
905 2829 1051 2889 Valerius
1063 2829 1179 2891 Antias
1194 2830 1230 2891 ad

244 2917 390 2986 quattuor
401 2912 485 2974 milia
498 2914 701 2989 captivorum,
716 2915 789 2991 quia
800 2913 873 2973 belli
886 2913 985 2973 minas
999 2913 1179 2988 timuerunt,
1194 2930 1232 2974 ex

243 3000 306 3056 tota
325 2995 427 3057 insula
444 2997 566 3058 reddita
580 2998 720 3076 scripsit3
741 3012 872 3073 eamque
888 3013 1016 3058 eausam
1027 2996 1141 3072 Fabio,
1164 3014 1233 3059 oum

245 3093 309 3140 rem
330 3081 443 3141 nullom
457 3080 549 3141 aliam
563 3084 731 3157 gessisset,
754 3080 871 3142 navalis
885 3081 1031 3157 triumphi
1044 3079 1234 3157 impetrandi

241 3161 281 3222 ab
303 3169 415 3224 senatu
434 3164 542 3229 luisse.
575 3181 595 3224 a
613 3166 704 3227 Creta
722 3165 880 3240 Ephesum
899 3164 1014 3226 Fabius
1031 3164 1129 3235 redit;
1159 3164 1233 3226 indo

241 3245 337 3307 tribus
357 3245 490 3308 novibus
509 3246 540 3307 in
554 3248 702 3310 Thraciae
723 3265 808 3310 oram
828 3247 934 3310 missis
954 3248 994 3309 ab
1007 3248 1100 3311 Aeno
1120 3257 1155 3311 et
1167 3247 1232 3312 Μι-

239 3329 658 3476 ξιιιὲἰίἃὲβιιθοεεέἓιίιῖΑιιιίοοὴί
675 3332 786 3394 deduci
800 3330 905 3406 iussit,
926 3339 962 3394 ut
974 3332 1005 3393 iu
1019 3330 1165 3395 liherlste
1179 3346 1234 3396 eso

618 3544 828 3556 ...ιι-υ*-
