<?xml version="1.0" encoding="UTF-8"?>
<!DOCTYPE html PUBLIC "-//W3C//DTD XHTML 1.0 Transitional//EN"
    "http://www.w3.org/TR/xhtml1/DTD/xhtml1-transitional.dtd">
<html xmlns="http://www.w3.org/1999/xhtml" xml:lang="en" lang="en">
 <head>
  <title>
</title>
<meta http-equiv="Content-Type" content="text/html;charset=utf-8" />
  <meta name='ocr-system' content='tesseract 3.04.00' />
  <meta name='ocr-capabilities' content='ocr_page ocr_carea ocr_par ocr_line ocrx_word'/>
</head>
<body>
  <div class='ocr_page' id='page_1' title='image "./aburbeconditali00mlgoog_0040.png"; bbox 0 0 2600 4000; ppageno 0'>
   <div class='ocr_carea' id='block_1_1' title="bbox 197 279 1031 355">
    <p class='ocr_par' dir='ltr' id='par_1_1' title="bbox 197 279 1031 355">
     <span class='ocr_line' id='line_1_1' title="bbox 197 279 1031 355; baseline -0.001 -11"><span class='ocrx_word' id='word_1_1' title='bbox 197 283 237 345; x_wconf 88' lang='grc'>10</span> <span class='ocrx_word' id='word_1_2' title='bbox 342 281 457 342; x_wconf 81' lang='lat' dir='ltr'>LIBER</span> <span class='ocrx_word' id='word_1_3' title='bbox 471 280 576 342; x_wconf 83' lang='lat' dir='ltr'>XXXI.</span> <span class='ocrx_word' id='word_1_4' title='bbox 599 279 683 340; x_wconf 83' lang='lat' dir='ltr'>CAP.</span> <span class='ocrx_word' id='word_1_5' title='bbox 698 289 740 341; x_wconf 90' lang='lat' dir='ltr'>ll.</span> <span class='ocrx_word' id='word_1_6' title='bbox 757 289 799 342; x_wconf 79' lang='lat' dir='ltr'>ta.</span> <span class='ocrx_word' id='word_1_7' title='bbox 822 288 859 351; x_wconf 87' lang='lat' dir='ltr'>[a.</span> <span class='ocrx_word' id='word_1_8' title='bbox 875 287 911 340; x_wconf 88' lang='lat' dir='ltr'>U.</span> <span class='ocrx_word' id='word_1_9' title='bbox 927 305 952 340; x_wconf 80' lang='lat' dir='ltr'>c.</span> <span class='ocrx_word' id='word_1_10' title='bbox 967 288 1031 355; x_wconf 71' lang='lat'><strong>552]</strong></span> 
     </span>
    </p>
   </div>
   <div class='ocr_carea' id='block_1_2' title="bbox 193 430 1179 765">
    <p class='ocr_par' dir='ltr' id='par_1_2' title="bbox 193 430 1179 765">
     <span class='ocr_line' id='line_1_2' title="bbox 195 430 1177 513; baseline -0.001 -16"><span class='ocrx_word' id='word_1_11' title='bbox 195 434 337 513; x_wconf 82' lang='lat' dir='ltr'>quinique</span> <span class='ocrx_word' id='word_1_12' title='bbox 352 435 474 506; x_wconf 90' lang='lat' dir='ltr'>debere,</span> <span class='ocrx_word' id='word_1_13' title='bbox 489 441 523 494; x_wconf 92' lang='lat' dir='ltr'>ut</span> <span class='ocrx_word' id='word_1_14' title='bbox 537 431 595 493; x_wconf 90' lang='lat' dir='ltr'>sibi</span> <span class='ocrx_word' id='word_1_15' title='bbox 608 449 649 493; x_wconf 87' lang='lat' dir='ltr'>ex</span> <span class='ocrx_word' id='word_1_16' title='bbox 664 432 790 493; x_wconf 83' lang='lat' dir='ltr'>loedere</span> <span class='ocrx_word' id='word_1_17' title='bbox 804 430 1011 494; x_wconf 76' lang='lat' dir='ltr'><strong>restituantur.</strong></span> <span class='ocrx_word' id='word_1_18' title='bbox 1046 432 1124 495; x_wconf 90' lang='lat' dir='ltr'>haec</span> <span class='ocrx_word' id='word_1_19' title='bbox 1138 436 1177 497; x_wconf 87' lang='lat' dir='ltr'>ad</span> 
     </span>
     <span class='ocr_line' id='line_1_3' title="bbox 195 514 1177 595; baseline -0.003 -14"><span class='ocrx_word' id='word_1_20' title='bbox 195 517 461 595; x_wconf 80' lang='lat' dir='ltr'>carthaginienses</span> <span class='ocrx_word' id='word_1_21' title='bbox 473 517 624 577; x_wconf 87' lang='lat' dir='ltr'>mandata.</span> <span class='ocrx_word' id='word_1_22' title='bbox 646 514 831 577; x_wconf 85' lang='lat' dir='ltr'>Masinissae</span> <span class='ocrx_word' id='word_1_23' title='bbox 842 515 987 592; x_wconf 78' lang='lat' dir='ltr'>gratulari</span> <span class='ocrx_word' id='word_1_24' title='bbox 997 515 1084 589; x_wconf 87' lang='lat' dir='ltr'>iussi,</span> <span class='ocrx_word' id='word_1_25' title='bbox 1094 518 1177 593; x_wconf 92' lang='lat' dir='ltr'>quod</span> 
     </span>
     <span class='ocr_line' id='line_1_4' title="bbox 195 599 1179 679; baseline -0.002 -15"><span class='ocrx_word' id='word_1_26' title='bbox 195 621 255 666; x_wconf 94' lang='lat' dir='ltr'>non</span> <span class='ocrx_word' id='word_1_27' title='bbox 271 601 403 679; x_wconf 91' lang='lat' dir='ltr'>patrium</span> <span class='ocrx_word' id='word_1_28' title='bbox 416 602 509 662; x_wconf 92' lang='lat' dir='ltr'>modo</span> <span class='ocrx_word' id='word_1_29' title='bbox 522 607 741 675; x_wconf 74' lang='lat' dir='ltr'>recuperasset</span> <span class='ocrx_word' id='word_1_30' title='bbox 751 615 887 675; x_wconf 80' lang='lat' dir='ltr'>regnum</span> <span class='ocrx_word' id='word_1_31' title='bbox 898 601 956 661; x_wconf 92' lang='lat' dir='ltr'>sed</span> <span class='ocrx_word' id='word_1_32' title='bbox 967 608 1054 676; x_wconf 87' lang='lat' dir='ltr'>parte</span> <span class='ocrx_word' id='word_1_33' title='bbox 1065 599 1179 662; x_wconf 87' lang='lat' dir='ltr'>floren·</span> 
     </span>
     <span class='ocr_line' id='line_1_5' title="bbox 193 682 1179 765; baseline -0.003 -15"><span class='ocrx_word' id='word_1_34' title='bbox 193 686 313 750; x_wconf 91' lang='lat' dir='ltr'>tissima</span> <span class='ocrx_word' id='word_1_35' title='bbox 327 683 481 765; x_wconf 77' lang='lat' dir='ltr'><strong>Syphacis</strong></span> <span class='ocrx_word' id='word_1_36' title='bbox 496 682 602 744; x_wconf 87' lang='lat' dir='ltr'>linium</span> <span class='ocrx_word' id='word_1_37' title='bbox 616 683 737 744; x_wconf 84' lang='lat' dir='ltr'>adlecta</span> <span class='ocrx_word' id='word_1_38' title='bbox 752 682 842 743; x_wconf 89' lang='lat' dir='ltr'>etiam</span> <span class='ocrx_word' id='word_1_39' title='bbox 856 685 1005 745; x_wconf 84' lang='lat' dir='ltr'>auxisset.</span> <span class='ocrx_word' id='word_1_40' title='bbox 1037 683 1179 747; x_wconf 78' lang='lat' dir='ltr'>nuntiare</span> 
     </span>
    </p>
   </div>
   <div class='ocr_carea' id='block_1_3' title="bbox 195 766 1291 932">
    <p class='ocr_par' dir='ltr' id='par_1_3' title="bbox 195 766 1291 932">
     <span class='ocr_line' id='line_1_6' title="bbox 195 766 1290 848; baseline -0.005 -16"><span class='ocrx_word' id='word_1_41' title='bbox 195 778 355 848; x_wconf 86' lang='lat' dir='ltr'>praeterea</span> <span class='ocrx_word' id='word_1_42' title='bbox 379 767 457 829; x_wconf 92' lang='lat' dir='ltr'>iussi</span> <span class='ocrx_word' id='word_1_43' title='bbox 481 768 594 828; x_wconf 92' lang='lat' dir='ltr'>bellum</span> <span class='ocrx_word' id='word_1_44' title='bbox 621 782 690 827; x_wconf 91' lang='lat' dir='ltr'>cum</span> <span class='ocrx_word' id='word_1_45' title='bbox 718 782 792 841; x_wconf 79' lang='lat' dir='ltr'>rege</span> <span class='ocrx_word' id='word_1_46' title='bbox 817 766 958 844; x_wconf 92' lang='lat' dir='ltr'>Philippo</span> <span class='ocrx_word' id='word_1_47' title='bbox 988 777 1177 844; x_wconf 86' lang='lat' dir='ltr'>susceptum,</span> <span class='ocrx_word' id='word_1_48' title='bbox 1289 814 1290 819; x_wconf 30' lang='lat'>1</span> 
     </span>
     <span class='ocr_line' id='line_1_7' title="bbox 195 848 1291 932; baseline -0.005 -17"><span class='ocrx_word' id='word_1_49' title='bbox 195 854 280 932; x_wconf 94' lang='lat' dir='ltr'>quod</span> <span class='ocrx_word' id='word_1_50' title='bbox 295 850 560 927; x_wconf 75' lang='lat' dir='ltr'>Carthaginienses</span> <span class='ocrx_word' id='word_1_51' title='bbox 581 849 703 911; x_wconf 82' lang='lat' dir='ltr'>auxiliis</span> <span class='ocrx_word' id='word_1_52' title='bbox 724 848 868 923; x_wconf 87' lang='lat' dir='ltr'>iuvisset,</span> <span class='ocrx_word' id='word_1_53' title='bbox 890 850 1082 927; x_wconf 89' lang='lat' dir='ltr'>iniuriasque</span> <span class='ocrx_word' id='word_1_54' title='bbox 1102 852 1178 913; x_wconf 86' lang='lat' dir='ltr'>inl·</span> <span class='ocrx_word' id='word_1_55' title='bbox 1289 867 1291 893; x_wconf 69' lang='lat' dir='ltr'>t</span> 
     </span>
    </p>
   </div>
   <div class='ocr_carea' id='block_1_4' title="bbox 195 932 1181 2352">
    <p class='ocr_par' dir='ltr' id='par_1_4' title="bbox 195 932 1181 1763">
     <span class='ocr_line' id='line_1_8' title="bbox 196 932 1179 1011; baseline -0.002 -12"><span class='ocrx_word' id='word_1_56' title='bbox 196 938 291 999; x_wconf 82' lang='lat' dir='ltr'>nendo</span> <span class='ocrx_word' id='word_1_57' title='bbox 308 934 403 998; x_wconf 90' lang='lat' dir='ltr'>sociis</span> <span class='ocrx_word' id='word_1_58' title='bbox 418 934 525 1010; x_wconf 92' lang='lat' dir='ltr'>populi</span> <span class='ocrx_word' id='word_1_59' title='bbox 538 933 671 995; x_wconf 89' lang='lat' dir='ltr'>Romani</span> <span class='ocrx_word' id='word_1_60' title='bbox 684 932 833 1010; x_wconf 78' lang='lat' dir='ltr'>flagrante</span> <span class='ocrx_word' id='word_1_61' title='bbox 847 934 928 996; x_wconf 93' lang='lat' dir='ltr'>bello</span> <span class='ocrx_word' id='word_1_62' title='bbox 950 933 1036 995; x_wconf 88' lang='lat' dir='ltr'>ltalia</span> <span class='ocrx_word' id='word_1_63' title='bbox 1058 935 1179 1011; x_wconf 85' lang='lat' dir='ltr'>coegis·</span> 
     </span>
     <span class='ocr_line' id='line_1_9' title="bbox 196 1017 1179 1094; baseline -0.002 -11"><span class='ocrx_word' id='word_1_64' title='bbox 196 1030 244 1084; x_wconf 89' lang='lat' dir='ltr'>set</span> <span class='ocrx_word' id='word_1_65' title='bbox 258 1021 376 1081; x_wconf 79' lang='lat' dir='ltr'>classes</span> <span class='ocrx_word' id='word_1_66' title='bbox 391 1017 608 1094; x_wconf 88' lang='lat' dir='ltr'>exercitusque</span> <span class='ocrx_word' id='word_1_67' title='bbox 622 1017 655 1077; x_wconf 90' lang='lat' dir='ltr'>in</span> <span class='ocrx_word' id='word_1_68' title='bbox 671 1017 829 1078; x_wconf 83' lang='lat' dir='ltr'>Graeciam</span> <span class='ocrx_word' id='word_1_69' title='bbox 842 1017 934 1092; x_wconf 87' lang='lat' dir='ltr'>mitti,</span> <span class='ocrx_word' id='word_1_70' title='bbox 954 1025 986 1078; x_wconf 90' lang='lat' dir='ltr'>et</span> <span class='ocrx_word' id='word_1_71' title='bbox 1004 1017 1179 1081; x_wconf 87' lang='lat' dir='ltr'>distinendo</span> 
     </span>
     <span class='ocr_line' id='line_1_10' title="bbox 197 1099 1178 1178; baseline -0.003 -11"><span class='ocrx_word' id='word_1_72' title='bbox 197 1102 304 1178; x_wconf 90' lang='lat' dir='ltr'>copias</span> <span class='ocrx_word' id='word_1_73' title='bbox 320 1119 415 1163; x_wconf 89' lang='lat' dir='ltr'>causa</span> <span class='ocrx_word' id='word_1_74' title='bbox 428 1101 460 1162; x_wconf 91' lang='lat' dir='ltr'>in</span> <span class='ocrx_word' id='word_1_75' title='bbox 474 1101 581 1178; x_wconf 90' lang='lat' dir='ltr'>primis</span> <span class='ocrx_word' id='word_1_76' title='bbox 597 1101 708 1163; x_wconf 86' lang='lat' dir='ltr'>luisset</span> <span class='ocrx_word' id='word_1_77' title='bbox 722 1100 821 1162; x_wconf 90' lang='lat' dir='ltr'>serius</span> <span class='ocrx_word' id='word_1_78' title='bbox 837 1100 867 1162; x_wconf 91' lang='lat' dir='ltr'>in</span> <span class='ocrx_word' id='word_1_79' title='bbox 883 1099 1018 1162; x_wconf 87' lang='lat' dir='ltr'>Alricam</span> <span class='ocrx_word' id='word_1_80' title='bbox 1038 1102 1178 1164; x_wconf 87' lang='lat' dir='ltr'>traicien-</span> 
     </span>
     <span class='ocr_line' id='line_1_11' title="bbox 197 1184 1180 1263; baseline -0.002 -14"><span class='ocrx_word' id='word_1_81' title='bbox 197 1187 243 1249; x_wconf 77' lang='lat' dir='ltr'>di:</span> <span class='ocrx_word' id='word_1_82' title='bbox 269 1193 473 1263; x_wconf 88' lang='lat' dir='ltr'>peterentque</span> <span class='ocrx_word' id='word_1_83' title='bbox 486 1195 521 1248; x_wconf 89' lang='lat' dir='ltr'>ut</span> <span class='ocrx_word' id='word_1_84' title='bbox 535 1185 575 1245; x_wconf 92' lang='lat' dir='ltr'>ad</span> <span class='ocrx_word' id='word_1_85' title='bbox 589 1184 621 1245; x_wconf 94' lang='lat' dir='ltr'>id</span> <span class='ocrx_word' id='word_1_86' title='bbox 635 1186 750 1247; x_wconf 90' lang='lat' dir='ltr'>bellum</span> <span class='ocrx_word' id='word_1_87' title='bbox 763 1185 895 1247; x_wconf 86' lang='lat' dir='ltr'>mitteret</span> <span class='ocrx_word' id='word_1_88' title='bbox 909 1185 1024 1247; x_wconf 88' lang='lat' dir='ltr'>auxilia</span> <span class='ocrx_word' id='word_1_89' title='bbox 1036 1187 1180 1249; x_wconf 87' lang='lat' dir='ltr'>Numida-</span> 
     </span>
     <span class='ocr_line' id='line_1_12' title="bbox 195 1269 1181 1346; baseline 0 -14"><span class='ocrx_word' id='word_1_90' title='bbox 195 1288 263 1332; x_wconf 87' lang='lat' dir='ltr'>rum</span> <span class='ocrx_word' id='word_1_91' title='bbox 277 1269 423 1346; x_wconf 90' lang='lat' dir='ltr'>equitum.</span> <span class='ocrx_word' id='word_1_92' title='bbox 459 1270 542 1330; x_wconf 90' lang='lat' dir='ltr'>dona</span> <span class='ocrx_word' id='word_1_93' title='bbox 555 1271 658 1344; x_wconf 90' lang='lat' dir='ltr'>ampla</span> <span class='ocrx_word' id='word_1_94' title='bbox 672 1270 757 1344; x_wconf 88' lang='lat' dir='ltr'>data,</span> <span class='ocrx_word' id='word_1_95' title='bbox 780 1286 860 1345; x_wconf 88' lang='lat' dir='ltr'>quae</span> <span class='ocrx_word' id='word_1_96' title='bbox 875 1272 990 1331; x_wconf 80' lang='lat' dir='ltr'>ferrent</span> <span class='ocrx_word' id='word_1_97' title='bbox 1002 1269 1082 1346; x_wconf 83' lang='lat' dir='ltr'>regi,</span> <span class='ocrx_word' id='word_1_98' title='bbox 1103 1287 1181 1332; x_wconf 90' lang='lat' dir='ltr'>vasa</span> 
     </span>
     <span class='ocr_line' id='line_1_13' title="bbox 196 1353 1179 1430; baseline -0.001 -14"><span class='ocrx_word' id='word_1_99' title='bbox 196 1370 290 1416; x_wconf 90' lang='lat' dir='ltr'>aurea</span> <span class='ocrx_word' id='word_1_100' title='bbox 305 1361 522 1430; x_wconf 81' lang='lat' dir='ltr'>argenteaque,</span> <span class='ocrx_word' id='word_1_101' title='bbox 545 1360 616 1429; x_wconf 84' lang='lat' dir='ltr'>toga</span> <span class='ocrx_word' id='word_1_102' title='bbox 630 1369 788 1429; x_wconf 89' lang='lat' dir='ltr'>purpurea</span> <span class='ocrx_word' id='word_1_103' title='bbox 802 1361 832 1414; x_wconf 89' lang='lat' dir='ltr'>et</span> <span class='ocrx_word' id='word_1_104' title='bbox 846 1355 979 1429; x_wconf 84' lang='lat' dir='ltr'>palmata</span> <span class='ocrx_word' id='word_1_105' title='bbox 992 1353 1096 1414; x_wconf 89' lang='lat' dir='ltr'>tunica</span> <span class='ocrx_word' id='word_1_106' title='bbox 1111 1371 1179 1415; x_wconf 92' lang='lat' dir='ltr'>cum</span> 
     </span>
     <span class='ocr_line' id='line_1_14' title="bbox 197 1435 1178 1513; baseline -0.001 -13"><span class='ocrx_word' id='word_1_107' title='bbox 197 1440 332 1501; x_wconf 82' lang='lat' dir='ltr'>eburneo</span> <span class='ocrx_word' id='word_1_108' title='bbox 348 1436 498 1513; x_wconf 86' lang='lat' dir='ltr'>scipione,</span> <span class='ocrx_word' id='word_1_109' title='bbox 515 1443 546 1498; x_wconf 89' lang='lat' dir='ltr'>et</span> <span class='ocrx_word' id='word_1_110' title='bbox 558 1444 631 1512; x_wconf 80' lang='lat' dir='ltr'>toga</span> <span class='ocrx_word' id='word_1_111' title='bbox 644 1445 804 1511; x_wconf 87' lang='lat' dir='ltr'>praetexta</span> <span class='ocrx_word' id='word_1_112' title='bbox 815 1452 884 1497; x_wconf 94' lang='lat' dir='ltr'>cum</span> <span class='ocrx_word' id='word_1_113' title='bbox 897 1435 994 1498; x_wconf 92' lang='lat' dir='ltr'>curuli</span> <span class='ocrx_word' id='word_1_114' title='bbox 1010 1438 1100 1509; x_wconf 87' lang='lat' dir='ltr'>sella;</span> <span class='ocrx_word' id='word_1_115' title='bbox 1117 1438 1178 1499; x_wconf 91' lang='lat' dir='ltr'>ius-</span> 
     </span>
     <span class='ocr_line' id='line_1_15' title="bbox 197 1519 1180 1598; baseline -0.001 -14"><span class='ocrx_word' id='word_1_116' title='bbox 197 1522 290 1598; x_wconf 89' lang='lat' dir='ltr'>sique</span> <span class='ocrx_word' id='word_1_117' title='bbox 307 1520 463 1597; x_wconf 85' lang='lat' dir='ltr'>polliceri,</span> <span class='ocrx_word' id='word_1_118' title='bbox 491 1519 518 1582; x_wconf 95' lang='lat' dir='ltr'>si</span> <span class='ocrx_word' id='word_1_119' title='bbox 540 1519 615 1596; x_wconf 92' lang='lat' dir='ltr'>quid</span> <span class='ocrx_word' id='word_1_120' title='bbox 636 1519 665 1579; x_wconf 92' lang='lat' dir='ltr'>ei</span> <span class='ocrx_word' id='word_1_121' title='bbox 687 1520 727 1580; x_wconf 90' lang='lat' dir='ltr'>ad</span> <span class='ocrx_word' id='word_1_122' title='bbox 746 1520 928 1581; x_wconf 87' lang='lat' dir='ltr'>firmandum</span> <span class='ocrx_word' id='word_1_123' title='bbox 943 1522 1180 1598; x_wconf 82' lang='lat' dir='ltr'>augendumque</span> 
     </span>
     <span class='ocr_line' id='line_1_16' title="bbox 197 1603 1179 1682; baseline 0 -16"><span class='ocrx_word' id='word_1_124' title='bbox 197 1622 324 1682; x_wconf 84' lang='lat' dir='ltr'>regnum</span> <span class='ocrx_word' id='word_1_125' title='bbox 341 1621 422 1680; x_wconf 91' lang='lat' dir='ltr'>opus</span> <span class='ocrx_word' id='word_1_126' title='bbox 437 1621 509 1666; x_wconf 90' lang='lat' dir='ltr'>esse</span> <span class='ocrx_word' id='word_1_127' title='bbox 527 1603 710 1680; x_wconf 84' lang='lat' dir='ltr'>indicasset,</span> <span class='ocrx_word' id='word_1_128' title='bbox 736 1603 827 1663; x_wconf 86' lang='lat' dir='ltr'>enixe</span> <span class='ocrx_word' id='word_1_129' title='bbox 848 1603 879 1665; x_wconf 92' lang='lat' dir='ltr'>id</span> <span class='ocrx_word' id='word_1_130' title='bbox 901 1605 1048 1680; x_wconf 92' lang='lat' dir='ltr'>populum</span> <span class='ocrx_word' id='word_1_131' title='bbox 1068 1606 1179 1666; x_wconf 88' lang='lat' dir='ltr'>Roma-</span> 
     </span>
     <span class='ocr_line' id='line_1_17' title="bbox 196 1687 725 1763; baseline -0.006 -14"><span class='ocrx_word' id='word_1_132' title='bbox 196 1706 268 1750; x_wconf 92' lang='lat' dir='ltr'>num</span> <span class='ocrx_word' id='word_1_133' title='bbox 283 1688 390 1751; x_wconf 86' lang='lat' dir='ltr'>merito</span> <span class='ocrx_word' id='word_1_134' title='bbox 407 1687 474 1750; x_wconf 91' lang='lat' dir='ltr'>eius</span> <span class='ocrx_word' id='word_1_135' title='bbox 490 1694 725 1763; x_wconf 89' lang='lat' dir='ltr'>praestaturum.</span> 
     </span>
    </p>

    <p class='ocr_par' dir='ltr' id='par_1_5' title="bbox 196 1769 1181 2352">
     <span class='ocr_line' id='line_1_18' title="bbox 275 1769 1180 1849; baseline 0 -16"><span class='ocrx_word' id='word_1_136' title='bbox 275 1771 441 1847; x_wconf 87' lang='lat' dir='ltr'>Verminae</span> <span class='ocrx_word' id='word_1_137' title='bbox 457 1787 582 1847; x_wconf 91' lang='lat' dir='ltr'>quoque</span> <span class='ocrx_word' id='word_1_138' title='bbox 597 1769 752 1849; x_wconf 75' lang='lat' dir='ltr'>Syphacis</span> <span class='ocrx_word' id='word_1_139' title='bbox 773 1769 827 1831; x_wconf 90' lang='lat' dir='ltr'>filii</span> <span class='ocrx_word' id='word_1_140' title='bbox 847 1770 938 1847; x_wconf 80' lang='lat' dir='ltr'>legati</span> <span class='ocrx_word' id='word_1_141' title='bbox 959 1788 1015 1847; x_wconf 91' lang='lat' dir='ltr'>per</span> <span class='ocrx_word' id='word_1_142' title='bbox 1036 1788 1092 1833; x_wconf 88' lang='lat' dir='ltr'>eos</span> <span class='ocrx_word' id='word_1_143' title='bbox 1112 1771 1180 1833; x_wconf 89' lang='lat' dir='ltr'>dies</span> 
     </span>
     <span class='ocr_line' id='line_1_19' title="bbox 198 1854 1180 1931; baseline 0 -14"><span class='ocrx_word' id='word_1_144' title='bbox 198 1865 337 1917; x_wconf 89' lang='lat' dir='ltr'>senatum</span> <span class='ocrx_word' id='word_1_145' title='bbox 351 1855 492 1916; x_wconf 88' lang='lat' dir='ltr'>adierunt</span> <span class='ocrx_word' id='word_1_146' title='bbox 506 1862 692 1916; x_wconf 86' lang='lat' dir='ltr'>excusantes</span> <span class='ocrx_word' id='word_1_147' title='bbox 711 1870 845 1915; x_wconf 88' lang='lat' dir='ltr'>errorem</span> <span class='ocrx_word' id='word_1_148' title='bbox 867 1854 1180 1931; x_wconf 87' lang='lat' dir='ltr'>adolescentiamque,</span> 
     </span>
     <span class='ocr_line' id='line_1_20' title="bbox 198 1937 1178 2016; baseline 0 -14"><span class='ocrx_word' id='word_1_149' title='bbox 198 1948 227 2002; x_wconf 87' lang='lat' dir='ltr'>ct</span> <span class='ocrx_word' id='word_1_150' title='bbox 242 1941 363 2016; x_wconf 90' lang='lat' dir='ltr'>culpam</span> <span class='ocrx_word' id='word_1_151' title='bbox 379 1954 499 1999; x_wconf 91' lang='lat' dir='ltr'>omnem</span> <span class='ocrx_word' id='word_1_152' title='bbox 519 1937 549 1999; x_wconf 93' lang='lat' dir='ltr'>in</span> <span class='ocrx_word' id='word_1_153' title='bbox 566 1939 705 1998; x_wconf 80' lang='lat' dir='ltr'>fraudem</span> <span class='ocrx_word' id='word_1_154' title='bbox 727 1937 1020 2014; x_wconf 80' lang='lat' dir='ltr'>carthaginiensium</span> <span class='ocrx_word' id='word_1_155' title='bbox 1041 1948 1178 2003; x_wconf 89' lang='lat' dir='ltr'>averten-</span> 
     </span>
     <span class='ocr_line' id='line_1_21' title="bbox 198 2021 1180 2096; baseline 0.001 -11"><span class='ocrx_word' id='word_1_156' title='bbox 198 2033 259 2085; x_wconf 81' lang='lat' dir='ltr'>tes:</span> <span class='ocrx_word' id='word_1_157' title='bbox 285 2031 317 2084; x_wconf 88' lang='lat' dir='ltr'>et</span> <span class='ocrx_word' id='word_1_158' title='bbox 339 2021 537 2084; x_wconf 87' lang='lat' dir='ltr'>Masinissam</span> <span class='ocrx_word' id='word_1_159' title='bbox 560 2022 709 2085; x_wconf 90' lang='lat' dir='ltr'>Romanis</span> <span class='ocrx_word' id='word_1_160' title='bbox 734 2039 775 2083; x_wconf 88' lang='lat' dir='ltr'>ex</span> <span class='ocrx_word' id='word_1_161' title='bbox 794 2022 884 2085; x_wconf 86' lang='lat' dir='ltr'>hoste</span> <span class='ocrx_word' id='word_1_162' title='bbox 904 2023 1035 2085; x_wconf 89' lang='lat' dir='ltr'>amicum</span> <span class='ocrx_word' id='word_1_163' title='bbox 1050 2027 1180 2096; x_wconf 80' lang='lat' dir='ltr'>lactum3</span> 
     </span>
     <span class='ocr_line' id='line_1_22' title="bbox 200 2105 1180 2185; baseline 0.003 -18"><span class='ocrx_word' id='word_1_164' title='bbox 200 2105 372 2168; x_wconf 87' lang='lat' dir='ltr'>Verminam</span> <span class='ocrx_word' id='word_1_165' title='bbox 388 2123 513 2183; x_wconf 89' lang='lat' dir='ltr'>quoque</span> <span class='ocrx_word' id='word_1_166' title='bbox 527 2106 716 2180; x_wconf 86' lang='lat' dir='ltr'>adnisurum,</span> <span class='ocrx_word' id='word_1_167' title='bbox 732 2124 771 2168; x_wconf 89' lang='lat' dir='ltr'>ne</span> <span class='ocrx_word' id='word_1_168' title='bbox 788 2107 899 2170; x_wconf 88' lang='lat' dir='ltr'>olliciis</span> <span class='ocrx_word' id='word_1_169' title='bbox 914 2107 944 2167; x_wconf 92' lang='lat' dir='ltr'>in</span> <span class='ocrx_word' id='word_1_170' title='bbox 960 2109 1108 2185; x_wconf 92' lang='lat' dir='ltr'>populum</span> <span class='ocrx_word' id='word_1_171' title='bbox 1119 2110 1180 2170; x_wconf 85' lang='lat' dir='ltr'>Ro-</span> 
     </span>
     <span class='ocr_line' id='line_1_23' title="bbox 196 2188 1181 2268; baseline 0.003 -17"><span class='ocrx_word' id='word_1_172' title='bbox 196 2208 317 2252; x_wconf 89' lang='lat' dir='ltr'>manum</span> <span class='ocrx_word' id='word_1_173' title='bbox 332 2199 385 2252; x_wconf 88' lang='lat' dir='ltr'>aut</span> <span class='ocrx_word' id='word_1_174' title='bbox 398 2208 417 2251; x_wconf 91' lang='lat' dir='ltr'>a</span> <span class='ocrx_word' id='word_1_175' title='bbox 437 2188 604 2252; x_wconf 87' lang='lat' dir='ltr'>Masinissa</span> <span class='ocrx_word' id='word_1_176' title='bbox 618 2199 671 2254; x_wconf 85' lang='lat' dir='ltr'>aul</span> <span class='ocrx_word' id='word_1_177' title='bbox 684 2193 723 2253; x_wconf 89' lang='lat' dir='ltr'>ab</span> <span class='ocrx_word' id='word_1_178' title='bbox 738 2194 800 2253; x_wconf 92' lang='lat' dir='ltr'>ullo</span> <span class='ocrx_word' id='word_1_179' title='bbox 815 2190 875 2254; x_wconf 90' lang='lat' dir='ltr'>alio</span> <span class='ocrx_word' id='word_1_180' title='bbox 890 2191 1039 2255; x_wconf 89' lang='lat' dir='ltr'>vincatur.</span> <span class='ocrx_word' id='word_1_181' title='bbox 1075 2201 1181 2268; x_wconf 89' lang='lat' dir='ltr'>petere</span> 
     </span>
     <span class='ocr_line' id='line_1_24' title="bbox 196 2275 1180 2352; baseline 0 -15"><span class='ocrx_word' id='word_1_182' title='bbox 196 2286 230 2338; x_wconf 88' lang='lat' dir='ltr'>ut</span> <span class='ocrx_word' id='word_1_183' title='bbox 249 2291 305 2336; x_wconf 88' lang='lat' dir='ltr'>rex</span> <span class='ocrx_word' id='word_1_184' title='bbox 326 2275 494 2351; x_wconf 91' lang='lat' dir='ltr'>sociusque</span> <span class='ocrx_word' id='word_1_185' title='bbox 515 2285 546 2337; x_wconf 88' lang='lat' dir='ltr'>et</span> <span class='ocrx_word' id='word_1_186' title='bbox 564 2275 682 2337; x_wconf 88' lang='lat' dir='ltr'>amicus</span> <span class='ocrx_word' id='word_1_187' title='bbox 702 2277 741 2336; x_wconf 89' lang='lat' dir='ltr'>ah</span> <span class='ocrx_word' id='word_1_188' title='bbox 763 2285 872 2337; x_wconf 88' lang='lat' dir='ltr'>senatu</span> <span class='ocrx_word' id='word_1_189' title='bbox 885 2277 1101 2352; x_wconf 87' lang='lat' dir='ltr'>appellaretur.</span> <span class='ocrx_word' id='word_1_190' title='bbox 1134 2292 1180 2337; x_wconf 90' lang='lat' dir='ltr'>re-</span> 
     </span>
    </p>
   </div>
   <div class='ocr_carea' id='block_1_5' title="bbox 197 2357 1294 2437">
    <p class='ocr_par' dir='ltr' id='par_1_6' title="bbox 197 2357 1294 2437">
     <span class='ocr_line' id='line_1_25' title="bbox 197 2357 1294 2437; baseline 0 -15"><span class='ocrx_word' id='word_1_191' title='bbox 197 2375 348 2436; x_wconf 92' lang='lat' dir='ltr'>sponsum</span> <span class='ocrx_word' id='word_1_192' title='bbox 362 2358 471 2434; x_wconf 84' lang='lat' dir='ltr'>legatis</span> <span class='ocrx_word' id='word_1_193' title='bbox 486 2367 536 2420; x_wconf 89' lang='lat' dir='ltr'>est</span> <span class='ocrx_word' id='word_1_194' title='bbox 549 2368 580 2420; x_wconf 88' lang='lat' dir='ltr'>et</span> <span class='ocrx_word' id='word_1_195' title='bbox 595 2368 712 2434; x_wconf 88' lang='lat' dir='ltr'>patrem</span> <span class='ocrx_word' id='word_1_196' title='bbox 728 2358 795 2420; x_wconf 91' lang='lat' dir='ltr'>eius</span> <span class='ocrx_word' id='word_1_197' title='bbox 811 2359 987 2437; x_wconf 82' lang='lat' dir='ltr'>Syphacem</span> <span class='ocrx_word' id='word_1_198' title='bbox 1003 2359 1070 2423; x_wconf 91' lang='lat' dir='ltr'>sine</span> <span class='ocrx_word' id='word_1_199' title='bbox 1085 2377 1181 2422; x_wconf 90' lang='lat' dir='ltr'>causa</span> <span class='ocrx_word' id='word_1_200' title='bbox 1293 2357 1294 2360; x_wconf 69' lang='grc'>’</span> 
     </span>
    </p>
   </div>
   <div class='ocr_carea' id='block_1_6' title="bbox 196 2441 1246 3516">
    <p class='ocr_par' dir='ltr' id='par_1_7' title="bbox 196 2441 1246 3516">
     <span class='ocr_line' id='line_1_26' title="bbox 196 2441 1181 2519; baseline 0 -14"><span class='ocrx_word' id='word_1_201' title='bbox 196 2461 236 2505; x_wconf 90' lang='lat' dir='ltr'>ex</span> <span class='ocrx_word' id='word_1_202' title='bbox 253 2442 340 2504; x_wconf 91' lang='lat' dir='ltr'>socio</span> <span class='ocrx_word' id='word_1_203' title='bbox 355 2449 386 2501; x_wconf 91' lang='lat' dir='ltr'>et</span> <span class='ocrx_word' id='word_1_204' title='bbox 400 2441 498 2502; x_wconf 90' lang='lat' dir='ltr'>amico</span> <span class='ocrx_word' id='word_1_205' title='bbox 512 2442 633 2502; x_wconf 90' lang='lat' dir='ltr'>hostem</span> <span class='ocrx_word' id='word_1_206' title='bbox 647 2449 774 2517; x_wconf 88' lang='lat' dir='ltr'>repente</span> <span class='ocrx_word' id='word_1_207' title='bbox 789 2441 896 2517; x_wconf 92' lang='lat' dir='ltr'>populi</span> <span class='ocrx_word' id='word_1_208' title='bbox 912 2443 1044 2505; x_wconf 89' lang='lat' dir='ltr'>Romani</span> <span class='ocrx_word' id='word_1_209' title='bbox 1058 2446 1181 2519; x_wconf 84' lang='lat' dir='ltr'>lactum,</span> 
     </span>
     <span class='ocr_line' id='line_1_27' title="bbox 197 2522 1174 2598; baseline 0.001 -11"><span class='ocrx_word' id='word_1_210' title='bbox 197 2534 227 2587; x_wconf 91' lang='lat' dir='ltr'>et</span> <span class='ocrx_word' id='word_1_211' title='bbox 242 2542 312 2586; x_wconf 91' lang='lat' dir='ltr'>eum</span> <span class='ocrx_word' id='word_1_212' title='bbox 327 2523 429 2598; x_wconf 91' lang='lat' dir='ltr'>ipsum</span> <span class='ocrx_word' id='word_1_213' title='bbox 448 2522 652 2585; x_wconf 90' lang='lat' dir='ltr'>rudimentum</span> <span class='ocrx_word' id='word_1_214' title='bbox 673 2525 902 2587; x_wconf 89' lang='lat' dir='ltr'>adolescentiae</span> <span class='ocrx_word' id='word_1_215' title='bbox 922 2528 1003 2587; x_wconf 89' lang='lat' dir='ltr'>bello</span> <span class='ocrx_word' id='word_1_216' title='bbox 1025 2529 1174 2590; x_wconf 86' lang='lat' dir='ltr'>lacessen·</span> 
     </span>
     <span class='ocr_line' id='line_1_28' title="bbox 197 2606 1181 2688; baseline 0.002 -19"><span class='ocrx_word' id='word_1_217' title='bbox 197 2617 258 2669; x_wconf 90' lang='lat' dir='ltr'>tem</span> <span class='ocrx_word' id='word_1_218' title='bbox 272 2609 430 2668; x_wconf 88' lang='lat' dir='ltr'>Romanos</span> <span class='ocrx_word' id='word_1_219' title='bbox 452 2606 608 2682; x_wconf 90' lang='lat' dir='ltr'>posuisse.</span> <span class='ocrx_word' id='word_1_220' title='bbox 650 2606 754 2683; x_wconf 90' lang='lat' dir='ltr'>itaque</span> <span class='ocrx_word' id='word_1_221' title='bbox 775 2625 881 2683; x_wconf 90' lang='lat' dir='ltr'>pacem</span> <span class='ocrx_word' id='word_1_222' title='bbox 903 2609 947 2670; x_wconf 75' lang='lat' dir='ltr'>uti</span> <span class='ocrx_word' id='word_1_223' title='bbox 966 2611 1053 2685; x_wconf 86' lang='lat' dir='ltr'>prius</span> <span class='ocrx_word' id='word_1_224' title='bbox 1075 2621 1181 2688; x_wconf 89' lang='lat' dir='ltr'>peten-</span> 
     </span>
     <span class='ocr_line' id='line_1_29' title="bbox 198 2690 1182 2772; baseline 0.006 -21"><span class='ocrx_word' id='word_1_225' title='bbox 198 2690 321 2751; x_wconf 88' lang='lat' dir='ltr'>damah</span> <span class='ocrx_word' id='word_1_226' title='bbox 337 2691 453 2767; x_wconf 92' lang='lat' dir='ltr'>populo</span> <span class='ocrx_word' id='word_1_227' title='bbox 467 2691 606 2751; x_wconf 89' lang='lat' dir='ltr'>Romano</span> <span class='ocrx_word' id='word_1_228' title='bbox 622 2706 711 2767; x_wconf 85' lang='lat' dir='ltr'>esse,</span> <span class='ocrx_word' id='word_1_229' title='bbox 732 2709 823 2768; x_wconf 93' lang='lat' dir='ltr'>quam</span> <span class='ocrx_word' id='word_1_230' title='bbox 843 2702 877 2755; x_wconf 93' lang='lat' dir='ltr'>ut</span> <span class='ocrx_word' id='word_1_231' title='bbox 897 2710 953 2755; x_wconf 92' lang='lat' dir='ltr'>rex</span> <span class='ocrx_word' id='word_1_232' title='bbox 969 2694 1137 2772; x_wconf 90' lang='lat' dir='ltr'>sociusque</span> <span class='ocrx_word' id='word_1_233' title='bbox 1151 2704 1182 2757; x_wconf 89' lang='lat' dir='ltr'>et</span> 
     </span>
     <span class='ocr_line' id='line_1_30' title="bbox 197 2773 1181 2856; baseline 0.005 -21"><span class='ocrx_word' id='word_1_234' title='bbox 197 2773 314 2836; x_wconf 91' lang='lat' dir='ltr'>amicus</span> <span class='ocrx_word' id='word_1_235' title='bbox 339 2775 522 2850; x_wconf 86' lang='lat' dir='ltr'>appelletur.</span> <span class='ocrx_word' id='word_1_236' title='bbox 568 2773 701 2836; x_wconf 89' lang='lat' dir='ltr'>nominis</span> <span class='ocrx_word' id='word_1_237' title='bbox 726 2775 793 2836; x_wconf 93' lang='lat' dir='ltr'>eius</span> <span class='ocrx_word' id='word_1_238' title='bbox 813 2777 963 2839; x_wconf 90' lang='lat' dir='ltr'>honorem</span> <span class='ocrx_word' id='word_1_239' title='bbox 983 2795 1040 2854; x_wconf 96' lang='lat' dir='ltr'>pro</span> <span class='ocrx_word' id='word_1_240' title='bbox 1062 2778 1181 2856; x_wconf 81' lang='lat' dir='ltr'>magnis</span> 
     </span>
     <span class='ocr_line' id='line_1_31' title="bbox 197 2857 1182 2936; baseline 0.001 -16"><span class='ocrx_word' id='word_1_241' title='bbox 197 2874 272 2934; x_wconf 83' lang='lat' dir='ltr'>erga</span> <span class='ocrx_word' id='word_1_242' title='bbox 283 2875 318 2920; x_wconf 91' lang='lat' dir='ltr'>se</span> <span class='ocrx_word' id='word_1_243' title='bbox 327 2875 434 2934; x_wconf 83' lang='lat' dir='ltr'>regum</span> <span class='ocrx_word' id='word_1_244' title='bbox 445 2857 560 2920; x_wconf 89' lang='lat' dir='ltr'>meritis</span> <span class='ocrx_word' id='word_1_245' title='bbox 573 2860 647 2919; x_wconf 91' lang='lat' dir='ltr'>darc</span> <span class='ocrx_word' id='word_1_246' title='bbox 660 2861 808 2936; x_wconf 92' lang='lat' dir='ltr'>populum</span> <span class='ocrx_word' id='word_1_247' title='bbox 818 2862 989 2923; x_wconf 89' lang='lat' dir='ltr'>Romanum</span> <span class='ocrx_word' id='word_1_248' title='bbox 1000 2877 1182 2925; x_wconf 86' lang='lat' dir='ltr'>consuesse.</span> 
     </span>
     <span class='ocr_line' id='line_1_32' title="bbox 197 2941 1168 3021; baseline 0.005 -19"><span class='ocrx_word' id='word_1_249' title='bbox 197 2945 316 3018; x_wconf 79' lang='lat' dir='ltr'>legatos</span> <span class='ocrx_word' id='word_1_250' title='bbox 329 2943 486 3004; x_wconf 87' lang='lat' dir='ltr'>Romanos</span> <span class='ocrx_word' id='word_1_251' title='bbox 500 2941 532 3002; x_wconf 92' lang='lat' dir='ltr'>in</span> <span class='ocrx_word' id='word_1_252' title='bbox 546 2942 653 3003; x_wconf 79' lang='lat' dir='ltr'>Africa</span> <span class='ocrx_word' id='word_1_253' title='bbox 667 2945 748 3018; x_wconf 82' lang='lat' dir='ltr'>lore,</span> <span class='ocrx_word' id='word_1_254' title='bbox 772 2945 885 3021; x_wconf 90' lang='lat' dir='ltr'>quibus</span> <span class='ocrx_word' id='word_1_255' title='bbox 905 2946 1117 3007; x_wconf 91' lang='lat' dir='ltr'>mandaturum</span> <span class='ocrx_word' id='word_1_256' title='bbox 1133 2963 1168 3008; x_wconf 89' lang='lat' dir='ltr'>se</span> 
     </span>
     <span class='ocr_line' id='line_1_33' title="bbox 198 3025 1181 3105; baseline 0.006 -20"><span class='ocrx_word' id='word_1_257' title='bbox 198 3033 317 3098; x_wconf 89' lang='lat' dir='ltr'>natum,</span> <span class='ocrx_word' id='word_1_258' title='bbox 337 3034 371 3086; x_wconf 85' lang='lat' dir='ltr'>ut</span> <span class='ocrx_word' id='word_1_259' title='bbox 383 3025 549 3087; x_wconf 89' lang='lat' dir='ltr'>Verminae</span> <span class='ocrx_word' id='word_1_260' title='bbox 569 3026 658 3103; x_wconf 88' lang='lat' dir='ltr'>pacis</span> <span class='ocrx_word' id='word_1_261' title='bbox 673 3028 747 3090; x_wconf 88' lang='lat' dir='ltr'>dent</span> <span class='ocrx_word' id='word_1_262' title='bbox 759 3031 860 3105; x_wconf 85' lang='lat' dir='ltr'>leges,</span> <span class='ocrx_word' id='word_1_263' title='bbox 882 3029 1009 3091; x_wconf 89' lang='lat' dir='ltr'>liberum</span> <span class='ocrx_word' id='word_1_264' title='bbox 1025 3029 1181 3092; x_wconf 88' lang='lat' dir='ltr'>arbitrium</span> 
     </span>
     <span class='ocr_line' id='line_1_34' title="bbox 197 3109 1246 3190; baseline 0.004 -21"><span class='ocrx_word' id='word_1_265' title='bbox 197 3109 264 3170; x_wconf 89' lang='lat' dir='ltr'>eius</span> <span class='ocrx_word' id='word_1_266' title='bbox 287 3111 403 3186; x_wconf 91' lang='lat' dir='ltr'>populo</span> <span class='ocrx_word' id='word_1_267' title='bbox 424 3111 564 3172; x_wconf 85' lang='lat' dir='ltr'>Romano</span> <span class='ocrx_word' id='word_1_268' title='bbox 587 3110 781 3187; x_wconf 88' lang='lat' dir='ltr'>permittenti.</span> <span class='ocrx_word' id='word_1_269' title='bbox 818 3112 845 3174; x_wconf 90' lang='lat' dir='ltr'>si</span> <span class='ocrx_word' id='word_1_270' title='bbox 873 3113 948 3190; x_wconf 90' lang='lat' dir='ltr'>quid</span> <span class='ocrx_word' id='word_1_271' title='bbox 969 3114 1009 3175; x_wconf 91' lang='lat' dir='ltr'>ad</span> <span class='ocrx_word' id='word_1_272' title='bbox 1033 3130 1087 3175; x_wconf 91' lang='lat' dir='ltr'>eas</span> <span class='ocrx_word' id='word_1_273' title='bbox 1109 3113 1181 3176; x_wconf 92' lang='lat' dir='ltr'>addi</span> <span class='ocrx_word' id='word_1_274' title='bbox 1244 3183 1246 3186; x_wconf 18' lang='lat'>¹</span> 
     </span>
     <span class='ocr_line' id='line_1_35' title="bbox 198 3192 1181 3273; baseline 0.008 -21"><span class='ocrx_word' id='word_1_275' title='bbox 198 3192 278 3253; x_wconf 91' lang='lat' dir='ltr'>demi</span> <span class='ocrx_word' id='word_1_276' title='bbox 299 3192 448 3255; x_wconf 85' lang='lat' dir='ltr'>mutarive</span> <span class='ocrx_word' id='word_1_277' title='bbox 469 3195 577 3269; x_wconf 85' lang='lat' dir='ltr'>vellet,</span> <span class='ocrx_word' id='word_1_278' title='bbox 592 3212 701 3256; x_wconf 90' lang='lat' dir='ltr'>rursus</span> <span class='ocrx_word' id='word_1_279' title='bbox 721 3197 761 3257; x_wconf 92' lang='lat' dir='ltr'>ab</span> <span class='ocrx_word' id='word_1_280' title='bbox 782 3204 892 3259; x_wconf 87' lang='lat' dir='ltr'>senatu</span> <span class='ocrx_word' id='word_1_281' title='bbox 912 3197 941 3259; x_wconf 94' lang='lat' dir='ltr'>ei</span> <span class='ocrx_word' id='word_1_282' title='bbox 963 3199 1181 3273; x_wconf 87' lang='lat' dir='ltr'>postulandum</span> 
     </span>
     <span class='ocr_line' id='line_1_36' title="bbox 199 3275 1182 3353; baseline 0.007 -19"><span class='ocrx_word' id='word_1_283' title='bbox 199 3276 275 3338; x_wconf 87' lang='lat' dir='ltr'>lore.</span> <span class='ocrx_word' id='word_1_284' title='bbox 311 3275 402 3353; x_wconf 79' lang='lat' dir='ltr'>legati</span> <span class='ocrx_word' id='word_1_285' title='bbox 418 3294 487 3338; x_wconf 94' lang='lat' dir='ltr'>cum</span> <span class='ocrx_word' id='word_1_286' title='bbox 500 3277 539 3339; x_wconf 89' lang='lat' dir='ltr'>iis</span> <span class='ocrx_word' id='word_1_287' title='bbox 554 3278 706 3341; x_wconf 78' lang='lat' dir='ltr'>mandatIs</span> <span class='ocrx_word' id='word_1_288' title='bbox 720 3278 751 3339; x_wconf 95' lang='lat' dir='ltr'>in</span> <span class='ocrx_word' id='word_1_289' title='bbox 770 3280 907 3342; x_wconf 80' lang='lat' dir='ltr'>Africam</span> <span class='ocrx_word' id='word_1_290' title='bbox 920 3279 1008 3343; x_wconf 91' lang='lat' dir='ltr'>missi</span> <span class='ocrx_word' id='word_1_291' title='bbox 1024 3281 1054 3342; x_wconf 84' lang='lat' dir='ltr'>C.</span> <span class='ocrx_word' id='word_1_292' title='bbox 1070 3282 1182 3343; x_wconf 88' lang='lat' dir='ltr'>Teren-</span> 
     </span>
     <span class='ocr_line' id='line_1_37' title="bbox 199 3357 1181 3502; baseline 0.007 -82"><span class='ocrx_word' id='word_1_293' title='bbox 199 3357 259 3502; x_wconf 70' lang='lat' dir='ltr'>tiuls</span> <span class='ocrx_word' id='word_1_294' title='bbox 269 3360 368 3421; x_wconf 86' lang='lat' dir='ltr'>Varro</span> <span class='ocrx_word' id='word_1_295' title='bbox 380 3360 433 3438; x_wconf 91' lang='lat' dir='ltr'>Sp.</span> <span class='ocrx_word' id='word_1_296' title='bbox 445 3360 605 3423; x_wconf 86' lang='lat' dir='ltr'>Lucretius</span> <span class='ocrx_word' id='word_1_297' title='bbox 618 3360 673 3423; x_wconf 82' lang='lat' dir='ltr'>Gn.</span> <span class='ocrx_word' id='word_1_298' title='bbox 686 3362 842 3425; x_wconf 84' lang='lat' dir='ltr'>Octavius.</span> <span class='ocrx_word' id='word_1_299' title='bbox 868 3364 1107 3443; x_wconf 91' lang='lat' dir='ltr'>quinqueremes</span> <span class='ocrx_word' id='word_1_300' title='bbox 1120 3364 1181 3427; x_wconf 91' lang='lat' dir='ltr'>sin-</span> 
     </span>
     <span class='ocr_line' id='line_1_38' title="bbox 198 3441 872 3516; baseline -0.006 -11"><span class='ocrx_word' id='word_1_301' title='bbox 198 3441 277 3516; x_wconf 71' lang='lat' dir='ltr'>guis</span> <span class='ocrx_word' id='word_1_302' title='bbox 293 3445 392 3505; x_wconf 86' lang='lat' dir='ltr'>datae.</span> <span class='ocrx_word' id='word_1_303' title='bbox 870 3446 872 3450; x_wconf 83' lang='lat'>&#39;</span> 
     </span>
    </p>
   </div>
   <div class='ocr_carea' id='block_1_7' title="bbox 277 3526 1181 3606">
    <p class='ocr_par' dir='ltr' id='par_1_8' title="bbox 277 3526 1181 3606">
     <span class='ocr_line' id='line_1_39' title="bbox 277 3526 1181 3606; baseline 0.006 -19"><span class='ocrx_word' id='word_1_304' title='bbox 277 3527 341 3588; x_wconf 90' lang='lat' dir='ltr'>Xll.</span> <span class='ocrx_word' id='word_1_305' title='bbox 363 3526 495 3590; x_wconf 87' lang='lat' dir='ltr'>Litterae</span> <span class='ocrx_word' id='word_1_306' title='bbox 510 3529 622 3593; x_wconf 93' lang='lat' dir='ltr'>deinde</span> <span class='ocrx_word' id='word_1_307' title='bbox 636 3529 668 3592; x_wconf 93' lang='lat' dir='ltr'>in</span> <span class='ocrx_word' id='word_1_308' title='bbox 690 3539 799 3593; x_wconf 88' lang='lat' dir='ltr'>senatu</span> <span class='ocrx_word' id='word_1_309' title='bbox 812 3529 958 3592; x_wconf 89' lang='lat' dir='ltr'>recitatae</span> <span class='ocrx_word' id='word_1_310' title='bbox 979 3539 1051 3593; x_wconf 90' lang='lat' dir='ltr'>sunt</span> <span class='ocrx_word' id='word_1_311' title='bbox 1070 3532 1105 3606; x_wconf 80' lang='lat' dir='ltr'>Q.</span> <span class='ocrx_word' id='word_1_312' title='bbox 1125 3531 1181 3592; x_wconf 88' lang='lat' dir='ltr'>Mi-</span> 
     </span>
    </p>
   </div>
   <div class='ocr_carea' id='block_1_8' title="bbox 0 0 1309 4000">
    <p class='ocr_par' dir='ltr' id='par_1_9' title="bbox 0 0 1309 4000">
     <span class='ocr_line' id='line_1_40' title="bbox 0 0 1309 4000; baseline 0 0"><span class='ocrx_word' id='word_1_313' title='bbox 0 0 1309 4000; x_wconf 95' lang='lat' dir='ltr'> </span> 
     </span>
    </p>
   </div>
  </div>
 </body>
</html>
