2600 4000
212 271 275 336 164
348 266 465 331 LIBER
477 267 611 329 XXXIV.
634 266 717 328 GAP.
728 275 772 330 tt.
784 275 828 330 te.
851 269 887 338 [a.
899 273 934 326 U.
945 288 970 326 c.
981 268 1045 346 558]

210 426 286 487 riam
296 424 468 498 irruperant
475 419 562 494 Galli,
573 418 809 494 resistentisque
822 417 1006 496 pertinacius
1014 417 1191 483 occiderant

209 510 242 570 L.
258 505 446 569 Postumium
468 510 678 581 quaestorem,
701 502 751 565 cui
763 503 925 581 Tympano
940 500 995 561 init
1009 517 1191 579 cognomen,

210 599 240 654 et
260 591 300 653 Μ.
315 590 450 650 Atinium
470 594 502 649 et
519 587 552 647 P.
568 585 785 662 Sempronium
805 586 982 661 praefectos
1003 584 1139 659 socium,
1160 594 1191 649 et

210 677 360 738 ducentos
382 673 478 733 ierom
497 670 617 731 milites.
648 676 739 745 captu
758 668 798 729 ab
818 685 857 730 ea
875 675 964 745 parte
978 675 1080 730 castra
1094 678 1190 746 erant,

210 762 310 822 donec
325 757 437 819 cohors
451 753 701 825 extraordinaria,
716 753 814 814 missa
823 769 842 813 a
852 754 980 815 consule
990 753 1031 815 ad
1045 752 1191 815 tuendam

211 842 417 921 quaestoriam
434 847 561 915 portam
578 843 608 898 et
621 852 678 898 eos
694 838 746 914 qui
759 835 840 898 intra
852 839 966 898 vallum
980 844 1068 899 eraut
1080 838 1191 913 partim

210 927 322 990 occidit
341 923 451 1000 partim
472 922 588 997 expulit
609 921 734 995 eastris,
756 927 786 982 et
805 921 1044 997 irrumpentibus
1066 922 1190 984 obstitit

211 1012 322 1074 eodem
342 1008 406 1067 iere
420 1012 559 1081 tempore
573 1010 604 1064 et
618 1011 727 1080 quarta
740 1005 820 1080 legio
836 1020 903 1066 cunr
919 1004 1039 1067 duabus
1054 1012 1191 1067 extraor-

211 1093 336 1155 dinariis
362 1090 539 1153 cohortibus
564 1096 654 1164 porta
677 1089 785 1165 erupit.
817 1089 860 1149 ita
880 1086 971 1150 simul
995 1089 1054 1150 tria
1073 1090 1192 1165 proelia

212 1178 294 1238 ebra
313 1183 414 1236 castra
429 1174 506 1235 locis
522 1172 706 1234 distantibus
722 1178 822 1247 erant,
844 1175 1058 1249 clamoresque
1072 1173 1191 1235 dissoni

211 1262 250 1323 ad
265 1262 399 1325 incertos
414 1273 542 1320 suorum
556 1262 685 1317 eventus
696 1273 715 1317 a
728 1256 884 1333 praesenti
896 1257 1061 1318 certamine
1071 1258 1190 1319 animos

212 1344 410 1422 pugnantium
430 1339 616 1402 avertebant.
649 1356 751 1417 usque
770 1339 811 1401 ad
825 1338 982 1402 meridiem
996 1341 1106 1416 aequis
1119 1339 1190 1402 viri·

210 1430 269 1490 bus
284 1443 320 1488 ac
335 1441 433 1503 prope
447 1425 515 1500 pari
529 1440 586 1500 spe
602 1432 768 1501 pugnatum
779 1430 835 1486 est.
857 1424 946 1486 labor
956 1432 987 1486 et
997 1430 1103 1487 aestus
1114 1426 1189 1486 mol·

211 1514 250 1573 lia
265 1519 295 1573 et
308 1509 404 1572 fluida
425 1524 558 1584 corpora
579 1508 747 1583 Gallorum,
770 1513 801 1568 et
820 1507 942 1569 minime
956 1505 1102 1584 patientia
1113 1508 1188 1585 sitis,

211 1613 280 1657 curn
302 1595 454 1655 decedere
474 1607 579 1669 pugna
599 1591 768 1667 coegisset,
789 1590 820 1651 in
836 1607 955 1667 paucos
969 1592 1112 1654 restantis
1135 1594 1189 1655 im-

212 1690 314 1758 petum
327 1678 456 1740 Romani
471 1679 616 1749 iecerunt,
632 1676 784 1752 fusosque
799 1678 1011 1752 compulerunt
1024 1677 1055 1737 iu
1074 1683 1189 1742 castra:

211 1765 331 1840 signum
346 1762 418 1823 inde
431 1759 567 1835 receptui
582 1759 621 1819 ab
634 1760 761 1821 consule
774 1760 876 1821 datum
888 1769 952 1833 est;
971 1761 1011 1822 ad
1022 1761 1108 1836 quod
1117 1777 1190 1837 pars

211 1849 307 1909 maior
320 1851 503 1921 receperunt
518 1859 605 1917 sese,
621 1859 695 1919 pars
710 1844 883 1905 certaminis
898 1844 1000 1907 studio
1016 1852 1048 1907 et
1061 1860 1120 1920 spe
1134 1861 1192 1921 po

211 1932 306 1992 tiuudi
327 1930 436 1990 castris
456 1928 589 1989 hostium
609 1925 742 2004 perstitit
759 1928 800 1988 ad
813 1928 936 1989 vallum.
964 1944 1071 1990 eorum
1086 1929 1192 2006 pauci-

211 2021 272 2075 tate
293 2018 465 2090 contempta
486 2013 562 2073 Galli
582 2011 720 2074 universi
740 2028 779 2073 ex
803 2015 911 2076 castris
927 2020 1108 2091 eruperuntz
1130 2012 1191 2075 iusi

211 2098 282 2159 inde
294 2098 440 2173 Romani,
462 2112 542 2172 quae
557 2096 686 2174 imperio
707 2097 844 2159 consulis
866 2100 1040 2173 noluerant,
1062 2114 1120 2160 suo
1136 2113 1190 2173 pa·

213 2199 286 2244 vore
302 2198 338 2243 ac
351 2189 469 2244 terrore
484 2188 584 2242 castra
597 2188 747 2259 repetunt.
768 2181 811 2243 ita
824 2181 909 2242 varia
922 2182 994 2243 hinc
1005 2189 1097 2258 atque
1108 2181 1191 2242 illiue

213 2283 293 2329 nunc
308 2269 380 2343 tuga
394 2283 474 2327 nunc
488 2266 616 2327 victoria
629 2267 694 2327 iuit.
714 2266 868 2327 Gallorum
881 2272 983 2327 tamen
996 2267 1036 2327 ad
1047 2265 1192 2326 undecim

212 2352 301 2427 milia,
308 2353 514 2414 Romanorum
527 2349 663 2425 quinque
670 2351 753 2410 milia
764 2356 835 2411 sunt
841 2350 955 2411 occisa.
969 2349 1101 2411 XLVIII.
1115 2349 1194 2410 Galli

211 2451 358 2510 recepere
371 2436 402 2493 in
417 2434 521 2493 intima
541 2431 645 2492 finium
667 2448 753 2507 sese,
775 2435 884 2495 consul
897 2434 1082 2495 Placentiam
1096 2434 1193 2509 legio-

212 2534 268 2577 nes
284 2518 378 2577 duxlt.
404 2516 581 2590 Scipionem
596 2516 646 2575 alii
661 2515 824 2580 coniuncto
837 2518 974 2580 exercitu
989 2534 1057 2579 curn
1073 2518 1193 2592 collega

212 2616 268 2675 per
285 2600 431 2661 Boiorum
445 2598 652 2674 Ligurumque
667 2614 759 2675 agros
774 2603 973 2677 populantem
986 2602 1065 2677 isse,
1088 2601 1193 2677 quoad
1291 2615 1297 2670 „³

212 2683 356 2758 progredi
368 2682 464 2742 silvae
476 2682 669 2759 paludesque
680 2699 795 2759 passae
807 2686 876 2761 sint,
888 2685 1032 2759 scribunt,
1048 2685 1099 2746 alii
1110 2685 1194 2745 nulia

211 2765 398 2827 memorabili
413 2772 501 2840 gesta
513 2782 548 2827 re
562 2767 691 2828 Romam
706 2768 896 2831 comitiorum
911 2785 1007 2831 causa
1018 2768 1149 2829 redisse,

294 2850 411 2911 Eodem
425 2866 505 2912 anno
520 2851 552 2911 T.
568 2850 726 2926 Quinctius
740 2852 863 2928 Elatiae,
879 2870 941 2928 quo
956 2853 986 2913 in
1001 2853 1129 2913 hiberna
1142 2867 1192 2911 re·

212 2935 341 2995 duxerat
362 2933 485 3011 copias,
506 2941 603 2997 totum
622 2936 731 2997 hiemis
752 2944 874 3013 tempus
888 2939 955 2998 iure
969 2937 1103 2998 dicundo
1118 2951 1193 2996 eon-

212 3018 356 3094 sumpsit,
381 3018 597 3095 mutandisque
622 3020 659 3080 iis
681 3036 761 3095 quae
785 3028 838 3083 aut
862 3022 961 3097 ipsius
984 3020 1117 3096 Philippi
1141 3025 1196 3080 aut

211 3103 435 3177 praefectorum
449 3103 516 3165 eius
532 3103 653 3164 licentia
668 3104 699 3164 in
714 3104 886 3169 civitatibus
904 3106 985 3166 iacta
998 3111 1100 3178 erant,
1123 3118 1195 3165 cum

211 3201 288 3247 suae
306 3186 447 3248 iectionis
467 3186 624 3248 hominum
643 3187 727 3249 vires
747 3191 890 3264 augendo
909 3188 957 3250 ius
972 3205 1009 3250 ac
1023 3188 1194 3250 libertatem

211 3269 340 3331 aliorum
366 3269 580 3346 deprimerent.
617 3272 701 3333 veris
727 3272 811 3334 initio
837 3273 1014 3334 corinthum
1039 3279 1194 3333 conventu

211 3353 312 3415 edicto
326 3354 418 3414 venit.
440 3353 482 3414 ibi
497 3355 630 3416 omnium
643 3353 808 3417 civitatium
820 3357 988 3432 legationes
999 3357 1029 3416 in
1042 3356 1194 3418 contionis

1287 3185 1297 3266 t

1293 3333 1294 3392 t

210 3438 335 3499 modum
351 3437 550 3499 circumtusus
564 3447 613 3500 est
627 3439 798 3513 adlocutus,
814 3457 905 3501 orsus
920 3441 959 3501 ab
974 3440 1048 3501 inita
1062 3441 1195 3516 primum

211 3521 355 3585 Romanis
371 3521 501 3584 amicitia
516 3538 584 3584 cunr
600 3523 787 3585 Graecorum
801 3531 907 3598 gente,
930 3531 960 3584 et
974 3522 1196 3599 imperatorum
1292 3533 1293 3584 t

1292 3589 1294 3638 l

1293 3645 1294 3694 i

1293 3881 1299 3981 t
