2600 4000
154 197 156 200 ’
248 208 363 271 unnn
376 176 536 271 xxxvur.
559 210 938 285 concasnomen
1022 212 1084 275 ιιι

4 409 5 436 ,
106 358 179 421 inde
198 358 229 420 in
254 374 361 435 agrum
381 358 620 436 Sagalassenum
646 361 771 422 uberem
793 351 982 439 fertilemque
1003 364 1084 426 omni
1202 408 1204 410 -

4 461 6 482 ι
105 458 221 519 genere
240 444 359 519 hugum
379 451 502 505 ventum
518 450 574 505 est.
607 445 711 505 colunt
723 442 859 520 Pisidae,
873 446 965 521 longe
980 448 1083 522 optimi
1198 488 1200 491 -

105 527 187 589 bello
200 526 335 603 regionis
350 527 427 591 cius.
455 543 524 589 cum
538 543 577 588 ea
590 544 640 589 res
656 527 775 590 animos
789 528 869 604 iacit,
884 535 947 590 tum
962 529 1029 604 agri
1041 531 1084 591 te
1154 601 1157 606 ,
1184 568 1187 573 -

91 611 247 673 conditas
268 617 298 672 et
311 610 469 674 multitudo
490 611 646 673 hominum
661 620 693 674 et
705 612 782 674 situs
796 611 875 675 inter
889 627 1006 690 paucas
1019 629 1084 674 rnu-

85 695 187 756 ·nitae
207 693 302 757 urbis.
340 696 463 770 consul,
486 694 558 771 quia
575 696 660 774 nulla
673 695 784 771 legatio
799 696 840 757 ad
852 696 945 757 finem
959 703 1085 773 praesto

105 779 212 853 luerat,
227 779 406 855 praedatum
419 776 451 839 in
466 793 558 855 agros
573 779 663 841 misit.
689 787 753 841 tum
768 780 891 842 demum
904 781 1001 842 tracta
1014 795 1085 856 per·

103 862 215 923 tinacia
229 869 284 938 est,
300 869 333 923 ut
347 863 419 926 terri
434 862 545 939 agique
559 878 610 924 res
626 878 700 924 suas
715 862 865 925 viderunt.
891 865 999 940 legatis
1012 864 1085 924 mis-

103 947 148 1008 sis
159 945 242 1022 pacti
250 944 471 1023 quinquaginta
481 947 600 1009 talentis
608 953 639 1007 ct
649 944 756 1022 viginti
766 945 888 1009 milibus
899 948 1084 1009 medimnum
1189 955 1191 958 ’

102 1029 207 1105 tritici,
229 1030 335 1105 viginti
349 1029 472 1103 hordei,
494 1043 604 1106 pacem
615 1030 864 1128 impetraverunt.
896 1046 1084 1108 progressus

102 1113 174 1174 inde
190 1112 404 1175 adRhotrlnos
416 1113 526 1187 tontes,
542 1115 582 1175 ad
595 1115 694 1175 vicum
706 1129 796 1190 quem
805 1109 959 1178 Acoridos
971 1114 1084 1177 (ιοιιιιιι

100 1203 215 1258 vocant
237 1196 343 1274 posuit
363 1203 474 1258 castra
509 1212 548 1259 eo
571 1187 721 1260 Seleucus
741 1197 780 1259 ab
799 1199 938 1275 Apamea
958 1205 1084 1276 postero

101 1280 152 1342 dic
173 1281 264 1342 venit
300 1296 412 1357 aegros
425 1281 498 1342 inde
512 1289 543 1342 et
556 1281 673 1343 inutilia
686 1281 903 1358 impedimenta
916 1299 985 1345 cum
1000 1286 1083 1360 Apa·
1146 1289 1149 1294 ’

69 1437 75 1447 .
100 1379 201 1425 meam
221 1363 402 1441 dimisisset,
425 1364 554 1427 ducibus
575 1365 715 1427 itinerum
734 1366 773 1427 ab
794 1366 926 1429 Seleuco
947 1367 1083 1444 acceptis

100 1448 260 1525 protectus
274 1464 313 1510 eo
328 1447 379 1509 die
392 1449 423 1510 in
437 1449 706 1526 Metropolitanum
720 1465 877 1527 carnpum,
892 1458 1019 1528 postero
1034 1451 1085 1512 die

100 1532 207 1594 Diniae
212 1531 365 1610 Phrygiae
375 1533 539 1609 processit
552 1532 780 1614 indeSynnada
789 1535 882 1606 venit,
895 1543 978 1596 metu
988 1535 1084 1600 omni,-

4 1651 8 1688 ι,
100 1617 160 1679 bus
186 1616 268 1693 circa
293 1617 418 1693 oppidis
438 1618 579 1680 desertis
617 1635 749 1696 quorum
771 1618 887 1695 praeda
909 1618 970 1679 iam
989 1632 1084 1693 grave

4 1695 6 1768 Ϊ
101 1715 210 1775 agmen
231 1700 357 1762 trahens
377 1702 430 1762 vix
451 1701 587 1779 quinque
608 1703 724 1764 milium
745 1701 796 1761 die
810 1706 874 1761 toto
889 1700 997 1761 itinere
1012 1715 1081 1776 per·

102 1784 181 1844 tecto
196 1784 236 1845 ad
247 1784 382 1859 Beudos,
399 1786 484 1862 quod
495 1793 582 1847 vetus
598 1785 763 1861 appellant,
778 1784 927 1857 pervenit.
950 1782 990 1843 ad
1001 1785 1078 1844 Ana

105 1859 179 1928 hura
198 1868 285 1943 inde,
308 1876 339 1930 et
352 1871 447 1930 altero
463 1868 514 1928 die
528 1868 569 1927 ad
583 1867 712 1927 Alandri
726 1867 841 1938 tontes,
862 1865 950 1928 tertio
966 1866 1006 1928 ad
1020 1866 1082 1928 Ab
1153 1895 1155 1899 ·

4 1967 5 1980 ¹
102 1950 238 2023 baseium
253 1952 357 2028 posuit
371 1958 482 2012 casua.
503 1949 545 2010 ibi
560 1952 665 2027 plures
682 1949 749 2011 dies
761 1948 871 2017 stafiva
881 1948 995 2028 habuit,
1012 1949 1081 2029 quia

102 2040 283 2110 perventum
298 2040 364 2094 erat
377 2033 418 2094 ad
431 2032 711 2109 Tolistobogiornm
724 2034 813 2095 lines.

5 2104 6 2129 ¹
184 2117 264 2177 XVI
286 2115 1080 2194 lireothmagnabommumvrs,seu1nop1aagn

5 2212 6 2227 ¹
101 2215 159 2261 seu
179 2200 313 2276 praedae
333 2215 405 2276 spe,
428 2199 541 2261 nullam
561 2206 697 2276 gentem,
718 2216 775 2278 per
790 2215 868 2277 quas
882 2199 953 2262 ituri
967 2209 1081 2276 essent,

101 2300 206 2360 parem
220 2284 314 2346 armis
327 2283 400 2361 rati,
413 2283 537 2345 Brenno
553 2284 655 2368 duce
646 2301 676 2344 ιιι
690 2284 853 2355 Dardanos
868 2293 1082 2362 pervenerunt

101 2368 142 2430 ibi
156 2368 266 2430 seditio
282 2376 357 2442 orta,
377 2376 408 2430 et
422 2368 463 2429 ad
476 2365 584 2444 viginti
597 2369 680 2429 milia
692 2367 850 2431 hominum
865 2384 935 2430 cum
947 2368 1082 2432 Lonorio

101 2467 137 2512 ac
150 2452 273 2515 Lutario
287 2451 402 2529 regulis
417 2452 599 2514 secessione
612 2452 693 2536 iacta
707 2469 726 2513 a
738 2453 862 2515 Brenno
877 2453 907 2513 in
921 2451 1081 2514 Thraciam

100 2542 157 2596 rter
170 2543 317 2599 avertunt
341 2534 394 2598 nbi
408 2552 477 2597 cum
490 2537 705 2599 resistentibus
715 2537 892 2615 pugnando,
906 2552 1017 2614 pacem
1028 2554 1082 2615 pe·

99 2620 233 2682 tentibus
247 2621 433 2698 stipendium
446 2620 633 2698 imponendo
640 2622 825 2701 Byzantium
839 2637 909 2683 cum
922 2622 1080 2697 pervenis·

100 2709 183 2775 sent,
205 2702 393 2780 aliquamdiu
415 2719 501 2765 oram
520 2703 717 2780 Propontidis
736 2705 917 2785 vectigalem
937 2705 1080 2767 habendo

100 2784 233 2859 regionis
247 2784 314 2847 eius
326 2786 633 2848 urbesobtinucrunt.
656 2787 919 2863 cupidoindceos
931 2787 962 2847 in
974 2786 1081 2850 Asiam
1101 2864 1103 2869 ‚

99 2869 293 2944 transeundi,
315 2869 465 2932 audientis
480 2884 520 2929 ex
534 2871 725 2946 propinquo,
748 2878 861 2946 quanta
874 2871 999 2933 ubertas
1013 2871 1080 2933 eius

99 2960 199 3015 terrae
219 2961 318 3028 esset,
343 2953 440 3030 cepit;
463 2959 493 3013 et
506 2952 703 3032 Lysimachia
723 2953 830 3014 fraude
845 2954 936 3031 capta
950 2954 1079 3017 cherso-

101 3052 241 3114 nesoque
262 3038 344 3100 omni
363 3034 456 3098 armis
476 3052 628 3113 possessa
647 3038 688 3114 ad
700 3038 932 3113 Hellespontum
950 3040 1079 3100 descen-

100 3121 218 3182 derunt.
250 3121 293 3183 ibi
306 3135 381 3181 vero
398 3120 509 3197 exiguo
524 3120 656 3183 divisam
669 3121 747 3184 treta
763 3122 958 3184 cernentibus
972 3121 1080 3184 Asiam
1148 3192 1151 3198 ,
1269 3156 1271 3159 ·

100 3203 194 3266 multo
215 3203 313 3282 magis
335 3202 427 3266 enimi
442 3205 482 3265 ad
496 3205 717 3268 transeundum
731 3205 870 3278 accensi;
893 3204 1079 3283 nuntiosque
1118 3242 1119 3245 =

99 3284 139 3346 ad
150 3287 341 3365 Antipatrum
355 3290 543 3366 praelectum
557 3289 624 3351 eius
636 3306 710 3352 oruc
721 3292 761 3351 de
770 3289 900 3352 ιιιιιιιιιιι
912 3290 1077 3352 mittebant.

101 3385 246 3444 quaeres
261 3388 330 3434 cum
343 3372 454 3435 lentius
470 3388 528 3450 spe
542 3373 681 3449 ipsorum
695 3374 881 3450 traheretur,
896 3373 956 3434 alia
969 3389 1077 3434 rursus

100 3467 179 3515 nova
195 3452 273 3515 inter
286 3457 411 3533 regulos
427 3456 538 3517 seditio
554 3464 620 3518 orta
634 3464 691 3517 est.
722 3456 981 3530 Lonorins'retro,
996 3454 1078 3524 unde
