2600 4000
179 217 220 285 14
325 216 440 276 LIBER
453 214 557 273 XXXI.
581 212 664 273 CAP.
681 222 724 274 15.
740 221 784 275 16.
808 219 845 286 [a.
861 219 896 271 U.
912 236 936 271 c.
951 219 1015 285 562]

179 364 311 431 Attalida
329 364 534 440 appellarent,
563 363 604 422 ad
625 362 733 423 decem
753 371 875 424 veteres
891 363 987 424 trihus
1001 364 1156 426 addenda.

177 459 208 513 et
220 446 410 511 Rhodiorum
424 447 559 525 populus
575 460 690 506 corona
704 463 799 508 aurea
819 445 939 507 virtutis
964 462 1038 522 ergo
1065 449 1161 508 dona·

179 544 243 608 tus,
268 530 439 606 civitasque
463 529 593 591 Rhodiis
618 529 704 605 data,
727 548 819 606 quem
844 531 1030 592 admodum
1048 531 1162 593 Rhodii

176 617 262 696 prius
282 613 524 677 Atheniensibus
545 612 702 675 dederant.
738 615 909 675 secundum
933 615 1011 675 haec
1030 631 1088 676 rex
1108 618 1156 675 At·

178 704 256 765 taius
270 698 420 774 Aeginam
436 698 475 757 ad
492 698 625 757 classem
640 713 675 757 se
688 697 808 774 recipit,
821 697 935 760 Rhodii
951 698 1034 758 Ciam
1048 701 1087 759 ab
1100 700 1162 759 Ae·

177 786 269 863 gina,
301 783 374 844 inde
401 797 458 856 per
486 779 603 841 insulas
630 781 775 842 Rhodum
808 781 991 858 navigarunt
1019 783 1161 844 omnibus

177 876 299 945 praeter
312 866 451 927 Andrum
464 864 635 940 Parumque
657 872 687 926 et
707 865 875 944 Cythnum,
902 883 982 941 quae
996 866 1163 942 praesidiis

177 952 379 1016 Macedonum
395 948 584 1021 tenebantur,
605 948 637 1007 in
652 948 832 1011 societatem
846 949 992 1025 deceptis.
1027 952 1164 1012 Attalum

181 1034 315 1112 Aeginae
330 1031 417 1093 missi
431 1031 462 1091 in
477 1032 629 1093 Aetoliam
643 1032 756 1109 nuntii,
781 1033 1017 1110 exspectatique
1033 1034 1105 1095 inde
1119 1035 1162 1094 le

178 1118 255 1195 gati,
281 1115 470 1193 aliquamdiu
484 1114 559 1176 nihil
572 1125 714 1191 agentem
728 1127 864 1179 tenuere.
909 1127 940 1179 et
965 1135 1067 1194 neque
1091 1117 1163 1179 illos

178 1201 282 1264 excire
306 1201 346 1261 ad
363 1217 447 1261 arma
460 1198 573 1276 potuit,
603 1202 774 1274 gaudentes
798 1210 964 1278 utcumque
991 1201 1163 1278 composita

178 1303 248 1348 cum
260 1284 400 1361 Philippo
420 1300 512 1360 pace;
542 1291 573 1345 et
585 1282 656 1360 ipse
675 1285 859 1362 Rhodiique,
889 1304 967 1362 cum,
988 1285 1016 1347 si
1036 1285 1159 1348 institis·

179 1379 249 1432 sent
261 1368 411 1444 Philippo,
427 1367 585 1444 egregium
598 1367 745 1430 liberatae
759 1386 817 1446 per
832 1387 867 1431 se
882 1369 1028 1431 Graeciae
1043 1370 1163 1431 titulum

178 1454 292 1514 hahere
306 1451 489 1528 potuissent,
511 1450 657 1528 patiendo
677 1469 785 1515 rursus
800 1470 870 1515 eum
884 1454 915 1513 in
929 1456 1162 1531 Hellespontum

179 1536 308 1599 traicere
334 1543 599 1612 occupantemque
612 1535 761 1598 Thraciae
786 1547 961 1614 opportuna
983 1539 1054 1599 loca
1078 1538 1162 1599 vires

180 1620 335 1697 colligere,
359 1621 474 1682 bellum
498 1621 611 1694 aluere,
637 1619 828 1697 gloriamque
842 1621 910 1683 eius
925 1621 1005 1698 gesti
1019 1622 1161 1698 perlecti·

180 1722 242 1783 que
252 1703 400 1766 Romanis
414 1711 647 1766 concesserunt.

259 1790 340 1850 XVI.
361 1788 521 1864 Philippus
537 1787 634 1863 magis
648 1789 734 1864 regio
748 1788 850 1850 animo
862 1798 1012 1861 estusus;
1028 1789 1162 1865 quicum
1200 1846 1202 1849 ,

181 1874 313 1937 Attalum
326 1872 529 1947 Rhodiosque
543 1870 641 1934 hostis
657 1891 719 1934 non
734 1873 947 1948 sustinuisset,
968 1890 1008 1935 ne
1021 1874 1162 1934 Romano

181 1954 304 2034 quidem
320 1957 405 2031 quod
419 1955 594 2018 imminebat
607 1956 689 2019 hello
706 1957 843 2033 territus,
871 1957 1006 2019 Philocle
1027 1958 1162 2034 quodam

180 2058 219 2102 ex
234 2039 399 2116 praelectis
415 2040 480 2101 suis
496 2057 565 2102 cum
580 2042 701 2104 duobus
713 2042 835 2104 milibus
846 2042 991 2119 peditum,
1006 2042 1162 2119 equitibus

180 2123 319 2185 ducentis
330 2125 371 2186 ad
381 2126 578 2201 populandos
591 2125 825 2188 Atheniensium
836 2143 929 2202 agros
940 2125 1047 2202 misso,
1061 2128 1163 2187 classe

181 2207 290 2272 tradite
300 2209 465 2285 Heraclidi,
480 2218 514 2271 ut
526 2209 702 2272 Maroneam
718 2219 846 2287 peteret,
872 2209 942 2286 ipse
955 2219 1036 2272 terra
1051 2211 1163 2272 eodem

180 2310 251 2354 cum
265 2293 418 2370 expeditis
434 2295 556 2355 duobus
572 2293 695 2356 milibus
711 2295 857 2369 peditum,
878 2293 1032 2371 equitibus
1048 2295 1160 2355 ducen-

179 2376 218 2437 tis
234 2376 342 2452 pergit.
382 2383 412 2437 et
425 2376 603 2438 Maroneam
618 2377 744 2452 quidem
757 2377 856 2453 primo
874 2378 990 2455 impetu
1005 2395 1162 2455 expugna·

183 2459 237 2531 vit3
252 2461 373 2520 Aenum
388 2459 461 2520 inde
475 2476 545 2521 cum
559 2475 670 2534 magno
685 2460 800 2536 labore,
815 2471 972 2537 postremo
987 2478 1044 2538 per
1058 2462 1161 2538 prodi-

180 2542 292 2603 tionem
318 2541 491 2603 Callimedis
507 2543 655 2618 praefecti
674 2543 856 2619 Ptolemaei,
877 2546 969 2623 cepit.
1013 2546 1162 2622 deinceps

179 2625 240 2685 alia
254 2627 396 2701 castella,
419 2625 555 2703 Cypsela
569 2636 599 2687 et
612 2626 764 2689 Doriscon
779 2638 810 2691 et
824 2629 1003 2702 Serrheum,
1019 2637 1162 2706 occupat.

178 2708 251 2769 inde
266 2725 452 2785 progressus
473 2712 514 2770 ad
535 2710 761 2773 Chersonesum
781 2714 929 2775 Elaeunta
943 2724 974 2775 et
986 2716 1161 2790 Alopecon-

179 2811 288 2854 nesum
312 2792 502 2856 tradentibus
528 2794 606 2870 ipsis
632 2796 750 2872 recipit.
801 2798 956 2875 Callipolis
982 2815 1108 2876 quoque
1132 2807 1162 2858 et

178 2878 323 2957 Madytos
339 2877 452 2954 dedita,
466 2886 497 2941 et
512 2881 638 2942 castella
654 2883 806 2956 quaedam
820 2881 975 2956 ignobilia.
1016 2882 1161 2961 Abydeni

179 2979 218 3022 ne
233 2961 341 3038 legatis
357 2960 481 3037 quidem
495 2963 640 3024 admissis
654 2965 720 3043 regi
733 2975 839 3042 portas
851 2968 1035 3028 clauserunt.
1057 2983 1095 3026 ea
1106 2983 1161 3042 op-

179 3046 325 3124 pugnatio
338 3046 392 3109 diu
405 3047 578 3124 Philippum
592 3048 704 3122 tenuit;
726 3049 866 3126 eripique
888 3068 926 3110 ex
942 3050 1115 3125 obsidione,
1130 3050 1161 3110 ni

181 3139 336 3193 cessatum
358 3132 397 3193 ab
411 3134 513 3194 Attalo
530 3143 560 3194 et
573 3132 703 3194 Rhodiis
720 3136 805 3205 soret,
832 3142 1004 3209 potuerunt.
1039 3137 1161 3195 Attalus

178 3225 333 3278 trecentos
359 3223 476 3278 tantum
497 3216 608 3279 milites
624 3217 656 3277 in
671 3217 876 3293 praesidium,
899 3218 1013 3280 Rhodii
1039 3218 1160 3298 quadri-

178 3316 294 3361 remem
307 3317 401 3362 unam
421 3318 461 3361 ex
482 3303 598 3375 classe,
624 3318 694 3362 cum
714 3302 754 3361 ad
767 3302 924 3363 Tenedum
938 3310 1047 3378 staret,
1070 3299 1160 3364 mise·

179 3392 257 3446 runt.
289 3385 400 3447 eodem
419 3395 538 3461 postea,
565 3403 635 3447 cum
659 3385 721 3445 iam
743 3383 796 3445 vix
816 3385 1003 3448 sustinerent
1025 3385 1160 3448 obsidio-

180 3486 257 3544 nem,
273 3475 304 3529 et
322 3467 392 3546 ipse
413 3471 533 3533 Attalus
554 3486 623 3531 cum
637 3467 823 3543 traiecisset,
840 3486 929 3545 spem
945 3479 1059 3531 tantum
1074 3468 1158 3531 auxi·
