2600 4000
284 183 400 290 urana
413 229 547 289 xxxiv.
569 230 650 289 cnr.
666 237 734 293 ns.
755 237 791 301 n.
808 238 841 292 c
855 237 916 302 ros]
1023 230 1087 296 129

100 379 205 460 ipsum
216 386 464 453 contemnuntur,
482 396 577 455 supra
592 378 674 440 viros
693 396 727 440 so
742 381 931 443 extendant?
945 385 1027 465 [nae]
1043 388 1084 446 si

98 465 163 527 mul
176 464 310 542 pudere,
333 464 418 538 quod
439 480 500 525 non
521 470 660 539 oportet,
676 462 828 540 cooperit,
853 467 937 540 quod
953 477 1082 543 oportet,

99 566 164 612 non
175 546 312 625 pudebit
335 551 417 625 qu‘oe
429 547 468 607 de
481 564 539 609 suo
554 546 677 623 poterit,
693 546 827 622 parabit·
845 564 926 624 quae
941 566 1002 611 non
1017 560 1084 626 pot

99 632 168 708 erit,
183 631 283 693 virum
296 631 427 707 rogabit
450 630 596 692 miserum
610 630 736 692 illum
708 648 815 704 virum,
831 631 927 707 etqui
939 642 1084 695 exoratus

100 725 133 779 et
148 716 201 792 qui
216 732 278 776 non
293 722 440 777 exoratus
455 713 527 789 erit,
543 730 613 777 eum
628 715 714 791 quod
727 714 796 790 ipse
811 731 874 776 non
886 716 1015 789 dederit,
1031 719 1084 778 da·

101 810 167 864 tum
180 799 219 860 ab
234 798 295 861 alio
306 797 432 860 videbit.
475 814 557 860 nune
570 801 665 875 vulgo
680 797 799 860 alienos
815 799 899 861 viros
912 809 1037 877 rogant,
1055 808 1086 862 et

101 885 187 961 quod
198 882 297 944 maius
309 889 366 956 ost,
381 883 480 958 legem
492 891 524 944 et
536 881 685 958 sullbagia
696 891 813 959 rogant,
828 892 889 945 eta
901 884 1085 961 quibusdam

99 967 274 1044 impetrent,
288 967 441 1028 adversus
456 973 486 1028 te
500 975 532 1028 et
544 983 610 1028 rem
626 974 708 1029 tuam
722 974 753 1027 ot
763 966 878 1030 llberos
892 975 962 1030 tuos
976 967 1083 1029 inexo-

100 1050 225 1118 rabiles.
261 1049 352 1112 simul
372 1053 425 1111 lex
445 1051 570 1112 modum
585 1050 758 1127 sumptibus
773 1050 881 1136 uxoris
897 1060 966 1113 tuae
981 1053 1084 1114 lucere

102 1133 236 1211 desierit,
247 1142 281 1196 tu
290 1150 458 1210 numquam
469 1134 575 1196 lanies.
588 1134 681 1197 nolite
693 1135 803 1196 eodem
814 1136 884 1197 loeo
898 1133 1082 1209 existimare,

101 1217 243 1295 Quirites,
257 1219 390 1280 lulumm
403 1234 483 1293 rem,
499 1235 562 1295 quo
578 1217 634 1280 luit
648 1226 813 1294 antequam
827 1220 879 1281 lex
895 1219 934 1281 de
949 1221 1009 1281 hoe
1024 1220 1083 1281 ler-

100 1312 193 1365 retur.
209 1309 240 1364 et
250 1301 405 1364 hominem
416 1301 589 1379 improbum
601 1319 663 1364 non
674 1301 816 1367 accusari
827 1302 921 1376 tullus
933 1312 981 1366 est
992 1320 1084 1380 quam

100 1385 238 1459 absolvi,
254 1395 285 1448 et
297 1385 420 1448 luxuria
433 1403 495 1448 non
509 1395 592 1450 mota
607 1385 795 1450 tolerabilior
809 1395 903 1461 esset,
920 1404 1013 1464 quam
1027 1387 1084 1449 erit

101 1487 200 1545 nuno,
224 1469 302 1546 ipsis
322 1469 454 1532 viueulis
475 1470 555 1533 siout
575 1472 659 1533 serae
678 1469 942 1544 uastissimas,
969 1470 1082 1533 deinde
1200 1495 1203 1500 ·

101 1553 226 1616 emissa.
250 1569 309 1629 ego
320 1556 406 1618 nullo
420 1556 513 1617 modo
528 1556 738 1631 abrogandam
751 1557 851 1631 legem
866 1553 997 1631 Oppiam
1012 1570 1083 1616 eerr-

103 1654 170 1701 seo.
193 1654 250 1700 vos
265 1639 349 1716 quod
363 1637 475 1716 lenitis,
491 1640 568 1702 deos
584 1639 683 1701 omnis
699 1639 855 1700 fortunare
870 1638 991 1698 veiim.“

186 1723 224 1783 V.
246 1722 319 1785 Post
332 1723 410 1785 haee
425 1722 536 1786 tribuni
551 1739 678 1801 quoque
692 1719 803 1798 plebei,
821 1722 921 1797 quise
935 1721 1083 1783 interces-

103 1822 193 1868 suros
207 1806 345 1883 professi
358 1817 459 1882 emnt,
486 1825 556 1870 eum
577 1823 678 1884 pauca
697 1805 728 1866 in
749 1805 879 1866 eandem
901 1804 1083 1873 senteutiam

101 1889 298 1966 adiecissent,
312 1899 376 1952 tum
389 1892 422 1950 L.
438 1893 581 1953 Valerius
597 1908 653 1967 pro
668 1888 829 1966 rogatione
843 1890 882 1951 ab
898 1905 933 1951 se
948 1891 1082 1971 promul·

101 1982 172 2052 gata
185 1974 227 2037 ita
241 1972 399 2037 disseruit.
422 1973 470 2048 „si
485 1975 595 2052 prlvati
611 1974 819 2037 tantummodo
834 1975 874 2036 ad
890 1974 1082 2038 suadendum

101 2058 409 2133 dissuadendumque
420 2056 451 2118 id
464 2059 547 2132 qnod
558 2058 596 2117 ab
608 2057 699 2119 nobis
709 2066 835 2132 rogatur
844 2059 1083 2133 processissent,

101 2158 160 2219 ego
178 2156 321 2217 quoque,
343 2156 413 2201 oum
435 2139 509 2199 satis
530 2139 646 2200 dietum
660 2155 717 2214 pro
733 2147 863 2215 utraque
877 2148 964 2215 parte
980 2140 1082 2202 existi·

100 2239 227 2296 marem,
244 2220 354 2283 tacitus
371 2220 519 2299 suffragia
532 2229 637 2283 vestro
651 2228 897 2298 exspectassem.
917 2239 1000 2284 nune
1015 2239 1082 2285 oum

101 2309 151 2369 vir
164 2304 366 2382 gravissimus
379 2307 488 2367 consul
498 2307 538 2368 Μ.
550 2305 688 2382 Porcius,
704 2322 766 2367 non
778 2304 959 2369 oumoritate
974 2308 1083 2382 solum,

102 2396 184 2470 quae
204 2388 297 2452 tacita
317 2391 393 2454 sotis
407 2390 551 2453 momenti
566 2389 741 2465 habuisset,
764 2389 821 2452 sed
841 2388 980 2455 oratione
994 2389 1084 2452 etism

102 2478 196 2551 longa
209 2481 240 2536 et
253 2482 397 2537 aoourata
410 2472 579 2538 insectatus
594 2473 635 2537 sit
647 2472 839 2552 rogationem
858 2481 1010 2550 nostram,
1030 2490 1083 2536 ne·

103 2575 227 2621 sessum
241 2566 289 2621 ost
303 2556 412 2635 pauois
426 2560 626 2636 respondere.
661 2558 714 2635 qui
729 2567 829 2621 umen
843 2559 933 2636 plura
945 2559 1041 2621 verba
1050 2556 1083 2619 in

103 2640 290 2719 castigandis
316 2642 464 2705 matronis
488 2660 580 2720 quam
601 2645 631 2703 ln
653 2642 814 2720 rogatione
835 2650 941 2706 nostro
962 2642 1082 2706 dissua-

102 2725 205 2788 denda
221 2723 427 2804 consumpsit3
442 2734 473 2789 et
491 2726 615 2804 quidem
629 2735 663 2789 ut
677 2726 708 2788 in
722 2725 816 2789 dubio
829 2735 967 2803 poneret,
982 2734 1083 2788 utrum

101 2809 135 2872 id
151 2810 239 2885 quod·
248 2812 464 2887 reprenderet,
491 2819 647 2873 matronae
668 2828 726 2873 sua
746 2818 859 2888 sponte
870 2828 908 2872 an
924 2810 1015 2874 nobis
1029 2828 1082 2873 au-

103 2892 241 2956 oloribus
256 2893 414 2959 lseissent
436 2909 501 2956 rem
515 2895 695 2968 defendam,
711 2912 774 2956 non
784 2911 856 2970 nos,
870 2892 902 2955 in
918 2909 998 2970 quos
1012 2893 1084 2957 ieoil

101 2977 201 3053 magis
215 2976 275 3040 hoo
291 2979 400 3042 eonsul
414 2979 511 3041 verbo
532 2987 637 3052 tenus,
666 2995 758 3055 quam
777 2989 864 3041 utre
883 2976 1082 3041 insimularet

102 3068 224 3124 eoelum
239 3070 270 3123 et
281 3061 465 3126 seditionem
476 3071 508 3127 et
516 3061 670 3125 interdum
682 3062 894 3126 secessionem
904 3061 1083 3124 muliebrem

102 3144 286 3221 appellavit,
313 3147 402 3225 quod
417 3155 575 3209 matronae
590 3146 621 3208 in
636 3145 761 3224 publioo
776 3163 835 3209 vos
849 3155 1030 3223 rogassent,
1051 3154 1084 3207 ut

102 3229 201 3304 legem
216 3230 246 3289 in
261 3245 297 3291 se
311 3232 403 3293 lotum
419 3247 474 3307 per
488 3232 601 3293 bellum
612 3229 803 3307 temporibus
815 3229 901 3293 duris
916 3230 947 3291 in
963 3246 1041 3308 paee
1053 3240 1084 3291 et

101 3311 225 3374 llorenti
245 3330 283 3375 ao
302 3315 393 3377 beata
413 3331 447 3376 re
461 3315 585 3393 publiea
598 3314 798 3391 abrogaretis.
840 3316 937 3378 verba
962 3331 1083 3391 magna,

102 3411 184 3472 quae
195 3395 412 3473 reraugendae
422 3415 518 3462 eausa
529 3397 758 3474 conquirantur,
770 3400 886 3462 ethaeo
898 3406 929 3462 et
938 3398 999 3459 ulra
1009 3411 1082 3458 esse

101 3477 186 3555 solo,
201 3487 232 3542 et
244 3481 285 3541 Μ.
301 3481 447 3544 Catonem
462 3491 615 3546 oratorem
630 3497 692 3542 non
707 3484 808 3544 solum
822 3497 948 3559 gravem
964 3478 1044 3542 sed
1035 3497 1077 3538 ιιι

146 3579 172 3620 r.
188 3579 250 3622 rrvr
265 3581 342 3625 rans
352 3566 405 3625 IV
859 3573 878 3628 9
