2600 4000
201 256 318 318 LIBER
327 256 460 317 XXXIV.
476 256 560 317 CAP.
575 263 619 318 43.
630 263 674 318 44.
692 261 728 329 [a.
735 260 770 314 U.
778 278 801 314 e.
809 264 870 319 558.
877 278 902 315 a.
911 261 942 315 C
951 262 1014 331 194]
1037 256 1096 322 161

115 407 225 474 vinciis
246 421 316 468 cum
330 408 459 467 relatum
474 413 571 481 esset,
593 412 720 468 senatus
735 407 881 483 frequens
896 408 927 467 in
943 423 1011 468 eam
1027 424 1095 469 sen·

115 492 240 558 tentiam
254 491 325 565 ibat,
339 496 373 551 ut
387 491 534 568 quoniam
548 490 578 550 iu
592 490 743 565 Hispania
756 496 787 550 et
796 490 978 551 Macedonia
993 492 1096 555 debel-

114 582 209 641 latum
230 575 322 649 loret,
345 573 524 635 oonsulibus
545 573 695 634 ambobus
716 573 803 634 Italia
822 574 982 648 provincia
1001 584 1095 639 esset.

115 660 222 737 Scipio
244 658 319 719 satis
340 673 412 719 esse
426 658 530 719 ltaliae
543 673 638 718 unum
652 659 811 719 consulem
828 658 988 729 censebat;
1011 660 1095 720 alteri

113 742 327 807 Macedoniam
347 741 573 803 decernendam
587 755 669 802 esse.
697 740 811 802 bellurn
826 756 921 815 grave
935 741 974 802 ab
988 742 1094 806 Antio·

115 829 174 890 cho
195 825 361 887 imminere.
393 825 454 885 iam
467 825 570 901 ipsum
584 840 642 886 sua
657 831 769 901 sponte
782 825 813 885 in
826 825 982 902 Europam
997 832 1095 888 trans·

114 927 272 990 gressum:
293 909 367 986 quid
381 909 493 970 deinde
506 910 658 972 iactuum
673 915 848 985 censerent,
865 925 934 970 cum
949 909 1020 970 hinc
1034 913 1095 972 Ae-

113 997 168 1059 toli
181 994 265 1057 haud
279 994 372 1055 dubie
384 992 492 1055 hostes
507 1000 654 1054 vocarent
666 993 706 1053 ad
718 992 837 1068 bellum,
851 993 934 1054 illinc
944 994 1095 1056 Hannibal

112 1079 260 1143 Romanis
276 1077 414 1139 cladibus
428 1076 557 1153 insignis
572 1076 739 1153 imperator
752 1077 941 1138 stimularet?
968 1078 1041 1139 dum
1055 1079 1095 1140 de

113 1161 281 1242 provinciis
302 1162 463 1223 consulum
483 1160 687 1237 disceptatur,
707 1167 866 1237 praetores
887 1160 986 1223 sortiti
1007 1172 1089 1224 sunt.

114 1250 166 1311 Cn.
180 1245 311 1310 Domitio
324 1245 443 1307 urbana
456 1244 636 1321 iurisdictio,
651 1244 684 1304 T.
695 1245 832 1306 Iuventio
848 1245 1010 1322 peregriua
1020 1262 1086 1308 eve

114 1333 173 1407 nit,
193 1332 225 1392 P.
246 1329 386 1392 cornelio
405 1329 555 1405 Hispania
574 1329 713 1404 ulterior,
735 1327 807 1391 Sex.
827 1328 938 1406 Digitio
960 1330 1086 1409 citerior

113 1415 236 1478 duobus
248 1414 299 1476 Gn.
313 1412 470 1487 corneliis,
485 1413 622 1475 Blasioni
634 1412 746 1487 Sicilia,
758 1413 926 1475 Merendae
940 1412 1090 1475 Sardinia.

112 1497 363 1562 inMacedoniam
374 1513 489 1559 novum
501 1499 668 1559 exercitum
679 1499 881 1574 transportari
891 1513 953 1559 non
964 1498 1090 1573 placuit:

113 1600 183 1645 eum
199 1582 252 1659 qui
266 1589 349 1643 esset
363 1581 414 1658 ibi,
431 1581 538 1643 reduci
552 1583 583 1642 in
597 1582 713 1643 Italiam
728 1598 747 1641 a
762 1580 901 1657 Quinctio
917 1597 953 1642 ac
968 1581 1090 1652 dimitti,

113 1672 186 1728 rtem
202 1681 271 1728 eum
284 1666 449 1727 exercitum
463 1665 584 1740 dimitti,
602 1666 655 1742 qui
670 1681 739 1727 cum
752 1666 793 1726 ild.
807 1664 916 1725 Porcio
932 1664 1047 1725 Catone
1060 1663 1089 1725 in

113 1750 261 1829 Hispania
280 1756 372 1812 esset.
403 1751 580 1812 consulibus
601 1749 751 1812 ambobus
771 1749 887 1809 ltaliam
901 1747 1090 1824 provinciam

113 1850 198 1910 esse,
220 1839 250 1894 et
264 1834 342 1897 duas
362 1834 496 1895 urbanas
511 1834 647 1894 scribere
663 1848 718 1893 eos
732 1832 886 1908 legiones,
908 1838 941 1895 ut
955 1831 1091 1892 dimissis

113 1936 192 1996 quos
203 1924 330 1980 senatus
342 1917 515 1977 censuisset
523 1917 708 1979 exercitibus
721 1923 791 1979 octo
804 1915 927 1979 omnino
935 1916 1091 1978 Romanae

111 2006 250 2080 legiones
266 2006 381 2064 essent.

195 2086 299 2145 XLIV.
322 2084 386 2143 Ver
401 2097 522 2143 sacrum
537 2083 649 2146 iactum
664 2091 729 2143 erat
744 2085 846 2159 priore
861 2100 951 2160 anno,
965 2084 1006 2145 Μ.
1017 2084 1089 2145 Por·

112 2170 161 2231 cio
176 2175 207 2229 et
219 2167 252 2227 L.
266 2165 392 2227 Valerio
408 2164 597 2226 consulibus.
628 2165 660 2225 id
675 2180 744 2226 curn
757 2166 790 2225 P.
805 2165 939 2228 Licinius
954 2167 1092 2242 pontifex

111 2268 174 2314 non
189 2266 261 2312 esso
277 2255 361 2311 recte
375 2250 487 2310 lactum
502 2248 631 2325 collegio
646 2247 787 2325 primurn,
806 2248 918 2310 deindo
932 2265 972 2310 ex
987 2256 1093 2311 aucto-

110 2337 199 2398 ritate
214 2333 333 2410 collegii
346 2332 484 2409 patribus
497 2333 713 2409 renuntiasset,
733 2334 772 2395 de
787 2334 904 2409 integro
920 2334 1093 2395 laciendum

111 2418 258 2482 arbitratu
279 2417 456 2493 pontificum
477 2424 677 2493 censuerunt,
698 2418 852 2495 ludosque
871 2433 1017 2494 magnos,
1038 2416 1091 2494 qui

110 2520 173 2565 una
180 2503 245 2565 voti
256 2508 369 2577 esseut,
380 2508 463 2564 tanta
474 2501 606 2578 pecunia
618 2508 732 2578 quanta
743 2502 905 2576 adsoleret,
914 2501 1092 2568 iaciendos:

112 2603 166 2647 ver
189 2603 310 2649 secrurn
333 2586 431 2648 videri
452 2601 565 2663 pecus,
591 2588 676 2663 quod
697 2595 801 2649 uatum
820 2593 905 2648 esset
925 2587 1004 2648 inter
1022 2586 1089 2650 Kal.

111 2670 234 2731 Martias
250 2675 280 2730 et
297 2670 395 2745 pridie
408 2670 475 2731 Kal.
488 2669 587 2731 Maias
601 2669 633 2729 P.
649 2670 790 2733 Cornelio
805 2677 836 2731 el
849 2670 891 2731 Ti.
908 2669 1092 2747 Sempronio

111 2754 301 2816 consulibus.

197 2837 366 2898 Censorum
378 2835 451 2895 inde
466 2836 588 2898 comitia
601 2842 674 2896 sunt
687 2836 799 2898 habita.
834 2838 926 2899 creati
944 2853 1091 2900 censores

110 2921 184 2984 Sex.
205 2921 314 2982 Aelius
333 2919 446 2980 Paetus
467 2927 497 2980 et
518 2918 549 2980 c.
565 2918 724 2982 cornelius
748 2920 899 2996 callegas
921 2922 1090 2998 principem

110 3012 285 3067 senatorem
297 3003 330 3064 P.
345 3001 521 3080 Scipionem
536 3002 710 3080 consulem,
734 3020 826 3081 quem
841 3011 871 3065 et
884 3003 1004 3081 priores
1020 3021 1089 3067 cen·

110 3105 199 3151 sores
214 3091 359 3165 legerant,
374 3088 522 3163 legerunt.
544 3086 600 3149 tris
616 3088 740 3151 omnino
755 3096 924 3165 senatores
939 3090 1091 3151 nemiuem

110 3173 207 3235 curuli
226 3173 345 3235 honore
365 3188 471 3245 usmn,
493 3172 724 3249 praeterierunt.
756 3173 884 3250 gratiam
906 3189 1031 3250 quoque
1046 3174 1090 3234 iu·

110 3262 231 3333 gentem
251 3258 334 3334 apud
354 3271 425 3318 eum
446 3257 584 3318 ordinem
604 3265 805 3333 pepererunt,
830 3258 914 3332 quod
935 3258 1015 3320 ludis
1029 3257 1089 3318 Ro

109 3340 208 3402 manis
227 3341 377 3403 aedilibus
399 3341 555 3403 curulibus
576 3342 778 3417 imperarunt,
799 3348 833 3404 ut
853 3343 922 3403 loca
936 3339 1089 3403 senatoria

110 3431 306 3487 secernerent
326 3424 489 3500 apopulo=
518 3442 589 3485 narn
610 3432 700 3485 antea
717 3426 747 3487 in
768 3425 945 3501 promiscuo
967 3430 1089 3499 specta-

109 3509 192 3570 bant.
225 3506 378 3585 equitibus
400 3525 525 3585 quoque
545 3508 711 3584 perpaucis
728 3509 862 3584 adempti
878 3508 964 3583 equi,
985 3520 1043 3565 nec
1057 3505 1087 3566 in

152 3608 179 3650 r.
194 3605 257 3650 urvr
270 3607 347 3650 raas
362 3591 413 3650 lv.
851 3598 884 3650 11
