2600 4000
281 244 537 307 umraxxxur.
562 247 643 308 car.
660 256 759 311 aare.
780 250 814 327 [a.
829 253 936 330 croc]
1034 251 1098 317 11³

112 404 285 460 conventus
299 397 507 477 -Pylaicum
521 400 730 475 appellant-
740 400 839 470 venit;
860 401 990 464 Aetolos
1005 421 1094 480 prae·

2 543 3 548 ,
111 484 204 558 cipue
227 481 359 555 monuit,
386 488 564 544 constanter
583 488 614 544 et
632 482 763 544 fideliter
782 484 813 544 in
833 485 965 547 amicitia
988 488 1094 563 populi

110 565 243 628 Romani
268 576 492 641 permanerent.
528 566 708 628 Aetolorum
731 567 888 643 principes
914 566 966 630 alii
986 570 1094 632 leniter

112 650 214 725 questi
229 656 318 721 sunt,
341 649 425 723 quod
440 666 502 711 non
517 649 599 711 idem
612 666 687 726 erga
702 666 790 712 suam
803 658 925 726 gentem
938 652 1092 714 Romano·

109 749 179 794 rum
192 730 312 794 animus
327 739 421 806 esset,
436 732 534 807 quiin
549 733 630 795 bello
646 735 771 805 fuissem
793 734 844 796 alii
859 732 994 798 ferocius
1008 735 1092 798 incu-

111 823 227 890 sarunt,
243 816 530 893 exprobraruntque
544 833 606 878 non
620 818 713 879 modo
725 818 806 880 vinci
818 818 885 879 sine
894 819 1014 880 Aetolis
1024 819 1092 880 Phi-

111 898 245 977 tippum,
272 900 388 960 sedne
408 901 539 961 transim
560 901 684 977 quidem
704 902 734 962 in
757 902 915 963 Graeciam
934 902 1091 966 Romanos

110 982 262 1060 potuisse.
284 983 435 1046 adversus
445 999 483 1044 ea
493 986 693 1060 respondere,
706 1001 746 1046 ne
755 985 785 1045 in
798 986 1026 1047 altercationem
1037 1003 1091 1048 cx·

113 1068 238 1128 cederet
250 1081 318 1141 res,
334 1082 405 1132 cum
419 1066 648 1143 supersedisset
661 1069 835 1142 Romanus,
852 1070 955 1131 omnia
968 1085 1024 1133 eos
1039 1086 1090 1132 ae

110 1167 172 1227 qua
185 1149 416 1226 impetraturos,
439 1151 466 1212 si
479 1151 608 1213 Romam
624 1152 795 1227 misissent,
814 1153 899 1215 dixit.
931 1151 1036 1230 itaque
1051 1170 1090 1215 ex

110 1234 291 1297 auctoritate
310 1234 379 1296 eius
399 1234 514 1296 decreti
534 1234 627 1311 legati
647 1243 727 1299 sunt.
764 1236 845 1297 hunc
864 1237 958 1298 linem
976 1238 1090 1299 bellum

110 1333 180 1379 cum
194 1316 336 1393 Philippo
351 1317 465 1379 habuit.

1 1411 3 1420 ’
193 1401 326 1462 XXXVI.
350 1402 425 1462 Cum
438 1402 515 1463 haec
530 1400 561 1462 in
578 1403 705 1464 Graecia
714 1403 959 1479 Macedoniaque
973 1410 1004 1466 et
1013 1402 1089 1466 Asia

109 1490 299 1561 gererentur,
312 1485 462 1547 Etruriam
476 1484 618 1548 infestam
633 1503 732 1563 prope
746 1486 914 1549 coniuratio
930 1503 1088 1550 servorum

110 1568 192 1629 lecit.
221 1567 260 1628 ad
282 1570 487 1645 quaerendam
508 1571 801 1647 opprimendamque
821 1587 888 1633 cem
906 1570 957 1630 Μ’.
972 1571 1088 1631 Acilius

111 1650 235 1712 Glabrio
250 1658 388 1727 praetor,
411 1652 460 1715 cui
473 1654 552 1716 inter
566 1654 650 1715 cives
664 1655 908 1730 peregrinosque
919 1651 1089 1713 iurisdictio
1162 1656 1164 1660 ’

111 1733 269 1810 obtigerat,
288 1752 357 1797 cum
372 1752 434 1797 una
446 1752 486 1798 ex
501 1737 621 1799 duabus
635 1738 758 1813 legione
771 1738 890 1798 urbana
903 1743 951 1797 est
963 1734 1086 1797 missus.

108 1817 187 1880 alios
200 1818 260 1880 iam
271 1828 473 1895 congregatos
488 1821 654 1897 pugnando
667 1819 753 1881 vicit:
776 1835 815 1879 ex
826 1819 874 1880 his
885 1818 970 1880 multi
981 1818 1085 1891 occisi,

108 1901 193 1963 multi
215 1902 312 1980 captia
335 1902 413 1964 alios
434 1905 612 1966 verberatos
634 1905 776 1965 crucibus
792 1901 913 1977 adfixit,
939 1899 992 1980 qui
1006 1902 1084 1977 prin·

48 2035 51 2040 .
109 1985 195 2061 cipes
211 1985 431 2049 coniurationis
447 1987 582 2058 fuerant3
606 1987 683 2049 alios
699 1986 830 2051 dominis
844 1987 983 2050 restituit.

196 2070 346 2132 Consules
358 2069 388 2127 in
403 2070 580 2143 provincias
592 2071 721 2143 proiecti
731 2080 811 2133 sunt.
838 2071 1016 2132 Marcellum
1027 2071 1086 2132 Bo-

108 2152 207 2214 iorum
221 2152 395 2226 ingressum
410 2149 496 2225 finis,
517 2149 642 2225 fatigato
658 2167 713 2225 per
727 2153 807 2212 diem
822 2159 917 2214 totum
931 2153 1024 2212 milite
1038 2152 1089 2212 via

105 2232 265 2306 iacienda,
288 2239 389 2294 castra
408 2233 486 2294 inter
500 2234 634 2295 tumulos
649 2235 801 2308 quosdam
815 2241 980 2310 ponentem
996 2234 1087 2295 Coro-

106 2321 207 2379 lamus
222 2316 345 2392 quidam
359 2319 485 2392 regulus
497 2316 642 2379 Boiorum
658 2332 727 2378 cum
736 2332 848 2392 magna
857 2332 950 2378 manu
961 2316 1087 2378 adortus

90 2400 147 2463 ad
161 2401 219 2461 tria
231 2398 314 2461 milia
333 2400 489 2462 hominum
511 2399 637 2471 occidit3
660 2409 691 2462 et
703 2399 838 2463 illustres
852 2398 910 2462 viri
926 2400 1043 2476 aliquot
1056 2400 1086 2460 in

105 2486 158 2545 illo
180 2483 375 2547 tumultuario
395 2485 515 2560 proelio
537 2485 728 2560 ceciderunt,
749 2485 826 2547 inter
844 2500 925 2560 quos
940 2484 1087 2560 praelecti

106 2568 226 2631 socium
239 2570 271 2629 Τ.
288 2566 489 2645 Sempronius
504 2568 662 2630 Gracchus
676 2577 707 2630 et
719 2568 760 2629 Μ.
774 2567 880 2630 lunius
896 2567 1034 2640 Silanus,
1057 2575 1087 2628 et

106 2648 218 2714 tribuni
228 2650 354 2713 militum
365 2652 407 2712 de
419 2652 540 2728 legione
552 2653 688 2713 secunda
699 2652 739 2712 Μ.
753 2652 901 2728 Ogulnius
913 2657 944 2713 et
953 2651 984 2710 P.
998 2651 1085 2713 Clau-

106 2734 187 2796 dius.
214 2740 315 2796 castra
328 2742 429 2797 tamen
444 2736 484 2795 ab
497 2736 644 2798 Romanis
660 2736 788 2811 impigre
803 2734 976 2811 permunita
986 2740 1084 2796 reten-

102 2827 213 2893 taque,
235 2834 305 2880 cum
325 2818 432 2881 hostes
455 2835 609 2896 prospera
626 2836 730 2896 pugna
743 2820 813 2881 elati
827 2818 1015 2894 nequiquam
1030 2834 1085 2893 op·

106 2908 309 2977 pugnassent.
345 2903 463 2964 stativis
486 2901 597 2964 deinde
617 2902 717 2964 isdem
731 2918 787 2978 per
801 2902 868 2962 dies
882 2901 1000 2977 aliquot
1013 2916 1086 2962 sese
1154 2972 1155 2975 Ἴ

103 2984 215 3059 tenuit,
237 2985 309 3046 dum
323 2994 354 3048 et
366 2987 491 3048 saucios
507 2993 626 3047 curaret
640 2992 723 3047 etex
737 2993 820 3046 tanto
834 2991 950 3045 terrore
966 2983 1085 3047 animos

104 3066 232 3129 militum
245 3068 395 3132 reliceret.
419 3069 496 3144 Boii,
510 3076 544 3132 ut
557 3077 605 3132 est
618 3085 695 3146 gens
709 3068 832 3130 minime
847 3066 888 3129 ad
901 3083 1007 3130 morae
1021 3073 1083 3129 tae·

104 3150 189 3212 dium
208 3153 368 3214 ferendum
389 3155 523 3228 patiens,
545 3154 576 3214 in
592 3155 717 3215 castella
732 3168 789 3215 sua
801 3152 952 3227 meosque
967 3151 1085 3227 passim

103 3234 215 3310 dilapsi
231 3241 312 3296 sunt.
339 3236 502 3299 Marcellus
515 3237 600 3299 Pado
615 3237 776 3299 confestim
790 3236 916 3298 traiecto
930 3233 960 3295 in
978 3251 1084 3310 agrum

103 3317 300 3394 Comensem,
326 3320 379 3381 ubi
402 3321 548 3383 Insubres
575 3320 776 3383 Comensibus
800 3320 840 3382 ad
866 3335 949 3381 arma
974 3319 1083 3379 excitis

103 3407 206 3463 castra
224 3402 393 3479 habebant,
418 3406 556 3480 legiones
577 3404 669 3466 ducit.
705 3404 782 3466 Galli
803 3405 924 3464 feroces
937 3400 1084 3463 Boiorum

101 3492 174 3546 ante
189 3484 256 3547 dies
274 3503 396 3562 paucos
412 3488 561 3564 pugnain
575 3487 646 3564 ipso
661 3485 768 3548 itinere
783 3487 931 3563 proelium
947 3481 1080 3544 commit·

145 3585 172 3627 r.
192 3584 254 3628 mur
276 3585 353 3630 raas
374 3571 426 3630 lV.
531 3600 536 3613 ι
851 3577 870 3630 8
