<?xml version="1.0" encoding="UTF-8"?>
<!DOCTYPE html PUBLIC "-//W3C//DTD XHTML 1.0 Transitional//EN"
    "http://www.w3.org/TR/xhtml1/DTD/xhtml1-transitional.dtd">
<html xmlns="http://www.w3.org/1999/xhtml" xml:lang="en" lang="en">
 <head>
  <title>
</title>
<meta http-equiv="Content-Type" content="text/html;charset=utf-8" />
  <meta name='ocr-system' content='tesseract 3.04.00' />
  <meta name='ocr-capabilities' content='ocr_page ocr_carea ocr_par ocr_line ocrx_word'/>
</head>
<body>
  <div class='ocr_page' id='page_1' title='image "./aburbeconditali00mlgoog_0372.png"; bbox 0 0 2600 4000; ppageno 0'>
   <div class='ocr_carea' id='block_1_1' title="bbox 245 247 1086 325">
    <p class='ocr_par' dir='ltr' id='par_1_1' title="bbox 245 247 1086 325">
     <span class='ocr_line' id='line_1_1' title="bbox 245 247 1086 325; baseline 0.005 -12"><span class='ocrx_word' id='word_1_1' title='bbox 245 249 309 314; x_wconf 73' lang='grc'><strong>318</strong></span> <span class='ocrx_word' id='word_1_2' title='bbox 388 249 504 311; x_wconf 78' lang='lat' dir='ltr'>LIBER</span> <span class='ocrx_word' id='word_1_3' title='bbox 517 249 679 311; x_wconf 85' lang='lat' dir='ltr'><strong>xxxvtll.</strong></span> <span class='ocrx_word' id='word_1_4' title='bbox 703 251 785 312; x_wconf 81' lang='lat' dir='ltr'><strong>cAP.</strong></span> <span class='ocrx_word' id='word_1_5' title='bbox 803 262 828 313; x_wconf 90' lang='lat' dir='ltr'><strong>l.</strong></span> <span class='ocrx_word' id='word_1_6' title='bbox 840 247 874 313; x_wconf 58' lang='lat' dir='ltr'><strong>2ss</strong></span> <span class='ocrx_word' id='word_1_7' title='bbox 890 258 917 325; x_wconf 82' lang='lat' dir='ltr'><strong>[a</strong></span> <span class='ocrx_word' id='word_1_8' title='bbox 940 257 974 311; x_wconf 90' lang='lat' dir='ltr'><strong>U.</strong></span> <span class='ocrx_word' id='word_1_9' title='bbox 985 276 1010 310; x_wconf 80' lang='lat' dir='ltr'><strong>c.</strong></span> <span class='ocrx_word' id='word_1_10' title='bbox 1022 257 1086 325; x_wconf 77' lang='lat' dir='ltr'><strong>bid]</strong></span> 
     </span>
    </p>
   </div>
   <div class='ocr_carea' id='block_1_2' title="bbox 242 401 1296 3080">
    <p class='ocr_par' dir='ltr' id='par_1_2' title="bbox 242 401 1296 3080">
     <span class='ocr_line' id='line_1_2' title="bbox 246 401 1225 483; baseline -0.001 -17"><span class='ocrx_word' id='word_1_11' title='bbox 246 403 409 466; x_wconf 83' lang='lat' dir='ltr'><strong>mmodico</strong></span> <span class='ocrx_word' id='word_1_12' title='bbox 430 402 559 478; x_wconf 89' lang='lat' dir='ltr'><strong>imperio</strong></span> <span class='ocrx_word' id='word_1_13' title='bbox 579 403 766 464; x_wconf 88' lang='lat' dir='ltr'><strong>desiderium</strong></span> <span class='ocrx_word' id='word_1_14' title='bbox 787 401 981 483; x_wconf 76' lang='lat' dir='ltr'>Amynandri</span> <span class='ocrx_word' id='word_1_15' title='bbox 1000 403 1147 465; x_wconf 87' lang='lat' dir='ltr'><strong>lacerant</strong></span> <span class='ocrx_word' id='word_1_16' title='bbox 1175 422 1225 466; x_wconf 83' lang='lat' dir='ltr'><strong>ex·</strong></span> 
     </span>
     <span class='ocr_line' id='line_1_3' title="bbox 246 486 1226 566; baseline -0.002 -15"><span class='ocrx_word' id='word_1_17' title='bbox 246 487 357 551; x_wconf 89' lang='lat' dir='ltr'><strong>sulanti</strong></span> <span class='ocrx_word' id='word_1_18' title='bbox 376 494 439 550; x_wconf 91' lang='lat' dir='ltr'><strong>tum</strong></span> <span class='ocrx_word' id='word_1_19' title='bbox 453 486 654 566; x_wconf 79' lang='lat' dir='ltr'><strong>Amynandro</strong></span> <span class='ocrx_word' id='word_1_20' title='bbox 668 487 700 547; x_wconf 91' lang='lat' dir='ltr'><strong>in</strong></span> <span class='ocrx_word' id='word_1_21' title='bbox 719 487 839 548; x_wconf 80' lang='lat' dir='ltr'><strong>Aetolia</strong></span> <span class='ocrx_word' id='word_1_22' title='bbox 861 487 966 548; x_wconf 87' lang='lat' dir='ltr'><strong>litteris</strong></span> <span class='ocrx_word' id='word_1_23' title='bbox 987 502 1130 563; x_wconf 90' lang='lat' dir='ltr'><strong>suornm,</strong></span> <span class='ocrx_word' id='word_1_24' title='bbox 1151 489 1226 549; x_wconf 84' lang='lat' dir='ltr'><strong>indi·</strong></span> 
     </span>
     <span class='ocr_line' id='line_1_4' title="bbox 246 569 1227 646; baseline -0.002 -10"><span class='ocrx_word' id='word_1_25' title='bbox 246 571 379 636; x_wconf 89' lang='lat' dir='ltr'><strong>cautium</strong></span> <span class='ocrx_word' id='word_1_26' title='bbox 393 578 504 632; x_wconf 90' lang='lat' dir='ltr'><strong>statum</strong></span> <span class='ocrx_word' id='word_1_27' title='bbox 514 569 724 646; x_wconf 75' lang='lat' dir='ltr'><strong>Athamaniae,</strong></span> <span class='ocrx_word' id='word_1_28' title='bbox 739 586 813 646; x_wconf 90' lang='lat' dir='ltr'><strong>spes</strong></span> <span class='ocrx_word' id='word_1_29' title='bbox 827 569 1030 645; x_wconf 87' lang='lat' dir='ltr'><strong>recuperandi</strong></span> <span class='ocrx_word' id='word_1_30' title='bbox 1044 572 1134 646; x_wconf 83' lang='lat' dir='ltr'><strong>regni</strong></span> <span class='ocrx_word' id='word_1_31' title='bbox 1149 573 1227 634; x_wconf 86' lang='lat' dir='ltr'><strong>iacta</strong></span> 
     </span>
     <span class='ocr_line' id='line_1_5' title="bbox 246 653 1226 732; baseline -0.001 -13"><span class='ocrx_word' id='word_1_32' title='bbox 246 663 302 719; x_wconf 89' lang='lat' dir='ltr'><strong>est</strong></span> <span class='ocrx_word' id='word_1_33' title='bbox 324 655 509 732; x_wconf 79' lang='lat' dir='ltr'><strong>remissique</strong></span> <span class='ocrx_word' id='word_1_34' title='bbox 522 654 618 715; x_wconf 90' lang='lat' dir='ltr'><strong>nuntii</strong></span> <span class='ocrx_word' id='word_1_35' title='bbox 632 654 673 715; x_wconf 91' lang='lat' dir='ltr'><strong>ab</strong></span> <span class='ocrx_word' id='word_1_36' title='bbox 687 670 726 715; x_wconf 89' lang='lat' dir='ltr'><strong>eo</strong></span> <span class='ocrx_word' id='word_1_37' title='bbox 741 655 782 715; x_wconf 93' lang='lat' dir='ltr'><strong>ad</strong></span> <span class='ocrx_word' id='word_1_38' title='bbox 795 655 952 731; x_wconf 87' lang='lat' dir='ltr'><strong>principes</strong></span> <span class='ocrx_word' id='word_1_39' title='bbox 963 653 1226 729; x_wconf 77' lang='lat' dir='ltr'><strong>Argitheam-id</strong></span> 
     </span>
     <span class='ocr_line' id='line_1_6' title="bbox 246 736 1227 816; baseline -0.002 -13"><span class='ocrx_word' id='word_1_40' title='bbox 246 741 327 803; x_wconf 88' lang='lat' dir='ltr'><strong>euim</strong></span> <span class='ocrx_word' id='word_1_41' title='bbox 351 747 444 816; x_wconf 89' lang='lat' dir='ltr'><strong>caput</strong></span> <span class='ocrx_word' id='word_1_42' title='bbox 463 736 664 800; x_wconf 78' lang='lat' dir='ltr'><strong>Athamaniae</strong></span> <span class='ocrx_word' id='word_1_43' title='bbox 687 746 818 814; x_wconf 87' lang='lat' dir='ltr'><strong>erat-,</strong></span> <span class='ocrx_word' id='word_1_44' title='bbox 844 739 871 799; x_wconf 93' lang='lat' dir='ltr'><strong>si</strong></span> <span class='ocrx_word' id='word_1_45' title='bbox 892 739 1087 815; x_wconf 91' lang='lat' dir='ltr'><strong>popularium</strong></span> <span class='ocrx_word' id='word_1_46' title='bbox 1106 740 1227 810; x_wconf 83' lang='lat' dir='ltr'><strong>animos</strong></span> 
     </span>
     <span class='ocr_line' id='line_1_7' title="bbox 246 822 1227 901; baseline -0.004 -13"><span class='ocrx_word' id='word_1_47' title='bbox 246 827 321 888; x_wconf 88' lang='lat' dir='ltr'><strong>satis</strong></span> <span class='ocrx_word' id='word_1_48' title='bbox 343 829 526 901; x_wconf 87' lang='lat' dir='ltr'><strong>perspectos</strong></span> <span class='ocrx_word' id='word_1_49' title='bbox 539 822 681 897; x_wconf 90' lang='lat' dir='ltr'><strong>haberet,</strong></span> <span class='ocrx_word' id='word_1_50' title='bbox 702 822 864 899; x_wconf 89' lang='lat' dir='ltr'><strong>impetrato</strong></span> <span class='ocrx_word' id='word_1_51' title='bbox 879 823 918 883; x_wconf 89' lang='lat' dir='ltr'><strong>ab</strong></span> <span class='ocrx_word' id='word_1_52' title='bbox 932 822 1051 883; x_wconf 87' lang='lat' dir='ltr'><strong>Aetolis</strong></span> <span class='ocrx_word' id='word_1_53' title='bbox 1064 823 1182 899; x_wconf 86' lang='lat' dir='ltr'><strong>auxilio</strong></span> <span class='ocrx_word' id='word_1_54' title='bbox 1197 822 1227 883; x_wconf 93' lang='lat' dir='ltr'><strong>in</strong></span> 
     </span>
     <span class='ocr_line' id='line_1_8' title="bbox 244 906 1226 983; baseline -0.004 -11"><span class='ocrx_word' id='word_1_55' title='bbox 244 906 458 972; x_wconf 78' lang='lat' dir='ltr'><strong>Athamaniam</strong></span> <span class='ocrx_word' id='word_1_56' title='bbox 478 923 514 968; x_wconf 84' lang='lat' dir='ltr'><strong>ee</strong></span> <span class='ocrx_word' id='word_1_57' title='bbox 526 913 689 968; x_wconf 88' lang='lat' dir='ltr'><strong>venturum</strong></span> <span class='ocrx_word' id='word_1_58' title='bbox 702 922 771 966; x_wconf 88' lang='lat' dir='ltr'><strong>cum</strong></span> <span class='ocrx_word' id='word_1_59' title='bbox 786 907 913 967; x_wconf 83' lang='lat' dir='ltr'><strong>delectis</strong></span> <span class='ocrx_word' id='word_1_60' title='bbox 927 906 1121 982; x_wconf 78' lang='lat' dir='ltr'><strong>Aetolorum,</strong></span> <span class='ocrx_word' id='word_1_61' title='bbox 1143 909 1226 983; x_wconf 94' lang='lat' dir='ltr'><strong>quod</strong></span> 
     </span>
     <span class='ocr_line' id='line_1_9' title="bbox 246 988 1226 1067; baseline -0.003 -12"><span class='ocrx_word' id='word_1_62' title='bbox 246 993 407 1056; x_wconf 88' lang='lat' dir='ltr'><strong>consilium</strong></span> <span class='ocrx_word' id='word_1_63' title='bbox 420 998 506 1055; x_wconf 90' lang='lat' dir='ltr'><strong>esset</strong></span> <span class='ocrx_word' id='word_1_64' title='bbox 518 990 627 1067; x_wconf 73' lang='lat' dir='ltr'><strong>ganda</strong></span> <span class='ocrx_word' id='word_1_65' title='bbox 644 997 675 1051; x_wconf 92' lang='lat' dir='ltr'><strong>et</strong></span> <span class='ocrx_word' id='word_1_66' title='bbox 683 990 837 1051; x_wconf 82' lang='lat' dir='ltr'><strong>Nicandro</strong></span> <span class='ocrx_word' id='word_1_67' title='bbox 852 996 1003 1066; x_wconf 88' lang='lat' dir='ltr'><strong>praetore.</strong></span> <span class='ocrx_word' id='word_1_68' title='bbox 1027 1007 1107 1067; x_wconf 90' lang='lat' dir='ltr'><strong>quos</strong></span> <span class='ocrx_word' id='word_1_69' title='bbox 1121 988 1177 1052; x_wconf 92' lang='lat' dir='ltr'><strong>ubi</strong></span> <span class='ocrx_word' id='word_1_70' title='bbox 1188 993 1226 1053; x_wconf 90' lang='lat' dir='ltr'><strong>ad</strong></span> 
     </span>
     <span class='ocr_line' id='line_1_10' title="bbox 245 1072 1226 1153; baseline -0.004 -14"><span class='ocrx_word' id='word_1_71' title='bbox 245 1076 348 1139; x_wconf 86' lang='lat' dir='ltr'><strong>omnia</strong></span> <span class='ocrx_word' id='word_1_72' title='bbox 362 1084 487 1153; x_wconf 91' lang='lat' dir='ltr'><strong>paratos</strong></span> <span class='ocrx_word' id='word_1_73' title='bbox 502 1089 574 1136; x_wconf 88' lang='lat' dir='ltr'><strong>esse</strong></span> <span class='ocrx_word' id='word_1_74' title='bbox 587 1075 677 1147; x_wconf 88' lang='lat' dir='ltr'><strong>vidit,</strong></span> <span class='ocrx_word' id='word_1_75' title='bbox 693 1072 841 1136; x_wconf 80' lang='lat' dir='ltr'><strong>certiores</strong></span> <span class='ocrx_word' id='word_1_76' title='bbox 855 1073 987 1135; x_wconf 82' lang='lat' dir='ltr'><strong>subinde</strong></span> <span class='ocrx_word' id='word_1_77' title='bbox 1001 1073 1083 1148; x_wconf 86' lang='lat' dir='ltr'><strong>iacit,</strong></span> <span class='ocrx_word' id='word_1_78' title='bbox 1098 1073 1165 1150; x_wconf 89' lang='lat' dir='ltr'><strong>quo</strong></span> <span class='ocrx_word' id='word_1_79' title='bbox 1177 1076 1226 1136; x_wconf 85' lang='lat' dir='ltr'><strong>die</strong></span> 
     </span>
     <span class='ocr_line' id='line_1_11' title="bbox 245 1158 1227 1234; baseline -0.003 -13"><span class='ocrx_word' id='word_1_80' title='bbox 245 1176 314 1221; x_wconf 91' lang='lat' dir='ltr'><strong>cum</strong></span> <span class='ocrx_word' id='word_1_81' title='bbox 338 1161 476 1222; x_wconf 87' lang='lat' dir='ltr'><strong>exercitu</strong></span> <span class='ocrx_word' id='word_1_82' title='bbox 495 1158 708 1219; x_wconf 85' lang='lat' dir='ltr'><strong>Athamaniam</strong></span> <span class='ocrx_word' id='word_1_83' title='bbox 731 1159 926 1233; x_wconf 80' lang='lat' dir='ltr'><strong>ingressurus</strong></span> <span class='ocrx_word' id='word_1_84' title='bbox 951 1164 1044 1219; x_wconf 87' lang='lat' dir='ltr'><strong>esset.</strong></span> <span class='ocrx_word' id='word_1_85' title='bbox 1083 1165 1227 1234; x_wconf 89' lang='lat' dir='ltr'><strong>quattuor</strong></span> 
     </span>
     <span class='ocr_line' id='line_1_12' title="bbox 246 1241 1226 1320; baseline 0 -17"><span class='ocrx_word' id='word_1_86' title='bbox 246 1244 342 1320; x_wconf 92' lang='lat' dir='ltr'><strong>primo</strong></span> <span class='ocrx_word' id='word_1_87' title='bbox 358 1244 479 1305; x_wconf 87' lang='lat' dir='ltr'><strong>luerunt</strong></span> <span class='ocrx_word' id='word_1_88' title='bbox 493 1241 642 1305; x_wconf 89' lang='lat' dir='ltr'><strong>coniurati</strong></span> <span class='ocrx_word' id='word_1_89' title='bbox 653 1243 804 1304; x_wconf 88' lang='lat' dir='ltr'><strong>adversus</strong></span> <span class='ocrx_word' id='word_1_90' title='bbox 814 1242 1016 1304; x_wconf 82' lang='lat' dir='ltr'><strong>Macedonum</strong></span> <span class='ocrx_word' id='word_1_91' title='bbox 1029 1243 1226 1318; x_wconf 83' lang='lat' dir='ltr'><strong>praesidium.</strong></span> 
     </span>
     <span class='ocr_line' id='line_1_13' title="bbox 245 1325 1224 1402; baseline 0.002 -16"><span class='ocrx_word' id='word_1_92' title='bbox 245 1327 276 1387; x_wconf 93' lang='lat' dir='ltr'><strong>bi</strong></span> <span class='ocrx_word' id='word_1_93' title='bbox 291 1342 385 1388; x_wconf 89' lang='lat' dir='ltr'><strong>senos</strong></span> <span class='ocrx_word' id='word_1_94' title='bbox 406 1325 466 1388; x_wconf 90' lang='lat' dir='ltr'><strong>sibi</strong></span> <span class='ocrx_word' id='word_1_95' title='bbox 482 1326 640 1389; x_wconf 91' lang='lat' dir='ltr'><strong>adiutores</strong></span> <span class='ocrx_word' id='word_1_96' title='bbox 655 1327 697 1387; x_wconf 94' lang='lat' dir='ltr'><strong>ad</strong></span> <span class='ocrx_word' id='word_1_97' title='bbox 709 1326 955 1402; x_wconf 77' lang='lat' dir='ltr'><strong>rem&#39;gerendam</strong></span> <span class='ocrx_word' id='word_1_98' title='bbox 968 1326 1224 1402; x_wconf 86' lang='lat' dir='ltr'><strong>adsumpserunt;</strong></span> 
     </span>
     <span class='ocr_line' id='line_1_14' title="bbox 245 1408 1225 1491; baseline 0.001 -20"><span class='ocrx_word' id='word_1_99' title='bbox 245 1408 484 1486; x_wconf 87' lang='lat' dir='ltr'><strong>deinpaucitate</strong></span> <span class='ocrx_word' id='word_1_100' title='bbox 496 1425 609 1491; x_wconf 86' lang='lat' dir='ltr'><strong>parum</strong></span> <span class='ocrx_word' id='word_1_101' title='bbox 623 1411 701 1484; x_wconf 90' lang='lat' dir='ltr'><strong>heti,</strong></span> <span class='ocrx_word' id='word_1_102' title='bbox 717 1426 797 1487; x_wconf 88' lang='lat' dir='ltr'><strong>quae</strong></span> <span class='ocrx_word' id='word_1_103' title='bbox 812 1411 959 1472; x_wconf 90' lang='lat' dir='ltr'><strong>celandae</strong></span> <span class='ocrx_word' id='word_1_104' title='bbox 972 1409 1016 1469; x_wconf 91' lang='lat' dir='ltr'><strong>rei</strong></span> <span class='ocrx_word' id='word_1_105' title='bbox 1028 1426 1122 1484; x_wconf 89' lang='lat' dir='ltr'><strong>quam</strong></span> <span class='ocrx_word' id='word_1_106' title='bbox 1132 1425 1225 1486; x_wconf 76' lang='lat' dir='ltr'><strong>agen·</strong></span> 
     </span>
     <span class='ocr_line' id='line_1_15' title="bbox 245 1491 1225 1571; baseline -0.001 -15"><span class='ocrx_word' id='word_1_107' title='bbox 245 1496 304 1557; x_wconf 89' lang='lat' dir='ltr'><strong>dae</strong></span> <span class='ocrx_word' id='word_1_108' title='bbox 323 1495 422 1571; x_wconf 89' lang='lat' dir='ltr'><strong>aptior</strong></span> <span class='ocrx_word' id='word_1_109' title='bbox 441 1500 520 1566; x_wconf 90' lang='lat' dir='ltr'><strong>erat,</strong></span> <span class='ocrx_word' id='word_1_110' title='bbox 545 1508 653 1569; x_wconf 90' lang='lat' dir='ltr'><strong>parem</strong></span> <span class='ocrx_word' id='word_1_111' title='bbox 674 1494 768 1569; x_wconf 88' lang='lat' dir='ltr'><strong>priori</strong></span> <span class='ocrx_word' id='word_1_112' title='bbox 789 1510 946 1556; x_wconf 88' lang='lat' dir='ltr'><strong>numerum</strong></span> <span class='ocrx_word' id='word_1_113' title='bbox 967 1491 1156 1556; x_wconf 88' lang='lat' dir='ltr'><strong>adiecerunt.</strong></span> <span class='ocrx_word' id='word_1_114' title='bbox 1186 1495 1225 1555; x_wconf 90' lang='lat' dir='ltr'><strong>ita</strong></span> 
     </span>
     <span class='ocr_line' id='line_1_16' title="bbox 245 1576 1225 1656; baseline -0.001 -15"><span class='ocrx_word' id='word_1_115' title='bbox 245 1581 306 1642; x_wconf 92' lang='lat' dir='ltr'><strong>duo</strong></span> <span class='ocrx_word' id='word_1_116' title='bbox 318 1586 349 1641; x_wconf 90' lang='lat' dir='ltr'><strong>et</strong></span> <span class='ocrx_word' id='word_1_117' title='bbox 360 1577 581 1656; x_wconf 73' lang='lat' dir='ltr'><strong>quinquaginta</strong></span> <span class='ocrx_word' id='word_1_118' title='bbox 590 1578 662 1638; x_wconf 89' lang='lat' dir='ltr'><strong>iacti</strong></span> <span class='ocrx_word' id='word_1_119' title='bbox 674 1578 892 1653; x_wconf 78' lang='lat' dir='ltr'><strong>quadrifariam</strong></span> <span class='ocrx_word' id='word_1_120' title='bbox 903 1594 938 1639; x_wconf 91' lang='lat' dir='ltr'><strong>se</strong></span> <span class='ocrx_word' id='word_1_121' title='bbox 949 1576 1137 1640; x_wconf 85' lang='lat' dir='ltr'><strong>diviserunt:</strong></span> <span class='ocrx_word' id='word_1_122' title='bbox 1153 1595 1225 1655; x_wconf 87' lang='lat' dir='ltr'><strong>pars</strong></span> 
     </span>
     <span class='ocr_line' id='line_1_17' title="bbox 244 1662 1296 1742; baseline -0.004 -16"><span class='ocrx_word' id='word_1_123' title='bbox 244 1681 306 1726; x_wconf 91' lang='lat' dir='ltr'><strong>una</strong></span> <span class='ocrx_word' id='word_1_124' title='bbox 325 1665 520 1736; x_wconf 81' lang='lat' dir='ltr'><strong>Heracleam,</strong></span> <span class='ocrx_word' id='word_1_125' title='bbox 540 1663 636 1723; x_wconf 88' lang='lat' dir='ltr'><strong>altera</strong></span> <span class='ocrx_word' id='word_1_126' title='bbox 655 1662 882 1742; x_wconf 76' lang='lat' dir='ltr'><strong>Tetraphyliam</strong></span> <span class='ocrx_word' id='word_1_127' title='bbox 902 1662 990 1738; x_wconf 86' lang='lat' dir='ltr'><strong>petit,</strong></span> <span class='ocrx_word' id='word_1_128' title='bbox 1010 1662 1063 1724; x_wconf 93' lang='lat' dir='ltr'><strong>ubi</strong></span> <span class='ocrx_word' id='word_1_129' title='bbox 1083 1663 1224 1725; x_wconf 85' lang='lat' dir='ltr'><strong>custodia</strong></span> <span class='ocrx_word' id='word_1_130' title='bbox 1295 1695 1296 1702; x_wconf 23' lang='grc' dir='ltr'><strong>κ</strong></span> 
     </span>
     <span class='ocr_line' id='line_1_18' title="bbox 245 1746 1224 1826; baseline 0.001 -18"><span class='ocrx_word' id='word_1_131' title='bbox 245 1750 348 1826; x_wconf 80' lang='lat' dir='ltr'><strong>regiae</strong></span> <span class='ocrx_word' id='word_1_132' title='bbox 359 1747 509 1826; x_wconf 89' lang='lat' dir='ltr'><strong>pecuniae</strong></span> <span class='ocrx_word' id='word_1_133' title='bbox 519 1762 592 1808; x_wconf 89' lang='lat' dir='ltr'><strong>esse</strong></span> <span class='ocrx_word' id='word_1_134' title='bbox 602 1746 694 1807; x_wconf 87' lang='lat' dir='ltr'><strong>solitu</strong></span> <span class='ocrx_word' id='word_1_135' title='bbox 704 1753 778 1818; x_wconf 87' lang='lat' dir='ltr'><strong>crat,</strong></span> <span class='ocrx_word' id='word_1_136' title='bbox 794 1747 1102 1820; x_wconf 85' lang='lat' dir='ltr'><strong>tertia‘l&#39;heudoriam,</strong></span> <span class='ocrx_word' id='word_1_137' title='bbox 1116 1755 1224 1824; x_wconf 89' lang='lat' dir='ltr'><strong>quarta</strong></span> 
     </span>
     <span class='ocr_line' id='line_1_19' title="bbox 247 1829 1226 1909; baseline -0.003 -16"><span class='ocrx_word' id='word_1_138' title='bbox 247 1833 430 1909; x_wconf 83' lang='lat' dir='ltr'><strong>Argitheam.</strong></span> <span class='ocrx_word' id='word_1_139' title='bbox 451 1833 493 1892; x_wconf 88' lang='lat' dir='ltr'><strong>ita</strong></span> <span class='ocrx_word' id='word_1_140' title='bbox 503 1832 581 1894; x_wconf 91' lang='lat' dir='ltr'><strong>inter</strong></span> <span class='ocrx_word' id='word_1_141' title='bbox 592 1830 691 1893; x_wconf 88' lang='lat' dir='ltr'><strong>omnis</strong></span> <span class='ocrx_word' id='word_1_142' title='bbox 702 1829 856 1903; x_wconf 83' lang='lat' dir='ltr'><strong>convenit,</strong></span> <span class='ocrx_word' id='word_1_143' title='bbox 871 1839 905 1893; x_wconf 91' lang='lat' dir='ltr'><strong>ut</strong></span> <span class='ocrx_word' id='word_1_144' title='bbox 916 1830 1014 1906; x_wconf 92' lang='lat' dir='ltr'><strong>primo</strong></span> <span class='ocrx_word' id='word_1_145' title='bbox 1026 1830 1130 1907; x_wconf 81' lang='lat' dir='ltr'><strong>quieti,</strong></span> <span class='ocrx_word' id='word_1_146' title='bbox 1143 1832 1226 1892; x_wconf 91' lang='lat' dir='ltr'><strong>velut</strong></span> 
     </span>
     <span class='ocr_line' id='line_1_20' title="bbox 244 1913 1225 1991; baseline -0.001 -15"><span class='ocrx_word' id='word_1_147' title='bbox 244 1918 283 1976; x_wconf 94' lang='lat' dir='ltr'><strong>ad</strong></span> <span class='ocrx_word' id='word_1_148' title='bbox 299 1917 448 1991; x_wconf 88' lang='lat' dir='ltr'><strong>privatam</strong></span> <span class='ocrx_word' id='word_1_149' title='bbox 461 1930 527 1976; x_wconf 90' lang='lat' dir='ltr'><strong>rem</strong></span> <span class='ocrx_word' id='word_1_150' title='bbox 541 1916 691 1991; x_wconf 84' lang='lat' dir='ltr'><strong>agendam</strong></span> <span class='ocrx_word' id='word_1_151' title='bbox 704 1913 878 1988; x_wconf 87' lang='lat' dir='ltr'><strong>venissent,</strong></span> <span class='ocrx_word' id='word_1_152' title='bbox 893 1914 924 1975; x_wconf 91' lang='lat' dir='ltr'><strong>in</strong></span> <span class='ocrx_word' id='word_1_153' title='bbox 939 1916 1005 1976; x_wconf 87' lang='lat' dir='ltr'><strong>loro</strong></span> <span class='ocrx_word' id='word_1_154' title='bbox 1021 1916 1225 1977; x_wconf 90' lang='lat' dir='ltr'><strong>obversaren-</strong></span> 
     </span>
     <span class='ocr_line' id='line_1_21' title="bbox 245 1999 1226 2076; baseline 0.003 -18"><span class='ocrx_word' id='word_1_155' title='bbox 245 2012 308 2070; x_wconf 85' lang='lat' dir='ltr'><strong>tur;</strong></span> <span class='ocrx_word' id='word_1_156' title='bbox 330 1999 380 2060; x_wconf 89' lang='lat' dir='ltr'><strong>die</strong></span> <span class='ocrx_word' id='word_1_157' title='bbox 395 2005 478 2061; x_wconf 89' lang='lat' dir='ltr'><strong>certa</strong></span> <span class='ocrx_word' id='word_1_158' title='bbox 491 2001 712 2061; x_wconf 85' lang='lat' dir='ltr'><strong>multitudinem</strong></span> <span class='ocrx_word' id='word_1_159' title='bbox 727 2016 849 2062; x_wconf 88' lang='lat' dir='ltr'><strong>omnem</strong></span> <span class='ocrx_word' id='word_1_160' title='bbox 863 2007 1069 2062; x_wconf 90' lang='lat' dir='ltr'><strong>convocarent</strong></span> <span class='ocrx_word' id='word_1_161' title='bbox 1083 2001 1125 2061; x_wconf 93' lang='lat' dir='ltr'><strong>ad</strong></span> <span class='ocrx_word' id='word_1_162' title='bbox 1136 2017 1226 2076; x_wconf 87' lang='lat' dir='ltr'><strong>prae-</strong></span> 
     </span>
     <span class='ocr_line' id='line_1_22' title="bbox 244 2080 1226 2161; baseline -0.001 -18"><span class='ocrx_word' id='word_1_163' title='bbox 244 2080 325 2143; x_wconf 90' lang='lat' dir='ltr'><strong>sidia</strong></span> <span class='ocrx_word' id='word_1_164' title='bbox 334 2083 537 2145; x_wconf 87' lang='lat' dir='ltr'><strong>Macedonum</strong></span> <span class='ocrx_word' id='word_1_165' title='bbox 550 2084 674 2145; x_wconf 87' lang='lat' dir='ltr'><strong>arcibus</strong></span> <span class='ocrx_word' id='word_1_166' title='bbox 688 2084 882 2161; x_wconf 87' lang='lat' dir='ltr'><strong>expellenda.</strong></span> <span class='ocrx_word' id='word_1_167' title='bbox 904 2084 956 2144; x_wconf 92' lang='lat' dir='ltr'><strong>ubi</strong></span> <span class='ocrx_word' id='word_1_168' title='bbox 973 2099 1012 2143; x_wconf 91' lang='lat' dir='ltr'><strong>ea</strong></span> <span class='ocrx_word' id='word_1_169' title='bbox 1021 2084 1088 2144; x_wconf 89' lang='lat' dir='ltr'><strong>dies</strong></span> <span class='ocrx_word' id='word_1_170' title='bbox 1100 2084 1226 2145; x_wconf 89' lang='lat' dir='ltr'><strong>advenit</strong></span> 
     </span>
     <span class='ocr_line' id='line_1_23' title="bbox 244 2166 1225 2246; baseline 0.001 -19"><span class='ocrx_word' id='word_1_171' title='bbox 244 2173 274 2227; x_wconf 88' lang='lat' dir='ltr'><strong>et</strong></span> <span class='ocrx_word' id='word_1_172' title='bbox 286 2168 486 2246; x_wconf 79' lang='lat' dir='ltr'><strong>Amynander</strong></span> <span class='ocrx_word' id='word_1_173' title='bbox 501 2182 570 2228; x_wconf 92' lang='lat' dir='ltr'><strong>cum</strong></span> <span class='ocrx_word' id='word_1_174' title='bbox 583 2167 665 2228; x_wconf 89' lang='lat' dir='ltr'><strong>mille</strong></span> <span class='ocrx_word' id='word_1_175' title='bbox 677 2166 796 2229; x_wconf 89' lang='lat' dir='ltr'><strong>Aetolis</strong></span> <span class='ocrx_word' id='word_1_176' title='bbox 812 2168 842 2228; x_wconf 94' lang='lat' dir='ltr'><strong>in</strong></span> <span class='ocrx_word' id='word_1_177' title='bbox 857 2167 971 2228; x_wconf 90' lang='lat' dir='ltr'><strong>linibus</strong></span> <span class='ocrx_word' id='word_1_178' title='bbox 985 2175 1064 2243; x_wconf 87' lang='lat' dir='ltr'><strong>erat,</strong></span> <span class='ocrx_word' id='word_1_179' title='bbox 1086 2184 1127 2229; x_wconf 89' lang='lat' dir='ltr'><strong>ex</strong></span> <span class='ocrx_word' id='word_1_180' title='bbox 1143 2185 1225 2231; x_wconf 89' lang='lat' dir='ltr'><strong>com·</strong></span> 
     </span>
     <span class='ocr_line' id='line_1_24' title="bbox 246 2250 1225 2333; baseline -0.002 -20"><span class='ocrx_word' id='word_1_181' title='bbox 246 2251 347 2327; x_wconf 85' lang='lat' dir='ltr'><strong>posito</strong></span> <span class='ocrx_word' id='word_1_182' title='bbox 361 2259 503 2328; x_wconf 88' lang='lat' dir='ltr'><strong>quattuor</strong></span> <span class='ocrx_word' id='word_1_183' title='bbox 514 2252 603 2313; x_wconf 89' lang='lat' dir='ltr'><strong>siniul</strong></span> <span class='ocrx_word' id='word_1_184' title='bbox 615 2251 693 2313; x_wconf 88' lang='lat' dir='ltr'><strong>locis</strong></span> <span class='ocrx_word' id='word_1_185' title='bbox 705 2251 859 2329; x_wconf 90' lang='lat' dir='ltr'><strong>praesidia</strong></span> <span class='ocrx_word' id='word_1_186' title='bbox 867 2250 1072 2333; x_wconf 87' lang='lat' dir='ltr'><strong>Macedonum</strong></span> <span class='ocrx_word' id='word_1_187' title='bbox 1083 2254 1225 2329; x_wconf 85' lang='lat' dir='ltr'><strong>expulsa,</strong></span> 
     </span>
     <span class='ocr_line' id='line_1_25' title="bbox 243 2334 1226 2415; baseline 0.002 -21"><span class='ocrx_word' id='word_1_188' title='bbox 243 2335 423 2412; x_wconf 87' lang='lat' dir='ltr'><strong>litteraeque</strong></span> <span class='ocrx_word' id='word_1_189' title='bbox 436 2334 467 2396; x_wconf 96' lang='lat' dir='ltr'><strong>in</strong></span> <span class='ocrx_word' id='word_1_190' title='bbox 482 2336 558 2397; x_wconf 89' lang='lat' dir='ltr'><strong>alias</strong></span> <span class='ocrx_word' id='word_1_191' title='bbox 572 2337 666 2399; x_wconf 86' lang='lat' dir='ltr'><strong>urbes</strong></span> <span class='ocrx_word' id='word_1_192' title='bbox 681 2337 798 2412; x_wconf 91' lang='lat' dir='ltr'><strong>passim</strong></span> <span class='ocrx_word' id='word_1_193' title='bbox 813 2335 973 2408; x_wconf 87' lang='lat' dir='ltr'><strong>dimissae,</strong></span> <span class='ocrx_word' id='word_1_194' title='bbox 987 2343 1022 2398; x_wconf 90' lang='lat' dir='ltr'><strong>ut</strong></span> <span class='ocrx_word' id='word_1_195' title='bbox 1033 2336 1226 2415; x_wconf 85' lang='lat' dir='ltr'><strong>uindicarent</strong></span> 
     </span>
     <span class='ocr_line' id='line_1_26' title="bbox 243 2419 1224 2496; baseline 0.002 -18"><span class='ocrx_word' id='word_1_196' title='bbox 243 2435 315 2481; x_wconf 87' lang='lat' dir='ltr'><strong>sese</strong></span> <span class='ocrx_word' id='word_1_197' title='bbox 337 2421 376 2480; x_wconf 95' lang='lat' dir='ltr'><strong>ab</strong></span> <span class='ocrx_word' id='word_1_198' title='bbox 397 2420 555 2496; x_wconf 90' lang='lat' dir='ltr'><strong>impotenti</strong></span> <span class='ocrx_word' id='word_1_199' title='bbox 573 2419 780 2482; x_wconf 89' lang='lat' dir='ltr'><strong>dominatione</strong></span> <span class='ocrx_word' id='word_1_200' title='bbox 792 2419 924 2495; x_wconf 91' lang='lat' dir='ltr'><strong>Philippi</strong></span> <span class='ocrx_word' id='word_1_201' title='bbox 938 2425 969 2480; x_wconf 86' lang='lat' dir='ltr'><strong>et</strong></span> <span class='ocrx_word' id='word_1_202' title='bbox 982 2420 1184 2482; x_wconf 88' lang='lat' dir='ltr'><strong>restituerent</strong></span> <span class='ocrx_word' id='word_1_203' title='bbox 1196 2421 1224 2480; x_wconf 89' lang='lat' dir='ltr'><strong>in</strong></span> 
     </span>
     <span class='ocr_line' id='line_1_27' title="bbox 243 2501 1225 2581; baseline 0.004 -20"><span class='ocrx_word' id='word_1_204' title='bbox 243 2501 372 2577; x_wconf 90' lang='lat' dir='ltr'><strong>patrium</strong></span> <span class='ocrx_word' id='word_1_205' title='bbox 386 2519 423 2563; x_wconf 93' lang='lat' dir='ltr'><strong>ac</strong></span> <span class='ocrx_word' id='word_1_206' title='bbox 438 2502 602 2577; x_wconf 78' lang='lat' dir='ltr'><strong>legitimum</strong></span> <span class='ocrx_word' id='word_1_207' title='bbox 612 2518 750 2579; x_wconf 81' lang='lat' dir='ltr'><strong>regnum.</strong></span> <span class='ocrx_word' id='word_1_208' title='bbox 771 2504 908 2579; x_wconf 87' lang='lat' dir='ltr'><strong>undique</strong></span> <span class='ocrx_word' id='word_1_209' title='bbox 918 2502 1106 2565; x_wconf 84' lang='lat' dir='ltr'><strong>Macedones</strong></span> <span class='ocrx_word' id='word_1_210' title='bbox 1117 2506 1225 2581; x_wconf 88' lang='lat' dir='ltr'><strong>expel-</strong></span> 
     </span>
     <span class='ocr_line' id='line_1_28' title="bbox 242 2585 1224 2665; baseline 0.004 -21"><span class='ocrx_word' id='word_1_211' title='bbox 242 2585 353 2644; x_wconf 90' lang='lat' dir='ltr'><strong>luntur.</strong></span> <span class='ocrx_word' id='word_1_212' title='bbox 373 2585 498 2644; x_wconf 83' lang='lat' dir='ltr'><strong>Theium</strong></span> <span class='ocrx_word' id='word_1_213' title='bbox 513 2585 659 2661; x_wconf 92' lang='lat' dir='ltr'><strong>oppidum</strong></span> <span class='ocrx_word' id='word_1_214' title='bbox 675 2587 780 2647; x_wconf 90' lang='lat' dir='ltr'><strong>litteris</strong></span> <span class='ocrx_word' id='word_1_215' title='bbox 795 2589 951 2649; x_wconf 88' lang='lat' dir='ltr'><strong>aXenone</strong></span> <span class='ocrx_word' id='word_1_216' title='bbox 965 2588 1122 2663; x_wconf 88' lang='lat' dir='ltr'><strong>praelecto</strong></span> <span class='ocrx_word' id='word_1_217' title='bbox 1136 2604 1224 2665; x_wconf 78' lang='lat' dir='ltr'><strong>prae</strong></span> 
     </span>
     <span class='ocr_line' id='line_1_29' title="bbox 243 2666 1225 2748; baseline 0.005 -21"><span class='ocrx_word' id='word_1_218' title='bbox 243 2666 313 2728; x_wconf 91' lang='lat' dir='ltr'><strong>sidii</strong></span> <span class='ocrx_word' id='word_1_219' title='bbox 333 2668 510 2742; x_wconf 88' lang='lat' dir='ltr'><strong>interceptis</strong></span> <span class='ocrx_word' id='word_1_220' title='bbox 531 2676 561 2730; x_wconf 91' lang='lat' dir='ltr'><strong>et</strong></span> <span class='ocrx_word' id='word_1_221' title='bbox 581 2684 652 2730; x_wconf 89' lang='lat' dir='ltr'><strong>arce</strong></span> <span class='ocrx_word' id='word_1_222' title='bbox 672 2670 711 2730; x_wconf 91' lang='lat' dir='ltr'><strong>ab</strong></span> <span class='ocrx_word' id='word_1_223' title='bbox 731 2672 824 2747; x_wconf 77' lang='lat' dir='ltr'><strong>regiis</strong></span> <span class='ocrx_word' id='word_1_224' title='bbox 847 2679 998 2748; x_wconf 89' lang='lat' dir='ltr'><strong>occupata</strong></span> <span class='ocrx_word' id='word_1_225' title='bbox 1018 2687 1138 2748; x_wconf 87' lang='lat' dir='ltr'><strong>paucos</strong></span> <span class='ocrx_word' id='word_1_226' title='bbox 1159 2673 1225 2732; x_wconf 88' lang='lat' dir='ltr'><strong>dies</strong></span> 
     </span>
     <span class='ocr_line' id='line_1_30' title="bbox 243 2749 1225 2834; baseline 0.006 -23"><span class='ocrx_word' id='word_1_227' title='bbox 243 2749 458 2813; x_wconf 90' lang='lat' dir='ltr'><strong>obsidentibus</strong></span> <span class='ocrx_word' id='word_1_228' title='bbox 479 2750 602 2825; x_wconf 90' lang='lat' dir='ltr'><strong>restitit;</strong></span> <span class='ocrx_word' id='word_1_229' title='bbox 634 2752 747 2815; x_wconf 90' lang='lat' dir='ltr'><strong>deinde</strong></span> <span class='ocrx_word' id='word_1_230' title='bbox 766 2755 798 2816; x_wconf 93' lang='lat' dir='ltr'><strong>id</strong></span> <span class='ocrx_word' id='word_1_231' title='bbox 819 2771 944 2831; x_wconf 89' lang='lat' dir='ltr'><strong>quoque</strong></span> <span class='ocrx_word' id='word_1_232' title='bbox 964 2755 1106 2818; x_wconf 89' lang='lat' dir='ltr'><strong>traditum</strong></span> <span class='ocrx_word' id='word_1_233' title='bbox 1127 2757 1225 2834; x_wconf 90' lang='lat' dir='ltr'><strong>Amy·</strong></span> 
     </span>
     <span class='ocr_line' id='line_1_31' title="bbox 244 2836 1224 2916; baseline 0.007 -22"><span class='ocrx_word' id='word_1_234' title='bbox 244 2836 358 2896; x_wconf 91' lang='lat' dir='ltr'><strong>nandro</strong></span> <span class='ocrx_word' id='word_1_235' title='bbox 380 2843 443 2911; x_wconf 90' lang='lat' dir='ltr'><strong>est,</strong></span> <span class='ocrx_word' id='word_1_236' title='bbox 466 2844 496 2898; x_wconf 89' lang='lat' dir='ltr'><strong>et</strong></span> <span class='ocrx_word' id='word_1_237' title='bbox 516 2838 615 2899; x_wconf 91' lang='lat' dir='ltr'><strong>onmis</strong></span> <span class='ocrx_word' id='word_1_238' title='bbox 629 2838 809 2900; x_wconf 88' lang='lat' dir='ltr'><strong>Athamania</strong></span> <span class='ocrx_word' id='word_1_239' title='bbox 830 2841 861 2900; x_wconf 88' lang='lat' dir='ltr'><strong>in</strong></span> <span class='ocrx_word' id='word_1_240' title='bbox 881 2847 1033 2915; x_wconf 86' lang='lat' dir='ltr'><strong>potestate</strong></span> <span class='ocrx_word' id='word_1_241' title='bbox 1052 2847 1119 2902; x_wconf 89' lang='lat' dir='ltr'><strong>erat</strong></span> <span class='ocrx_word' id='word_1_242' title='bbox 1135 2856 1224 2916; x_wconf 79' lang='lat' dir='ltr'><strong>prae</strong></span> 
     </span>
     <span class='ocr_line' id='line_1_32' title="bbox 244 2920 1225 2996; baseline 0.004 -17"><span class='ocrx_word' id='word_1_243' title='bbox 244 2927 289 2979; x_wconf 91' lang='lat' dir='ltr'><strong>ter</strong></span> <span class='ocrx_word' id='word_1_244' title='bbox 302 2920 492 2983; x_wconf 89' lang='lat' dir='ltr'><strong>Athenaeum</strong></span> <span class='ocrx_word' id='word_1_245' title='bbox 507 2923 679 2996; x_wconf 88' lang='lat' dir='ltr'><strong>castellum,</strong></span> <span class='ocrx_word' id='word_1_246' title='bbox 701 2922 813 2984; x_wconf 86' lang='lat' dir='ltr'><strong>linibus</strong></span> <span class='ocrx_word' id='word_1_247' title='bbox 827 2923 1027 2984; x_wconf 89' lang='lat' dir='ltr'><strong>Macedoniae</strong></span> <span class='ocrx_word' id='word_1_248' title='bbox 1040 2923 1225 2986; x_wconf 87' lang='lat' dir='ltr'><strong>subiectum</strong></span> 
     </span>
     <span class='ocr_line' id='line_1_33' title="bbox 244 3002 1223 3080; baseline 0.006 -18"><span class='ocrx_word' id='word_1_249' title='bbox 244 3002 277 3062; x_wconf 92' lang='lat' dir='ltr'><strong>ll.</strong></span> <span class='ocrx_word' id='word_1_250' title='bbox 295 3003 455 3080; x_wconf 91' lang='lat' dir='ltr'><strong>Philippus</strong></span> <span class='ocrx_word' id='word_1_251' title='bbox 470 3005 574 3066; x_wconf 90' lang='lat' dir='ltr'><strong>audita</strong></span> <span class='ocrx_word' id='word_1_252' title='bbox 589 3004 762 3067; x_wconf 86' lang='lat' dir='ltr'><strong>delectione</strong></span> <span class='ocrx_word' id='word_1_253' title='bbox 773 3007 973 3068; x_wconf 90' lang='lat' dir='ltr'><strong>Athamaniae</strong></span> <span class='ocrx_word' id='word_1_254' title='bbox 988 3021 1057 3067; x_wconf 90' lang='lat' dir='ltr'><strong>cum</strong></span> <span class='ocrx_word' id='word_1_255' title='bbox 1072 3021 1130 3068; x_wconf 88' lang='lat' dir='ltr'><strong>sex</strong></span> <span class='ocrx_word' id='word_1_256' title='bbox 1146 3008 1223 3068; x_wconf 90' lang='lat' dir='ltr'><strong>mili-</strong></span> 
     </span>
    </p>
   </div>
   <div class='ocr_carea' id='block_1_3' title="bbox 157 3084 1273 3167">
    <p class='ocr_par' dir='ltr' id='par_1_3' title="bbox 157 3084 1273 3167">
     <span class='ocr_line' id='line_1_34' title="bbox 157 3084 1273 3167; baseline 0.005 -21"><span class='ocrx_word' id='word_1_257' title='bbox 157 3084 159 3087; x_wconf 80' lang='grc'><strong>’</strong></span> <span class='ocrx_word' id='word_1_258' title='bbox 243 3087 300 3147; x_wconf 87' lang='lat' dir='ltr'><strong>bus</strong></span> <span class='ocrx_word' id='word_1_259' title='bbox 315 3097 499 3150; x_wconf 87' lang='lat' dir='ltr'><strong>armatorum</strong></span> <span class='ocrx_word' id='word_1_260' title='bbox 513 3090 671 3165; x_wconf 84' lang='lat' dir='ltr'><strong>proiectus</strong></span> <span class='ocrx_word' id='word_1_261' title='bbox 686 3088 801 3166; x_wconf 83' lang='lat' dir='ltr'><strong>ingenti</strong></span> <span class='ocrx_word' id='word_1_262' title='bbox 816 3089 970 3152; x_wconf 86' lang='lat' dir='ltr'><strong>celeritate</strong></span> <span class='ocrx_word' id='word_1_263' title='bbox 982 3089 1142 3166; x_wconf 87' lang='lat' dir='ltr'><strong>Gomphos</strong></span> <span class='ocrx_word' id='word_1_264' title='bbox 1154 3107 1222 3167; x_wconf 88' lang='lat' dir='ltr'><strong>per·</strong></span> <span class='ocrx_word' id='word_1_265' title='bbox 1270 3156 1273 3161; x_wconf 69' lang='grc'><em>,</em></span> 
     </span>
    </p>
   </div>
   <div class='ocr_carea' id='block_1_4' title="bbox 163 3170 1225 3585">
    <p class='ocr_par' dir='ltr' id='par_1_4' title="bbox 163 3170 1225 3585">
     <span class='ocr_line' id='line_1_35' title="bbox 163 3170 1225 3250; baseline 0.007 -21"><span class='ocrx_word' id='word_1_266' title='bbox 163 3227 169 3237; x_wconf 84' lang='grc'><strong><em>,</em></strong></span> <span class='ocrx_word' id='word_1_267' title='bbox 243 3170 333 3231; x_wconf 87' lang='lat' dir='ltr'><strong>veuit.</strong></span> <span class='ocrx_word' id='word_1_268' title='bbox 355 3170 396 3231; x_wconf 93' lang='lat' dir='ltr'><strong>ibi</strong></span> <span class='ocrx_word' id='word_1_269' title='bbox 410 3172 516 3233; x_wconf 86' lang='lat' dir='ltr'><strong>relicta</strong></span> <span class='ocrx_word' id='word_1_270' title='bbox 530 3171 646 3233; x_wconf 86' lang='lat' dir='ltr'><strong>maiore</strong></span> <span class='ocrx_word' id='word_1_271' title='bbox 658 3181 744 3249; x_wconf 89' lang='lat' dir='ltr'><strong>parte</strong></span> <span class='ocrx_word' id='word_1_272' title='bbox 756 3173 963 3244; x_wconf 80' lang='lat' dir='ltr'><strong>exercitus-</strong></span> <span class='ocrx_word' id='word_1_273' title='bbox 975 3189 1076 3250; x_wconf 91' lang='lat' dir='ltr'><strong>neque</strong></span> <span class='ocrx_word' id='word_1_274' title='bbox 1088 3172 1174 3234; x_wconf 88' lang='lat' dir='ltr'><strong>enim</strong></span> <span class='ocrx_word' id='word_1_275' title='bbox 1185 3176 1225 3236; x_wconf 93' lang='lat' dir='ltr'><strong>ad</strong></span> 
     </span>
     <span class='ocr_line' id='line_1_36' title="bbox 242 3255 1222 3319; baseline 0.006 -6"><span class='ocrx_word' id='word_1_276' title='bbox 242 3260 326 3315; x_wconf 89' lang='lat' dir='ltr'><strong>tanta</strong></span> <span class='ocrx_word' id='word_1_277' title='bbox 349 3255 456 3316; x_wconf 87' lang='lat' dir='ltr'><strong>itinera</strong></span> <span class='ocrx_word' id='word_1_278' title='bbox 483 3258 719 3317; x_wconf 80' lang='lat' dir='ltr'><strong>sufficerent—</strong></span> <span class='ocrx_word' id='word_1_279' title='bbox 733 3274 801 3319; x_wconf 87' lang='lat' dir='ltr'><strong>oum</strong></span> <span class='ocrx_word' id='word_1_280' title='bbox 827 3258 948 3319; x_wconf 89' lang='lat' dir='ltr'><strong>duobus</strong></span> <span class='ocrx_word' id='word_1_281' title='bbox 976 3257 1098 3318; x_wconf 90' lang='lat' dir='ltr'><strong>milibus</strong></span> <span class='ocrx_word' id='word_1_282' title='bbox 1127 3258 1222 3319; x_wconf 80' lang='lat' dir='ltr'><strong>Athe</strong></span> 
     </span>
     <span class='ocr_line' id='line_1_37' title="bbox 242 3339 1222 3417; baseline 0.004 -19"><span class='ocrx_word' id='word_1_283' title='bbox 242 3353 362 3411; x_wconf 88' lang='lat' dir='ltr'><strong>naeum,</strong></span> <span class='ocrx_word' id='word_1_284' title='bbox 379 3339 464 3414; x_wconf 89' lang='lat' dir='ltr'><strong>quod</strong></span> <span class='ocrx_word' id='word_1_285' title='bbox 478 3356 573 3400; x_wconf 88' lang='lat' dir='ltr'><strong>unum</strong></span> <span class='ocrx_word' id='word_1_286' title='bbox 588 3357 606 3400; x_wconf 89' lang='lat' dir='ltr'><strong>a</strong></span> <span class='ocrx_word' id='word_1_287' title='bbox 620 3341 777 3416; x_wconf 90' lang='lat' dir='ltr'><strong>praesidio</strong></span> <span class='ocrx_word' id='word_1_288' title='bbox 793 3359 850 3404; x_wconf 94' lang='lat' dir='ltr'><strong>suo</strong></span> <span class='ocrx_word' id='word_1_289' title='bbox 864 3349 1014 3404; x_wconf 79' lang='lat' dir='ltr'><strong>retenurm</strong></span> <span class='ocrx_word' id='word_1_290' title='bbox 1028 3342 1137 3414; x_wconf 84' lang='lat' dir='ltr'><strong>luerat,</strong></span> <span class='ocrx_word' id='word_1_291' title='bbox 1154 3358 1222 3417; x_wconf 91' lang='lat' dir='ltr'><strong>per-</strong></span> 
     </span>
     <span class='ocr_line' id='line_1_38' title="bbox 241 3420 1223 3501; baseline 0.005 -20"><span class='ocrx_word' id='word_1_292' title='bbox 241 3420 333 3484; x_wconf 84' lang='lat' dir='ltr'><strong>venit.</strong></span> <span class='ocrx_word' id='word_1_293' title='bbox 356 3421 428 3483; x_wconf 88' lang='lat' dir='ltr'><strong>inde</strong></span> <span class='ocrx_word' id='word_1_294' title='bbox 440 3423 586 3498; x_wconf 92' lang='lat' dir='ltr'><strong>proximis</strong></span> <span class='ocrx_word' id='word_1_295' title='bbox 602 3426 754 3500; x_wconf 89' lang='lat' dir='ltr'><strong>temptatis</strong></span> <span class='ocrx_word' id='word_1_296' title='bbox 769 3441 837 3485; x_wconf 87' lang='lat' dir='ltr'><strong>oum</strong></span> <span class='ocrx_word' id='word_1_297' title='bbox 852 3426 940 3487; x_wconf 87' lang='lat' dir='ltr'><strong>laoile</strong></span> <span class='ocrx_word' id='word_1_298' title='bbox 954 3426 1223 3501; x_wconf 82' lang='lat' dir='ltr'><strong>animadvertisset</strong></span> 
     </span>
     <span class='ocr_line' id='line_1_39' title="bbox 242 3505 1221 3585; baseline 0.003 -19"><span class='ocrx_word' id='word_1_299' title='bbox 242 3515 345 3568; x_wconf 88' lang='lat' dir='ltr'><strong>cetera</strong></span> <span class='ocrx_word' id='word_1_300' title='bbox 364 3505 487 3567; x_wconf 89' lang='lat' dir='ltr'><strong>hostilia</strong></span> <span class='ocrx_word' id='word_1_301' title='bbox 500 3523 587 3582; x_wconf 87' lang='lat' dir='ltr'><strong>esse,</strong></span> <span class='ocrx_word' id='word_1_302' title='bbox 609 3507 766 3584; x_wconf 87' lang='lat' dir='ltr'><strong>Gomphos</strong></span> <span class='ocrx_word' id='word_1_303' title='bbox 783 3521 945 3584; x_wconf 79' lang='lat' dir='ltr'><strong>regressus·</strong></span> <span class='ocrx_word' id='word_1_304' title='bbox 964 3507 1106 3570; x_wconf 87' lang='lat' dir='ltr'><strong>omnibus</strong></span> <span class='ocrx_word' id='word_1_305' title='bbox 1121 3506 1221 3585; x_wconf 81' lang='lat' dir='ltr'><strong>copiis</strong></span> 
     </span>
    </p>
   </div>
   <div class='ocr_carea' id='block_1_5' title="bbox 0 0 1304 4000">
    <p class='ocr_par' dir='ltr' id='par_1_5' title="bbox 0 0 1304 4000">
     <span class='ocr_line' id='line_1_40' title="bbox 0 0 1304 4000; baseline 0 0"><span class='ocrx_word' id='word_1_306' title='bbox 0 0 1304 4000; x_wconf 95' lang='lat' dir='ltr'><strong> </strong></span> 
     </span>
    </p>
   </div>
  </div>
 </body>
</html>
