2600 4000
3 8 170 374 ,ἦ

274 250 534 312 amaammvt.
557 249 638 311 cnr.
654 258 681 313 a
694 259 737 313 ro.
758 257 838 329 [aa
851 257 913 325 nn
1018 251 1082 316 aaa

102 400 331 468 comessationi
342 401 483 461 intrasse.
503 399 614 460 similia
625 400 663 461 iis
675 400 728 476 qui
741 417 811 463 cum
821 401 965 475 Pheraeis
976 414 1082 482 ageret

101 487 223 551 missus.
246 484 296 546 oui
310 484 393 545 nullo
408 484 480 545 dato
494 499 666 560 responso,
679 483 809 546 Pheraei
818 485 880 562 ipsi
894 488 1026 562 legatum
1038 491 1081 550 ad

98 586 203 648 regem
218 567 388 646 principem
406 567 536 634 civitatis
549 567 733 629 Pausaniam
754 565 929 640 miserunt;>
943 568 996 648 qui
1011 588 1081 637 curn

102 656 182 718 haud
197 652 356 714 dissimilia
370 651 418 727 iis,
432 651 510 712 utin
524 668 621 713 causa
634 652 715 728 pari,
735 668 815 729 quae
829 670 886 730 pro
902 654 1080 718 Chalciden·

101 739 187 800 sibus
202 737 232 797 in
248 735 402 812 colloquio
417 735 458 796 ad
470 736 577 812 Euripi
592 738 702 797 heturu
717 736 798 799 dicta
811 746 912 815 erant,
928 741 1080 815 quaedam

101 823 190 883 etiam
204 821 337 883 ferocius
353 821 483 895 egisset,
508 835 565 880 rex
585 820 675 882 etiam
696 826 789 897 alque
804 822 895 883 etiam
910 823 1080 885 deliberare

100 923 154 967 eos
167 906 286 979 iussos,
300 920 340 965 ne
351 904 383 964 id
394 904 513 964 consilii
528 912 690 981 caperent,
706 906 801 988 cuius,
818 906 891 968 dum
902 906 934 967 in
945 908 1081 970 futurum

100 990 188 1051 nimis
204 988 285 1051 cauti
300 995 331 1049 et
343 986 466 1064 providi
480 997 601 1062 essent,
623 991 777 1065 extemplo
791 990 975 1066 paeniteret,
992 991 1078 1053 dimi·

100 1076 147 1135 sit.
169 1074 247 1134 haec
260 1072 432 1133 renuntiata
444 1070 560 1133 Pheras
574 1073 687 1148 legatio
703 1089 772 1134 cum
786 1081 884 1149 esset,
901 1090 940 1135 ne
953 1077 1078 1152 paulum

48 1155 49 1158 ’
101 1159 224 1235 quidem
245 1157 435 1229 dubitarunt,
459 1157 531 1230 quin
553 1173 608 1232 pro
629 1157 693 1217 fide
707 1173 781 1233 erga
795 1157 967 1234 Romanos,
989 1160 1078 1235 quid-

100 1242 174 1318 quid
188 1243 253 1302 iors
268 1241 339 1301 belli
359 1240 494 1313 tulisset,
519 1248 704 1316 paterentur.
735 1242 838 1317 itaque
858 1249 889 1303 et
907 1241 939 1302 hi
959 1259 1077 1304 summa

70 1369 72 1374 ·
100 1342 160 1403 ope
174 1324 324 1401 parabant
338 1340 374 1385 se
388 1323 428 1384 ad
442 1325 548 1384 urbem
566 1325 805 1401 defendendam,
827 1334 857 1388 et
870 1343 927 1387 rex
941 1326 980 1388 ab
995 1343 1077 1388 omnr

99 1418 186 1486 parte
200 1409 289 1469 simul
304 1423 486 1484 oppugnare
506 1410 627 1469 moenia
650 1418 697 1472 est
721 1410 905 1486 adgressus;
928 1417 959 1472 et
978 1418 1010 1473 ut
1025 1413 1077 1489 qui

99 1494 173 1555 satis
188 1493 426 1567 intellegeret-
443 1507 543 1569 neque
558 1489 778 1555 enim'dubium
792 1500 910 1556 erat-
921 1495 951 1555 in
966 1504 1078 1557 eventu

99 1579 166 1639 eius
179 1576 265 1638 urbis
280 1576 415 1652 positum
430 1591 516 1651 esse,
539 1593 630 1653 quam
649 1579 778 1654 primam
798 1580 967 1655 adgressus
983 1585 1076 1655 esset,

100 1668 151 1726 aut
164 1660 269 1736 sperni
283 1661 395 1721 deinde
415 1660 462 1721 ab
474 1662 619 1723 universa
640 1671 730 1739 gente
744 1663 962 1724 Thessalorum
978 1669 1028 1723 aut
1041 1662 1076 1722 ti-

42 1777 47 1785 ·
101 1745 174 1806 meri
188 1761 237 1820 se,
259 1761 379 1806 ornnem
399 1745 534 1823 undique
554 1753 703 1808 terrorem
718 1747 858 1807 obsessis
872 1745 983 1806 iniecit.
1015 1745 1076 1820 pri-

99 1846 180 1889 mum
189 1828 335 1905 impetum
343 1830 579 1906 oppugnationis
587 1828 1076 1891 satisconstantersustinuerunu

99 1913 209 1974 deinde
225 1930 294 1974 cum
307 1914 392 1974 multi
407 1920 638 1990 propugnantes
654 1914 799 1973 caderent
815 1919 867 1974 aut
882 1912 1076 1974 vulneraren-

97 2006 161 2073 tur,
177 1997 281 2058 labare
290 1997 386 2063 ,animi
402 2004 578 2071 coeperunt.
600 1996 737 2058 revocati
749 1996 860 2058 deinde
872 1996 1076 2073 castigationi-

100 2080 157 2142 bus
179 2081 350 2155 principum
372 2080 412 2139 ad
433 2082 693 2154 perseverandum
714 2079 743 2139 in
768 2083 945 2156 proposito,
970 2081 1075 2143 relicto

100 2163 252 2223 exteriore
267 2162 380 2222 circuio
397 2162 489 2234 muri,
505 2162 715 2223 deficientibus
729 2163 790 2224 iam
802 2165 899 2239 copiis
911 2166 940 2225 in
953 2165 1076 2225 ulterio-

98 2262 164 2305 rem
178 2252 296 2321 parlem
311 2245 396 2306 urbis
411 2253 645 2320 concesserunt,
667 2247 716 2306 cui
736 2246 860 2308 brevior
880 2248 963 2308 orbis
981 2249 1077 2307 muni-

83 2330 191 2391 'tionis
207 2330 419 2391 circumiectus
434 2338 507 2391 erat.
529 2336 687 2407 postremo
702 2330 881 2392 victimalis
903 2348 972 2393 cum
993 2332 1076 2391 time·
1173 2393 1178 2402 ,

4 2410 5 2423 ³
98 2421 179 2488 rent,
202 2415 291 2475 nevi
312 2414 409 2489 captis
431 2415 514 2475 nulia
535 2414 618 2490 apud
630 2415 779 2477 victorem
794 2416 884 2478 venia
899 2423 998 2488 esset,
1025 2415 1076 2474 de-

100 2498 243 2561 diderunt
267 2515 348 2560 sese.
391 2499 465 2558 nihii
489 2499 560 2558 inde
584 2506 721 2560 moratus
746 2516 803 2561 rex
829 2507 972 2577 quattuor
996 2498 1078 2558 milia

99 2593 298 2659 armatorum,
323 2584 395 2658 dum
419 2598 529 2643 recens
549 2589 648 2644 terror
672 2593 771 2659 esset,
798 2583 962 2647 Scotusam
986 2582 1077 2644 misit.

99 2683 157 2728 nec
172 2668 213 2729 ibi
227 2684 312 2729 mora
327 2667 490 2729 deditionis
502 2675 550 2735 est
561 2668 651 2742 facta,
667 2668 862 2730 cernentibus
872 2668 1077 2729 Pheraeorum

97 2767 207 2812 reeens
220 2754 402 2826 exemplum,
418 2751 470 2826 qui
483 2750 568 2825 quod
579 2751 774 2826 pertinaciter
784 2753 883 2828 primo
898 2753 1076 2826 abnuerant,

97 2837 179 2895 malo
192 2835 297 2896 domiti
307 2835 430 2895 tandem
442 2834 598 2895 iecissent.
620 2835 1078 2912 cumipsaurbeHippolochus
1115 2848 1119 2854 ·

96 2919 374 2995 Larisaeorumque
386 2920 521 2980 deditum
534 2926 581 2979 est
590 2914 788 2996 praesidium.
824 2920 942 2981 dimissi
953 2920 991 2980 ab
1004 2933 1077 2993 rege

96 3002 234 3065 inviolati
250 3019 370 3077 omnes,
394 3003 479 3079 quod
500 3019 567 3063 eam
587 3019 652 3064 rem
671 3004 774 3079 magni
787 3003 932 3064 momenti
946 3004 1078 3064 futuram

97 3104 154 3149 rex
169 3088 209 3148 ad
224 3087 434 3149 conciliandos
448 3087 664 3150 Larisaeorum
679 3089 797 3150 animos
813 3087 965 3149 credebat.

182 3172 218 3232 X.
251 3173 334 3232 Intra
358 3172 509 3233 decimum
530 3173 610 3234 diem
632 3190 723 3249 quam
743 3173 858 3234 Pheras
881 3181 1005 3234 venerat
1028 3170 1078 3232 his

97 3258 245 3334 perlectis
267 3257 442 3331 cranonem
456 3259 614 3333 proiectus
636 3275 706 3319 cum
730 3264 793 3319 toto
819 3256 955 3318 exercitu
980 3257 1077 3334 primo

98 3341 233 3402 adventu
258 3342 347 3417 cepit
382 3342 454 3402 inde
475 3342 606 3403 Cierium
631 3348 662 3403 et
683 3342 877 3418 Metropolim
902 3349 933 3402 et
955 3340 993 3402 iis
1019 3340 1077 3400 cir·

99 3424 249 3487 cumiecta
272 3427 399 3487 castella
421 3427 554 3502 recepit;
585 3427 750 3502 omniaque
768 3427 828 3488 iam
848 3425 985 3501 regionis
1010 3423 1077 3483 elus

98 3517 221 3586 praeter
240 3512 383 3569 Atracem
406 3517 436 3572 et
458 3510 626 3589 Gyrtonem
646 3510 677 3571 in
699 3516 850 3587 potestate
875 3517 972 3570 erant.
1006 3512 1078 3567 tunc
