2600 4000
206 242 269 308 ³26
313 240 430 301 LIBER
440 237 601 301 xxxvlll.
624 241 746 329 sapa.
761 227 857 314 rojrr.
881 248 918 314 [a.
932 247 1078 313 oasam

208 390 371 457 concilium
382 394 534 453 referrent
547 391 734 467 permissum
748 400 805 452 est.
837 408 934 468 parva
947 391 1131 469 disceptatio
1148 395 1185 455 de

205 477 333 541 urbibus
356 475 468 548 tenuit,
493 489 574 552 quae
598 490 667 536 cum
692 474 741 537 sui
761 475 836 551 iuris
856 475 1022 553 aliquando
1045 476 1185 552 tirissent,

206 562 296 625 avelli
316 561 401 622 velut
417 577 436 620 a
450 574 583 635 corpore
606 575 665 620 suo
685 574 779 635 aegre
798 560 1005 635 patiebantur=
1031 561 1073 621 ad
1092 576 1199 623 unum·

206 662 314 709 omnes
335 652 433 706 tamen
449 641 549 719 accipi
563 658 672 719 pacem
686 643 851 705 iusserunt.
881 643 1119 706 Ambracienses
1135 661 1187 707 co·

205 747 314 794 ronam
328 743 452 790 auream
467 727 586 789 consuli
600 733 722 789 centum
736 733 766 787 et
780 727 999 803 quinquaginta
1013 728 1119 804 pondo
1133 728 1175 791 de

208 818 325 878 derunt.
348 811 438 888 signa
455 826 799 885 aencavmarmoreaque
813 818 844 872 et
856 812 980 872 tabulae
993 811 1104 887 pictae,
1120 814 1187 888 qui·

206 901 265 961 bus
281 896 416 962 ornatior
423 894 596 969 Ambracia,
612 893 685 971 quia
697 893 783 969 regia
796 892 838 954 ibi
848 893 957 973 Pyrrhi
971 895 1078 971 iuerat,
1095 907 1186 971 quam

207 990 328 1044 ceterae
334 978 468 1056 regionis
481 978 548 1041 eius
559 978 652 1040 urbes
663 983 758 1052 erant,
766 978 884 1039 sublata
892 978 994 1041 omnia
1004 986 1187 1055 avectaque.

207 1066 279 1126 nihil
293 1069 453 1141 praeterea
468 1069 580 1125 tactum
592 1061 787 1124 riolatrunve.

174 1142 177 1150 '
289 1148 326 1207 X.
358 1146 517 1207 Proiectus
541 1147 581 1207 ab
600 1145 769 1207 Ambracia·
787 1146 895 1206 consul
914 1145 945 1204 in
963 1144 1188 1209 mediterranea

206 1231 354 1305 Aetoliae,
369 1230 409 1289 ad
419 1232 521 1306 Argos
532 1229 779 1305 Amphilochium
792 1262 828 1274 -
842 1227 948 1304 riginti
963 1228 1025 1290 duc
1041 1225 1123 1289 milia
1148 1229 1187 1290 ab

206 1313 370 1377 Ambracia
383 1313 472 1374 abest
482 1345 522 1354 —
536 1321 637 1374 castra
651 1312 764 1389 posuit.
792 1327 830 1374 eo
844 1311 966 1373 tandem
979 1312 1072 1388 legati
1083 1313 1187 1376 ,Aetoli

206 1400 334 1459 miramo
355 1392 483 1458 c'onsule
504 1397 588 1472 quod
608 1403 804 1480 morarentur,
819 1404 977 1457 venerunt.
1013 1395 1087 1457 inde
1101 1404 1187 1472 post-

208 1498 299 1560 quam
323 1480 517 1557 approbasse
542 1477 650 1555 pacem
676 1479 838 1542 concilium
858 1481 1037 1541 Aetolorum
1058 1479 1189 1557 accepit,

206 1566 301 1629 iussis
312 1562 472 1642 'proficisci
486 1564 614 1624 Romam
628 1564 669 1623 ad
684 1570 839 1639 senatum,
860 1562 1091 1640 permissoque,
1111 1571 1189 1627 utet

104 1644 127 1708 ’.
206 1649 320 1714 Rhodii
334 1656 365 1711 et
377 1647 580 1709 Athenienses
596 1647 813 1722 deprecatores
827 1643 920 1722 irent,
942 1648 1014 1709 dato
1030 1645 1087 1723 qui.
1098 1648 1199 1709 simul

208 1752 277 1797 cum
291 1733 329 1796 ils
344 1730 591 1810 proficisceretur
605 1730 636 1792 C.
650 1730 774 1792 Valerio
792 1732 885 1792 fratre
899 1731 1011 1807 ipsein
1028 1730 1189 1807 Cephalio

208 1820 289 1880 niam
304 1817 430 1880 traiecit.
459 1822 703 1893 praeoccupatas
721 1814 804 1876 auris
819 1813 1001 1891 animosque
1015 1814 1188 1890 principum
1240 1827 1243 1832 ·

208 1902 324 1964 Romae
344 1900 519 1962 criminibus
540 1899 672 1976 Philippi
691 1899 886 1972 invenerunt,
910 1900 962 1976 qui
983 1900 1185 1974 perlegales.

208 2003 263 2064 per
277 1986 391 2046 litteras
405 1984 543 2059 Dolopas
555 1983 886 2060 Amphilochosqueet
894 1982 1107 2045 Athamaniam
1122 1998 1188 2045 ere·

210 2077 277 2146 ptas
290 2068 349 2129 sihi
360 2083 502 2144 querens,
515 2067 732 2145 praesidiaque
743 2083 809 2143 sua
821 2073 977 2144 postremo
989 2066 1083 2128 filium
1097 2065 1189 2127 etiam

211 2155 320 2215 Persea
334 2168 372 2213 ex
383 2150 594 2228 Amphilochis
609 2153 742 2228 pulsum,
760 2157 911 2213 averterat
925 2157 1065 2212 senatum
1079 2151 1120 2212 ab
1135 2167 1190 2211 au·

209 2239 336 2315 diendis
354 2235 500 2312 precibus
525 2251 640 2297 eorum.
674 2234 787 2297 Rhodii
810 2244 911 2297 tamen
934 2242 965 2296 et
982 2233 1190 2296 Athenienses

208 2338 277 2383 cum
291 2321 411 2384 silentio
427 2317 522 2381 auditi
536 2325 616 2382 sunt
653 2317 851 2381 Atheniensis
866 2319 986 2394 legatus
1000 2318 1085 2380 Leon
1099 2319 1190 2380 Hice

208 2408 273 2467 siae
294 2406 375 2467 lilius
398 2403 573 2479 eloquentia
593 2404 684 2464 etiam
702 2403 812 2465 dicitur
825 2402 977 2475 movisse;
1000 2401 1053 2478 qui
1065 2404 1192 2479 vulgata

208 2488 417 2561 similitudine,
436 2487 512 2546 mari
526 2487 690 2562 tranquillo
706 2487 791 2561 quod
804 2486 905 2548 ventis
920 2486 1125 2567 concitaretur
1140 2502 1191 2546 ae

208 2571 399 2649 quiperando
421 2567 642 2630 multitudinem
657 2570 852 2646 Aetolorum,
874 2587 968 2646 usus,
990 2585 1059 2631 cum
1079 2568 1110 2630 in
1128 2568 1192 2630 lide

95 2669 98 2674 ·
208 2657 366 2717 Romanae
380 2650 538 2715 societatis
549 2653 745 2729 mansissent,
759 2654 851 2717 insita
862 2653 962 2730 gentis
973 2653 1192 2730 tranquillitate

210 2739 336 2815 quiesse
352 2753 408 2800 eos
424 2736 539 2798 aiebat:
560 2744 726 2814 postquam
741 2736 817 2800 ilare
833 2740 872 2800 ab
885 2739 964 2800 Asia
976 2739 1080 2799 Thoas
1095 2744 1127 2799 et
1139 2738 1187 2798 Iti-

128 2854 131 2861 2
208 2821 386 2898 caeuchus,
401 2822 440 2883 ab
450 2820 577 2900 Europa
586 2821 741 2884 Menestas
757 2829 788 2883 et
796 2822 990 2885 Damocritus
1002 2822 1193 2897 coepissent,

207 2915 272 2968 turn
291 2907 372 2967 illam
392 2911 603 2982 tempestatem
625 2914 762 2968 coortam
783 2922 863 2982 quae
877 2906 917 2968 ad
930 2906 1119 2968 Antiochum
1133 2922 1192 2967 eos

208 2991 287 3051 sicut
300 2988 332 3050 in
346 2992 508 3066 scopulum
522 2991 685 3054 intulisset.
703 2991 754 3051 Xl.
777 2991 830 3053 diu
840 2991 942 3052 iactati
951 2990 1054 3053 Aetoli
1066 2988 1193 3052 tandem

208 3082 242 3135 ut
256 3073 455 3136 condiciones
470 3075 557 3149 pacis
576 3074 775 3137 convenirent
788 3074 967 3137 effecerunt.
1000 3076 1124 3135 luerunt
1137 3090 1191 3135 au-

208 3167 268 3227 tem
283 3156 368 3218 haec
391 3156 571 3234 „imperium
585 3158 837 3235 maiestatemque
849 3159 956 3235 populi
967 3158 1099 3221 Romani
1114 3173 1194 3233 gens

207 3241 387 3303 Aetolorum
409 3248 593 3303 conservato
615 3240 682 3302 sine
697 3242 769 3304 dolo
784 3244 874 3305 malo.
911 3259 951 3303 ne
966 3242 1058 3318 quern
1073 3240 1193 3302 exerci-

207 3333 287 3399 tum,
304 3323 357 3399 qui
371 3326 523 3387 adversus
539 3325 643 3387 socios
659 3324 839 3409 amicosque
853 3343 961 3389 eorum
976 3328 1121 3401 ducetur,
1136 3340 1194 3401 per

175 3427 179 3434 ·
209 3410 288 3473 lines
308 3425 384 3472 suos
404 3407 535 3487 transire
555 3409 662 3483 sinito,
683 3425 762 3471 neve
782 3411 927 3486 ullaope
947 3410 1060 3471 iuvate.
1091 3408 1194 3470 hostis

94 3550 97 3555 .
209 3495 337 3556 eosdem
356 3491 469 3554 habeto
486 3508 565 3570 quos
580 3494 715 3570 populus
729 3494 902 3569 Romanus,
915 3508 1071 3569 varmaque
1085 3490 1118 3552 in
1137 3507 1194 3554 ecs
