2600 4000
207 223 269 288 188
351 221 468 283 LIBER
481 221 603 282 XXXV.
625 221 707 282 cAP.
724 230 767 284 lo.
780 231 823 284 lb.
843 221 880 298 [a.
894 226 927 281 U.
939 243 964 280 c.
975 228 1040 303 559]

291 373 452 447 claudius,
472 378 598 434 secutus
613 372 748 433 Graecos
762 373 920 435 Acilianos
933 375 1040 449 libros,
1058 374 1091 437 P.
1104 375 1189 437 Afri

206 476 316 523 canum
329 459 361 518 in
374 473 413 520 ea
426 458 524 519 luisse
538 456 691 533 legatione
705 456 804 532 tradit,
819 471 952 534 eumque
961 458 1078 533 Ephesi
1092 460 1191 522 collo·
1293 524 1294 533 χ

206 552 309 606 cutum
330 558 400 604 cum
413 540 599 611 Hanniba103
622 546 654 602 ct
673 555 845 601 sermonem
864 557 958 602 unum
979 542 1071 603 etiam
1082 543 1191 618 refert

206 647 268 705 quo
284 624 442 706 quaerenti
455 625 611 700 Africano,
627 639 719 699 quem
733 622 831 685 luisse
844 625 1010 686 maximum
1022 625 1193 701 imperato-

205 730 270 775 rem
279 710 431 773 Hannibal
447 709 593 781 erederet,
608 707 812 784 respondisse
821 709 1031 770 Alexandrum
1041 709 1192 772 Macedo·

205 814 277 859 unm
299 809 417 870 regem,
442 792 528 869 quod
547 808 644 868 parva
663 807 757 852 manu
775 792 1011 854 innuunerabiles
1032 794 1191 855 exercitus
1293 854 1294 865 ,

205 881 351 952 fudisset,
372 877 457 952 quod
471 875 591 938 ultimas
606 892 694 952 oras,
710 891 788 952 quas
801 876 905 938 visere
919 892 1014 953 supra
1028 892 1116 952 spem
1129 876 1190 939 hu-

205 978 325 1026 manam
335 968 428 1035 essct,
440 968 646 1036 peragrasset
670 960 827 1036 quaerenti
838 958 960 1032 deinde,
973 975 1189 1035 quamsecuu·
1293 1006 1294 1025 1

206 1049 277 1108 dnm
291 1050 435 1121 poneret,
456 1043 606 1123 Pyrrhum
620 1044 739 1105 dixisse
752 1051 854 1104 castra
866 1042 975 1104 metari
986 1043 1116 1119 primum
1129 1045 1190 1106 do·

205 1129 325 1199 cuisse;
346 1128 461 1189 adhoc
475 1129 626 1189 nemiuem
640 1125 811 1204 elegantius
825 1128 895 1188 loca
909 1127 1046 1204 cepisse,
1067 1129 1190 1204 praesi-

205 1215 257 1275 dia
280 1212 495 1289 disposuisse;
526 1218 622 1273 artem
647 1213 738 1274 etiam
762 1210 945 1273 conciliandi
964 1211 1023 1272 sibi
1043 1211 1189 1275 homines

204 1313 272 1358 eam
286 1295 443 1371 habuisse,
458 1303 492 1357 ut
501 1296 623 1357 Italicae
632 1303 741 1371 gentes
751 1296 834 1371 regis
845 1295 963 1356 externi
975 1310 1068 1372 quam
1077 1297 1189 1372 populi

204 1378 342 1452 Romani,
358 1387 419 1440 tarn
433 1379 486 1440 diu
499 1378 648 1455 principis
663 1380 694 1441 in
705 1396 743 1441 aa
752 1386 843 1453 terra,
857 1378 1017 1455 imperium
1029 1395 1100 1440 csse
1110 1381 1186 1440 mal·

205 1466 275 1526 lent.
298 1464 489 1540 exsequenti,
506 1477 597 1538 quem
608 1465 728 1525 tertium
740 1464 874 1537 duceret,
889 1462 973 1524 haud
984 1461 1076 1525 dubie
1087 1471 1188 1526 semet

205 1549 308 1626 ipsum
322 1548 449 1609 dixisse.
470 1553 533 1607 turn
547 1545 644 1608 risum
658 1549 799 1609 obortum
810 1545 956 1624 Scipioni,
972 1555 1003 1609 et
1012 1547 1188 1610 subiecisse

205 1634 372 1710 „quidnam
392 1639 425 1693 tu
446 1629 582 1704 diceres,
603 1630 630 1691 si
649 1647 699 1692 me
718 1630 890 1692 vicissest“
917 1640 999 1707 „tum
1020 1646 1095 1692 vero
1115 1636 1187 1693 me“

205 1718 304 1795 inquit
317 1724 368 1790 „et
382 1723 452 1777 ante
466 1715 676 1776 Alexandrum
689 1721 721 1776 et
734 1720 804 1774 ante
812 1714 963 1793 Pyrrhum
977 1722 1008 1776 ct
1020 1722 1091 1776 ante
1105 1715 1185 1777 alios

208 1802 304 1863 omnis
327 1802 527 1876 imperatores
548 1804 651 1861 csse.“
683 1805 714 1859 et
726 1799 908 1873 perplexum
921 1798 1035 1860 Punico
1054 1805 1186 1861 astare

205 1900 357 1961 sponsum
377 1891 407 1944 et
425 1883 627 1959 improvisum
648 1881 869 1944 adsentationis
889 1899 988 1959 genus
1008 1881 1186 1959 Scipionem

204 1969 357 2041 movisse,
382 1967 466 2044 quod
480 1982 498 2028 e
511 1982 606 2044 grege
626 1983 663 2029 se
682 1967 898 2044 imperatorum
916 1969 1000 2030 velut
1011 1967 1185 2029 inaestima-

206 2052 296 2114 bilem
312 2052 507 2113 secrevisset.

290 2138 356 2198 XV.
383 2135 494 2198 Villius
517 2136 555 2197 ab
575 2136 701 2212 Epheso
715 2136 884 2212 Apameam
906 2138 1068 2212 processit.
1101 2151 1140 2197 eo
1154 2144 1186 2196 et

204 2222 376 2285 Antiochus
388 2219 492 2282 audito
503 2221 672 2295 legatorum
678 2221 885 2281 Romanorum
895 2220 1029 2283 adventu
1042 2220 1185 2282 occurrit

204 2310 362 2383 Apameae
383 2304 559 2380 congressis
581 2302 762 2377 disceptatio
782 2304 891 2365 endem
905 2305 999 2366 ferme
1013 2304 1082 2377 luit,
1104 2319 1186 2379 quae

204 2390 321 2451 Romae
335 2389 414 2448 inter
426 2386 594 2461 Quinctium
609 2386 770 2460 allegatos
785 2385 868 2462 regis
883 2387 990 2450 iuerat.
1011 2403 1096 2449 mors
1106 2403 1185 2447 nun·

204 2474 277 2533 tiata
290 2468 433 2531 Antiochi
454 2469 507 2528 filii
528 2469 625 2543 regis,
648 2483 739 2543 quem
760 2470 887 2531 missum
902 2472 995 2545 paulo
1013 2479 1083 2532 ante
1097 2470 1185 2531 dixe·

203 2570 269 2615 ram
284 2555 314 2614 in
330 2552 460 2631 Syriam,
476 2551 594 2613 diremit
608 2551 771 2627 colloquia
795 2569 924 2629 magnus
938 2555 1038 2617 luctus
1052 2555 1084 2615 in
1098 2555 1186 2630 regia

204 2637 261 2698 luit
280 2650 486 2711 magnumque
506 2634 573 2695 cius
593 2634 713 2696 iuvenis
735 2636 936 2699 desideriunt:
969 2638 1002 2699 id
1021 2638 1102 2699 enim
1123 2637 1183 2698 iam

205 2721 361 2796 specimen
375 2719 424 2780 sui
436 2719 571 2792 dederat,
587 2725 621 2780 ut
634 2719 662 2780 si
673 2719 735 2781 vita
745 2717 866 2796 longior
877 2721 1065 2797 contigisset,
1080 2721 1184 2796 magni

203 2804 337 2881 iustique
349 2803 432 2880 regis
447 2802 479 2864 in
494 2819 531 2864 eo
547 2803 681 2865 indolem
696 2803 793 2864 luisse
807 2812 979 2880 appareret.
1004 2822 1065 2882 quo
1081 2805 1183 2866 carior

205 2887 425 2966 acceptiorque
439 2889 580 2950 omnibus
595 2894 674 2964 erat,
694 2902 731 2949 co
747 2903 830 2948 mors
847 2888 914 2950 eius
929 2886 1105 2965 suspectior
1118 2888 1183 2963 luit,

203 2986 328 3047 manem
349 2988 563 3034 successorem
583 2988 654 3033 cum
673 2971 788 3032 instare
807 2972 957 3036 senectuti
974 2988 1051 3035 suae
1064 2979 1184 3048 patrem

204 3053 379 3117 credentem
393 3072 450 3132 per
464 3056 621 3132 spadones
636 3056 797 3130 quosdam,
812 3054 917 3117 talium
927 3054 1096 3118 ministerio
1109 3054 1182 3116 laci-

203 3154 312 3200 norum
327 3147 472 3216 acceptos
485 3137 620 3215 regibus,
634 3154 755 3201 veneno
770 3139 944 3202 sustulisse.
972 3156 1041 3202 eam
1056 3154 1184 3216 quoque

203 3238 329 3284 causam
343 3224 533 3284 clandestino
545 3222 672 3283 facinori
684 3221 863 3298 adiciebant,
880 3224 963 3299 quod
976 3222 1106 3286 Seleuco
1118 3220 1184 3284 filio
1288 3253 1289 3296 3

202 3305 427 3383 Lysimachiam
441 3307 593 3381 dedisset,
614 3304 767 3368 Antiocho
784 3322 875 3381 quam
890 3306 1018 3368 similem
1032 3309 1119 3369 daret
1133 3323 1182 3368 se·

202 3391 288 3465 dem,
309 3398 343 3451 ut
357 3392 465 3465 procul
480 3390 518 3450 ab
533 3406 568 3450 se
581 3389 700 3452 honore
715 3406 785 3451 eum
800 3405 925 3467 quoque
939 3391 1104 3467 ablegaret,
1119 3407 1182 3453 non

201 3473 369 3535 habuisset.
401 3472 503 3548 magni
523 3480 622 3533 tamen
643 3476 743 3534 luctus
765 3472 888 3549 species
909 3491 967 3550 per
981 3473 1100 3550 aliquot
1113 3474 1182 3535 dies
