2600 4000
213 266 275 333 294
322 267 437 328 LIBER
448 267 595 327 XXXVII.
617 266 700 327 cni.
711 273 756 330 di·
767 273 810 328 38.
821 273 866 327 39.
889 272 926 338 [a.
941 269 975 323 U.
987 286 1013 323 e.
1024 269 1088 336 562]

211 420 346 565 {mribus
361 418 477 563 crebris
492 417 612 492 obiecit,
630 417 714 478 unde
728 418 817 478 tacite
831 418 927 478 arceri
942 415 1072 479 transitu
1086 417 1197 481 iossea

234 505 310 567 ostis
325 518 421 580 posse
436 547 443 560 .
839 524 844 533 ·

294 587 456 651 XXXVIII.
479 587 592 649 consul
606 588 689 647 circa
701 585 876 663 Thyatiram
892 597 996 660 regem
1010 599 1083 647 esse
1096 591 1196 662 ratus,
1297 611 1298 654 5

212 671 363 736 continuis
377 670 535 731 itineribus
551 671 657 748 quinto
672 669 722 730 die
737 667 777 729 ad
790 670 967 747 Hyrcanum
982 684 1125 745 campum
1141 670 1196 729 de
1297 687 1298 760 }

213 757 343 820 scendit
375 755 446 814 inde
466 770 535 817 cum
556 754 727 831 proiectum
747 753 901 828 audisset,
922 760 1047 813 secutus
1061 751 1197 827 vestigio

214 843 288 904 citra
299 838 465 919 Phrygium
487 853 622 913 amnem,
643 844 787 914 quattuor
806 837 888 898 mitio
907 837 946 897 ab
963 836 1067 911 hoste,
1090 836 1198 910 posuit

213 932 324 988 castra.
360 938 398 983 eo
422 922 505 983 mitte
529 924 624 983 ferma
648 922 768 996 equites
782 921 972 981 —ruaxima
995 936 1069 996 pars
1091 919 1196 981 Gallo

213 1008 315 1086 graeci
331 1012 431 1078 erant,
447 1011 478 1065 et
489 1006 595 1067 Dahae
609 1005 733 1081 quidam
747 1005 938 1081 aliarumque
951 1004 1086 1079 gentium
1100 1005 1195 1078 sagit—

211 1090 280 1153 tarii
294 1090 414 1165 equites
428 1090 840 1151 intermixti—urmultuose
853 1089 934 1148 amni
947 1087 1196 1149 traiectoinsta
1297 1135 1298 1142 ,

213 1177 312 1237 tiones
323 1173 468 1248 impetum
480 1173 626 1234 iecerunt.
640 1171 1195 1251 primoturbareruntincompositosz
1297 1173 1298 1198 i

213 1258 410 1320 deindecum
425 1258 546 1332 longius
561 1263 714 1318 certamen
729 1257 1108 1333 fieret,Romanornu1ex
1122 1271 1195 1330 pro
1297 1269 1298 1300 1

213 1339 338 1418 pinquis
360 1340 471 1400 castris
492 1340 573 1401 taciti
594 1340 734 1403 subsidio
756 1347 910 1402 cresceret
929 1355 1091 1414 numerus,
1117 1339 1196 1414 regii

213 1425 289 1486 iessi
312 1424 373 1483 iarn
398 1429 428 1482 ot
449 1424 544 1499 pluris
565 1440 626 1485 non
648 1426 852 1500 sustinentes,
876 1424 1016 1500 recipere
1036 1438 1072 1484 se
1092 1422 1196 1485 consti

213 1510 295 1570 cirea
309 1509 408 1582 ripam
426 1508 539 1582 amnis,
559 1509 740 1584 priusquam
754 1507 867 1569 flumen
884 1508 1132 1584 ingrederentur,
1155 1506 1195 1567 ob

209 1592 394 1654 instantibus
414 1598 500 1667 tergo
521 1592 638 1666 aliquot
656 1592 805 1652 interiecti
826 1599 907 1653 sunt.
941 1591 1067 1653 biduum
1079 1590 1196 1651 deiude

214 1679 366 1738 sitentium
376 1676 432 1736 tuit
442 1674 557 1737 neutris
569 1676 862 1751 transgredientibus
874 1690 1003 1737 amnem.
1021 1675 1110 1736 tertio
1122 1682 1197 1750 post

213 1763 264 1822 die
278 1758 409 1823 Romani
429 1761 519 1821 simul
540 1776 647 1822 omnes
667 1761 853 1834 transgressi
874 1764 959 1834 sunt,
981 1767 1013 1820 et
1032 1757 1196 1820 duomilia
1297 1801 1298 1826 2

214 1846 278 1905 iere
292 1854 321 1905 et
337 1846 521 1920 quingentos
535 1860 649 1920 passus
665 1843 704 1904 ab
718 1843 807 1905 hoste
818 1850 989 1919 posuerunt
999 1849 1110 1904 cestra.
1129 1857 1194 1902 me

214 1928 346 1988 tantibus
361 1934 392 1987 et
406 1929 570 1990 muniendo
588 1928 747 2005 occupatis
762 1930 820 1988 tria
836 1928 917 1988 milia
927 1928 1046 1988 deiecta
1056 1925 1195 2002 equitum
1297 1915 1298 1976 ἶ

215 2011 412 2089 peditumque
425 2014 579 2088 regiorum
591 2029 701 2089 magno
714 2020 829 2075 terrore
839 2027 876 2072 ae
886 2013 1015 2073 tumultu
1026 2011 1195 2070 advenere.

213 2095 368 2170 aliquanto
391 2097 554 2170 pauciores
574 2098 604 2158 in
624 2098 755 2158 statione
775 2103 877 2166 eroum
898 2095 929 2154 hi
949 2101 1050 2155 tanam
1071 2109 1128 2169 per
1147 2109 1195 2171 se,

214 2180 296 2241 nullo
311 2196 330 2238 a
343 2180 529 2243 munimento
545 2189 714 2242 castrorum
725 2179 819 2241 milite
833 2185 972 2254 avocato,
987 2187 1017 2241 et
1027 2178 1127 2256 primo
1141 2193 1194 2243 ae

213 2281 307 2339 quum
328 2265 477 2339 proelium
497 2266 721 2338 sustinuerunt,
742 2271 773 2324 et
787 2271 946 2325 crescente
959 2262 1124 2324 certamine
1137 2278 1193 2337 pe

213 2351 355 2423 pulerunt
365 2348 464 2409 hostis
475 2355 596 2410 centum
607 2365 647 2410 ex
657 2348 705 2410 his
717 2348 839 2423 occisis,
847 2354 968 2408 centrum
979 2347 1195 2422 iormeeaptis.

212 2449 269 2508 per
283 2432 485 2508 quadriduum
505 2432 673 2508 insequens
687 2431 852 2493 instructae
868 2431 1022 2509 utrimque
1035 2430 1119 2492 acies
1134 2446 1194 2506 pro

212 2518 293 2574 vallo
314 2521 436 2575 stetere.
470 2514 576 2588 quinto
599 2516 648 2574 die
663 2514 793 2576 Romani
814 2531 997 2591 processere
1010 2515 1042 2576 iu
1056 2515 1194 2576 medium
1297 2530 1298 2533 ’

213 2597 321 2671 campi.
342 2596 512 2656 Antiochus
526 2597 600 2657 nihil
614 2599 768 2672 promovit
782 2600 879 2676 signa,
894 2600 934 2662 ita
947 2607 981 2661 ut
994 2598 1123 2660 extremi
1136 2598 1192 2658 mi·

210 2695 270 2739 nus
285 2679 367 2738 mitte
383 2678 480 2752 pedes
495 2695 514 2739 a
528 2681 609 2741 vulto
624 2682 778 2744 abessent.

295 2761 426 2823 XXXIX.
456 2762 569 2825 Consul
583 2774 750 2842 postquam
764 2767 926 2828 detractari
941 2775 1093 2828 certamen
1106 2765 1194 2841 vidit,

211 2854 336 2921 postero
357 2845 409 2907 die
428 2846 458 2908 in
474 2848 633 2910 consilium
648 2850 820 2914 advocavit.
854 2852 928 2927 quid
943 2851 1002 2912 sibi
1016 2849 1194 2912 iaciendum

210 2936 304 3004 esset,
320 2931 347 2992 si
356 2932 529 2994 Antiochus
545 2936 702 3010 pugnandi
714 2936 833 3010 copiam
847 2952 909 2996 non
919 2937 1055 2997 iacerett
1075 2933 1193 2996 instare

209 3014 356 3075 hiemum:
394 3022 447 3076 aut
478 3019 537 3079 sub
570 3020 703 3095 pellibus
742 3021 903 3083 habendos
935 3016 1061 3090 milites,
1096 3023 1150 3079 aut
1164 3018 1193 3079 si

210 3098 383 3160 concedere
396 3101 426 3160 in
442 3101 570 3162 hiberna
582 3103 682 3178 veltet,
696 3101 899 3163 differendum
913 3097 987 3163 esse
999 3102 1031 3164 in
1041 3107 1192 3163 aestatem

209 3181 332 3241 bellum.
360 3184 476 3244 nultum
496 3201 639 3259 umquam
660 3186 779 3247 hostem
794 3187 924 3248 Romani
939 3201 1039 3262 aeque
1054 3192 1192 3248 contem-

209 3271 345 3340 pserunt.
380 3268 599 3328 conclamatum
620 3269 757 3344 undique
771 3276 831 3343 est,
853 3271 978 3332 duceret
992 3270 1146 3346 externplo
1161 3275 1193 3330 et

209 3352 345 3408 uteretur
365 3350 475 3410 ardore
495 3352 637 3422 militum
661 3353 712 3429 qui
732 3361 886 3429 tamqnam
906 3370 968 3417 non
989 3353 1193 3430 pugnandum

210 3448 279 3491 cum
293 3438 338 3494 tot
351 3432 472 3494 milibus
486 3434 619 3495 hostium
633 3436 691 3496 scd
706 3453 762 3511 par
776 3453 921 3500 numerus
936 3452 1085 3512 pecorum
1096 3436 1178 3498 truci

210 3513 330 3576 dandus
346 3522 443 3589 esset,
458 3533 515 3592 per
530 3518 643 3592 fossas,
659 3533 716 3595 per
729 3521 842 3579 vatium
857 3526 958 3580 castra
972 3520 1120 3581 invadere
1134 3535 1190 3595 pa·
