2600 4000
229 258 272 320 44
376 256 492 317 LIBER
505 255 610 316 xxxi.
636 254 720 316 cAP.
736 263 779 317 48.
791 262 836 317 49.
858 262 896 329 [a.
908 260 944 316 U.
955 277 980 314 e.
992 262 1056 329 ὁδὶ]

224 419 349 484 tumque
364 420 487 483 pugnae
501 405 636 481 spectari
650 404 773 464 debere.
802 405 890 466 lusos
905 420 1079 479 caesosque
1093 404 1195 483 hosts,

225 499 328 554 castra
348 500 439 567 capta
463 505 501 550 ac
521 489 656 564 direpta,
682 488 832 550 coloniam
853 487 1012 549 liberatam
1031 488 1197 563 obsidione,

223 576 346 638 alterius
368 573 508 636 coloniae
523 574 663 647 captivos
678 577 879 648 recuperatos
892 571 1113 648 restitutosque
1127 574 1197 648 suis,

223 661 406 721 debellatum
427 674 491 719 uno
515 657 634 732 proelio
659 671 740 716 esse.
775 671 838 717 non
863 655 1002 715 homines
1026 663 1142 717 tautum
1163 673 1199 717 ea

221 744 349 806 victoria
368 745 512 815 laetatos,
533 741 591 801 sed
611 740 671 800 diis
691 755 817 817 quoque
835 738 1056 800 immortalibus
1075 755 1133 815 per
1150 741 1197 801 tri·
1292 798 1294 807 ,

223 829 317 889 duum
332 825 574 901 supplicationes
589 823 724 898 habitas,
746 824 831 899 quod
845 823 924 883 bene
938 838 975 883 ae
990 822 1126 900 feliciter,
1140 840 1197 884 uon

223 913 308 988 quod
332 912 411 970 male
431 924 468 969 ae
489 915 603 969 temere
626 922 678 968 res
704 907 828 983 publica
852 906 923 967 aL.
943 905 1035 966 Furio
1059 914 1200 983 praetore

222 1002 312 1070 gesta
325 999 418 1054 esset
450 993 523 1054 data
536 993 598 1053 lato
613 990 705 1052 etiam
719 991 853 1067 quodam
866 989 976 1051 Furiae
990 991 1073 1066 genti
1088 991 1199 1060 Gallica

223 1076 311 1138 bella.
338 1076 440 1137 XLIX.
460 1076 552 1136 huius
567 1075 689 1150 generis
705 1075 894 1136 orationibus
908 1073 1008 1150 ipsius
1022 1075 1199 1136 amicorum-

223 1177 282 1237 que
297 1161 377 1221 victa
389 1166 438 1221 est
452 1160 623 1235 praesentis
638 1160 736 1234 gratia
748 1158 899 1235 praetoris
915 1157 1051 1219 absentis
1065 1160 1201 1220 consulis

223 1244 384 1314 maissiam
399 1243 649 1319 triumphumque
661 1242 877 1319 frequentesL.
885 1239 977 1303 Furio
990 1242 1199 1304 decreverunt

222 1328 418 1404 triumphavit
438 1329 478 1389 de
493 1328 587 1388 Gallis
600 1327 632 1387 in
647 1327 824 1402 magistratu
837 1326 871 1384 L.
885 1324 997 1386 Furius
1010 1332 1148 1402 praetor,
1171 1336 1201 1390 et

221 1413 251 1473 in
265 1411 415 1473 aerarium
434 1412 501 1474 tulit
512 1417 649 1472 treoema
662 1411 767 1486 viginti
781 1409 863 1470 milia
879 1410 976 1482 aeris,
998 1410 1115 1484 argenti
1130 1425 1194 1471 cen.

222 1504 285 1558 tum
305 1495 388 1556 milia
408 1496 575 1573 quingente
589 1494 706 1572 pondo.
739 1510 840 1571 neque
855 1492 966 1570 captivi
979 1493 1033 1554 ulli
1046 1500 1118 1554 ante
1133 1510 1196 1556 cur·

221 1597 287 1642 rum
308 1581 406 1656 ducti,
427 1596 529 1656 neque
549 1579 650 1655 spolia
670 1581 821 1653 praelata,
843 1593 943 1654 neque
964 1577 1075 1637 milites
1092 1578 1200 1640 secuti.

225 1665 324 1726 omnia
338 1671 461 1741 praeter
476 1662 635 1725 victoriam
650 1678 748 1738 penes
763 1665 921 1724 consulem
935 1675 1008 1722 esse
1022 1662 1199 1737 apparebat.

305 1749 383 1809 Ludi
403 1749 514 1809 deinde
528 1764 548 1809 a
560 1747 593 1807 P.
609 1747 750 1808 cornelio
765 1746 924 1822 Scipione,
946 1762 1026 1821 quos
1045 1747 1201 1824 consulis

224 1833 326 1893 lllrics
338 1840 474 1907 voverat,
488 1848 599 1907 magno
614 1838 766 1907 apparatu
780 1831 860 1891 laeti.
882 1836 912 1889 et
925 1830 965 1890 de
978 1829 1060 1904 agris
1074 1829 1201 1891 militum

221 1916 287 1977 eius
302 1916 473 1990 decretum,
491 1922 525 1976 ut
540 1923 614 1990 quot
627 1916 761 1991 quisque
774 1930 880 1977 eorum
894 1929 992 1974 annos
1006 1913 1037 1972 in
1050 1914 1204 1991 Hispania

222 2001 324 2061 autin
343 1999 448 2060 Africa
473 1999 645 2075 militasset,
672 1999 701 2059 in
723 2001 861 2075 singulos
881 2014 981 2059 annos
1002 1995 1074 2058 bina
1094 1997 1202 2073 iugera

222 2084 286 2159 agri
301 2085 469 2161 acciperem
484 2098 555 2144 eum
569 2100 677 2160 agrum
688 2085 795 2144 decem
806 2081 864 2143 viri
875 2082 1082 2156 adsignarent
1098 2082 1200 2142 trium

220 2167 278 2228 viri
305 2169 376 2229 ilem
405 2170 498 2228 creati
523 2169 563 2228 ad
592 2169 797 2244 supplendum
824 2165 992 2227 Venusinis
1021 2167 1203 2228 colonorum

221 2267 394 2328 numerum,
423 2253 507 2328 quod
533 2253 613 2313 bello
633 2252 812 2312 Hannibalis
838 2256 1009 2311 attenuatae
1029 2249 1111 2310 vires
1131 2250 1203 2311 eius

223 2337 360 2398 coloniae
381 2343 480 2411 eraut,
506 2335 537 2395 Ο.
560 2336 719 2395 Terentius
740 2335 838 2396 Vama
859 2336 892 2394 T.
915 2333 1070 2407 Quinctius
1090 2332 1202 2394 Flami-

224 2420 311 2482 ninus
331 2420 363 2480 P.
379 2419 537 2480 cornelius
559 2418 612 2478 Cn.
631 2417 666 2478 F.
682 2416 796 2492 Scipio.
832 2416 863 2476 hi
884 2418 1012 2478 colonos
1032 2417 1204 2500 Venusiam

221 2502 462 2577 adscripserunt

303 2583 420 2645 Eodem
440 2599 521 2645 anno
543 2584 574 2643 C.
591 2583 749 2644 cornelius
770 2583 939 2660 Cethegus,
961 2585 1014 2661 qui
1032 2586 1205 2661 proconsul
1293 2613 1294 2626 κ

219 2666 398 2742 Hispaniam
412 2667 575 2741 obtinebat,
589 2682 733 2743 magnum
746 2667 881 2730 hostium
895 2670 1063 2732 exereitum
1077 2669 1109 2731 in
1123 2685 1204 2744 agro

222 2749 377 2811 Sedetano
399 2750 485 2812 ludit.
521 2751 694 2826 quindecim
710 2751 792 2812 milia
805 2753 1013 2829 Hispanorum
1026 2769 1065 2816 eo
1079 2752 1205 2830 proelio

220 2834 362 2895 dicuutur
375 2848 476 2908 caesa,
492 2833 581 2909 signa
594 2836 735 2897 militaria
749 2845 839 2913 capta
852 2844 922 2900 octo
937 2844 969 2898 et
982 2838 1190 2913 septuaginta.
1293 2909 1294 2914 ἵ

265 2920 269 2924 ’
304 2917 335 2979 C.
350 2919 495 2980 Aurelius
517 2920 625 2981 consul
647 2936 716 2981 eum
731 2936 771 2980 ex
789 2921 950 2997 provincia
962 2922 1091 2983 Romam
1105 2920 1205 2984 comi·
1293 2985 1294 2996 ,

218 3001 328 3063 tiorum
347 3017 443 3064 causa
455 3004 608 3078 venisset,
628 3020 692 3065 non
706 3004 739 3065 id
754 3006 838 3081 quod
854 3005 962 3067 animis
976 3012 1208 3081 praeceperant

220 3093 346 3161 questus
361 3093 417 3160 est,
433 3104 495 3149 non
509 3094 721 3165 exspectatum
733 3104 768 3149 se
778 3089 818 3150 ab
829 3097 948 3165 senatu,
963 3104 1065 3165 neque
1076 3091 1206 3165 discep-

218 3171 302 3230 tandi
326 3187 396 3233 eum
419 3181 563 3248 praetore
583 3173 703 3234 consuli
725 3180 908 3247 potestatem
928 3175 1055 3249 facum,
1081 3174 1209 3234 sedita
1293 3205 1294 3242 t

219 3254 400 3331 triumphum
428 3258 574 3320 decresse
599 3265 753 3332 senatum,
778 3265 812 3319 ut
835 3258 946 3319 nullius
971 3257 1031 3317 nisi
1057 3257 1125 3318 eius
1148 3257 1208 3333 qui

217 3338 457 3416 triumphaturus
472 3347 565 3417 esset,
580 3348 610 3403 et
623 3357 686 3404 uon
698 3357 804 3403 eorum
819 3342 872 3418 qui
885 3342 966 3403 bello
981 3340 1209 3420 interfuissent,

219 3424 314 3484 verba
327 3425 455 3487 audiret.
488 3426 620 3486 maiores
635 3426 706 3487 ideo
721 3425 898 3503 instituisse,
913 3434 947 3487 ut
960 3426 1061 3501 legati,
1076 3423 1208 3499 tribuni,
1293 3423 1294 3426 ’

220 3508 428 3583 centuriones,
450 3511 559 3572 milites
575 3510 710 3586 denique
724 3509 875 3586 triumpho
891 3510 1052 3582 adessent,
1073 3516 1107 3571 ut
1120 3506 1208 3569 veri-
