2600 4000
216 214 279 280 aaa
341 214 455 275 amsa
469 213 630 274 xxxvm.
653 213 852 276 caream.
875 216 1071 285 [aeaeae]
1105 173 1109 178 ⁴

217 369 327 434 multos
339 366 416 426 alios
427 365 530 440 regios
542 364 646 438 ducas,
661 363 712 438 qui
723 360 996 438 imperatorPunioi
1010 359 1081 420 belii
1093 362 1196 422 tuerit.

216 458 246 512 et
259 450 372 512 bellum
387 448 510 525 quidem
523 448 566 507 ita
577 446 699 522 gestum
712 461 794 519 esse,
807 452 841 506 ut
854 461 893 505 ue
908 446 1056 506 fortunam
1070 445 1198 519 quidem
1256 463 1258 468 ’

237 535 383 610 nsquam
401 531 552 593 criminari
572 530 689 606 possita
710 530 740 589 in
755 539 833 605 pace
852 526 965 589 crimen
981 526 1103 603 quaein
1127 544 1198 589 eam

217 554 278 679 gisi
298 616 433 678 venisse.
464 615 515 676 hic
529 616 636 676 decem
650 616 768 689 legatos
783 614 873 673 simul
886 612 989 686 argui,
1011 628 1143 687 quorum
1157 610 1197 672 ex

218 701 347 765 consilio
367 701 438 761 data
458 716 520 777 pax
535 704 628 760 essct.
664 712 850 773 quamquam
864 696 1019 756 exstitisse
1033 710 1072 755 ex
1087 696 1198 756 decem
1246 693 1251 700 ’
1286 707 1299 738 τ

217 786 326 862 legatis
342 784 397 860 qui
409 784 462 844 cn.
477 783 620 843 Manlium
635 786 832 843 accusarenta
852 787 953 840 tamen
968 795 1031 839 non
1045 780 1140 840 modo
1156 781 1196 839 ad
1270 819 1274 828 ·

218 866 351 932 criminis
371 867 478 942 fldem,
500 867 556 927 sed
577 866 676 926 need
696 882 811 925 moram
833 863 955 939 quidem
969 862 1112 938 triumphi
1127 878 1198 922 eam

218 952 445 1016 accusationem
457 950 602 1011 valuisse.
619 949 701 1011 alx,
723 956 754 1009 at
767 949 890 1009 hercule
903 947 934 1005 in
949 944 1095 1025 Scipione
1109 946 1214 1021 teges-
1290 969 1299 1038 ⁴,

218 1038 303 1114 ipsas
316 1036 411 1114 pacis,
422 1042 456 1095 ut
466 1034 589 1095 nimium
602 1033 850 1095 accommodatas
857 1030 1018 1102 Antiocho,
1031 1036 1197 1106 suspectas

218 1135 306 1180 esse:
328 1121 478 1194 integrum
500 1119 579 1178 enim
601 1117 629 1177 ei
649 1132 775 1191 regnum
794 1116 948 1187 relictum=
976 1112 1079 1175 omnia
1091 1114 1195 1188 possi-

218 1203 293 1263 dere
313 1218 383 1263 eum
402 1203 515 1263 victum
537 1216 617 1277 quae
637 1207 709 1260 ante
721 1201 841 1261 ‚bellum
852 1199 920 1259 eins
935 1197 1062 1267 inerint;
1084 1197 1196 1268 auriet
1226 1196 1236 1210 '

217 1286 335 1360 argenti
351 1300 421 1345 cum
432 1285 497 1350 ‚vim
512 1300 654 1360 magnam
668 1281 835 1358 habuisset
851 1281 924 1342 nihii
934 1279 967 1341 in
979 1281 1134 1357 publicum
1140 1295 1193 1341 re-

218 1372 319 1441 latum,
337 1382 427 1429 omne
441 1368 470 1426 in
486 1368 637 1443 privatum
651 1363 785 1430 versum.
806 1383 845 1427 an
857 1381 916 1429 non
928 1369 1049 1440 praeter
1060 1365 1195 1426 omnium
1284 1417 1299 1449 „

105 1489 108 1496 ι
219 1454 327 1514 oculos
347 1457 461 1513 tanturn
483 1452 548 1510 auri
569 1452 748 1528 argentique
768 1451 798 1511 in
813 1448 963 1524 triumpho
981 1449 1014 1508 L.
1030 1446 1196 1523 Scipionis,

219 1541 365 1613 quantum
379 1549 441 1595 non
453 1533 560 1593 decem
572 1534 639 1593 aliis
650 1534 820 1610 triumphis,
836 1534 863 1595 si
874 1547 965 1593 omne
975 1530 1005 1592 in
1017 1548 1109 1591 unum
1123 1548 1193 1594 con

219 1621 347 1696 feratur,
376 1619 416 1680 sit
434 1618 550 1678 latumt
579 1632 648 1677 nam
672 1616 746 1693 quid
771 1618 811 1677 de
830 1616 944 1678 finibus
967 1616 1053 1689 regni
1074 1615 1197 1675 dicam?

192 1701 196 1710 '
217 1704 323 1765 Asiam
345 1717 466 1765 omnem
485 1707 516 1762 et
533 1699 672 1777 proxime
686 1701 830 1775 Europae
849 1699 987 1761 tenuisse
1000 1698 1195 1760 Antiochum.
1219 1757 1222 1761 ,

219 1803 255 1848 ea
270 1795 384 1863 quanta
398 1787 482 1861 regio
498 1785 584 1847 orbis
596 1792 742 1847 terrarum
756 1784 810 1857 sit,
826 1800 845 1844 a
859 1783 958 1844 Tauro
972 1789 1075 1844 monte
1088 1783 1118 1841 in
1133 1783 1196 1842 Aess
1273 1825 1298 1867 y,

218 1886 326 1947 gaeum
340 1886 441 1946 usque
455 1870 630 1946 prominens
644 1884 743 1943 mare,
759 1874 835 1943 quot
847 1883 909 1928 non
924 1868 1016 1928 nrbes
1030 1866 1120 1927 modo
1135 1866 1195 1925 sed
1297 1873 1299 1880 ’

218 1961 324 2031 gentes
339 1955 553 2030 amplectatur,
571 1968 678 2016 omnes
692 1953 781 2015 scire.
814 1952 894 2014 hanc
907 1947 1062 2028 regionem
1075 1949 1195 2011 dierum

218 2041 288 2115 plus
308 2038 430 2113 triginta
449 2038 481 2097 in
501 2037 734 2114 longitudinem,
757 2036 864 2098 decem
886 2035 966 2097 iuter
981 2038 1041 2096 duo
1055 2034 1151 2094 maria
1165 2033 1198 2093 in
1220 2078 1222 2081 .
1289 2060 1299 2119 4

218 2121 405 2187 latitudinem
426 2127 578 2198 patentem
599 2137 701 2198 usque
721 2122 761 2181 ad
775 2120 865 2181 Tauri
878 2121 990 2182 montis
1000 2119 1076 2193 iuga
1089 2119 1197 2179 Antio·

186 2230 191 2238 r
219 2206 276 2268 cho
293 2207 481 2282 ademptam,
503 2208 634 2281 expulso
649 2206 679 2265 in
695 2205 830 2268 nldmum
845 2206 988 2279 angulum
1003 2200 1087 2264 orbis
1102 2207 1197 2262 terra·

218 2294 293 2351 rum.
315 2290 403 2366 qnid,
418 2289 446 2350 si
460 2291 590 2365 gratuita
604 2306 665 2365 pax
684 2295 782 2365 esset,
803 2291 873 2364 plus
887 2287 979 2348 adimi
994 2286 1022 2346 ei
1036 2286 1198 2362 potuisset

219 2374 359 2451 Philippo
379 2374 461 2435 victo
475 2373 701 2448 Macedoniam,
723 2372 831 2433 Nabidi
845 2371 1106 2435 Lacedaemonem
1128 2370 1197 2430 reli-

220 2465 307 2532 ctam,
324 2473 381 2518 nec
396 2457 535 2532 Quinctio
552 2457 663 2517 crimen
677 2456 863 2533 quaesitum=
885 2470 947 2517 non
958 2452 1038 2521 enim
1048 2454 1198 2515 habuisse
1293 2508 1299 2522 .

220 2555 289 2599 cum
309 2541 487 2619 Africanum
513 2542 648 2600 tratrem:
683 2540 774 2611 cuius,
790 2540 887 2616 gloria
906 2539 1058 2615 prodesse
1077 2539 1110 2597 L.
1131 2537 1196 2598 Sci-

219 2622 302 2697 pioni
317 2621 491 2694 debuisset,
515 2621 660 2682 invidiam
675 2623 830 2684 nocuisse.
858 2630 972 2684 tantum
987 2623 1052 2683 anri
1067 2621 1196 2697 amenti-

218 2720 278 2785 que
292 2705 457 2766 iudicatum
472 2719 543 2766 esse
559 2705 588 2766 in
604 2708 730 2767 domum
740 2708 774 2766 L.
791 2705 945 2782 Scipionis
960 2705 1084 2780 illatum,
1100 2721 1189 2781 quan

218 2796 280 2850 tum
294 2786 426 2850 venditis
442 2790 582 2852 omnibus
594 2791 684 2852 bonis
695 2790 792 2865 redigi
804 2806 864 2850 non
876 2796 994 2866 posset.
1014 2789 1047 2849 id
1058 2788 1110 2849 uhi
1122 2804 1197 2863 ergo

200 2884 203 2889 ’
219 2888 290 2935 esse
300 2872 418 2950 regium
430 2890 546 2950 aurum,
560 2875 611 2935 ubi
622 2882 667 2937 tot
677 2874 861 2936 hereditates
873 2880 1038 2949 acceptas?
1050 2873 1082 2933 in
1094 2872 1196 2946 domo,

214 2973 312 3030 ¹quam
332 2967 472 3034 sumptus
492 2974 553 3021 non
568 2958 779 3033 exlrauserint,
799 2967 921 3019 exstare
935 2957 1083 3035 debuisse
1094 2971 1198 3017 nouae

215 3037 358 3101 ‘fortunae
374 3041 535 3102 cumulum.
556 3050 586 3104 at
599 3044 680 3102 anim
691 3042 775 3120 quod
787 3057 825 3102 ex
838 3042 928 3104 bonis
939 3040 1038 3116 redigi
1050 3057 1111 3102 non
1123 3056 1196 3115 pos·

182 3146 184 3149 ·
220 3122 266 3196 sit,
282 3139 322 3183 ex
337 3140 467 3201 corpora
483 3132 513 3185 et
527 3132 612 3200 tergo
626 3142 686 3201 per
699 3126 892 3187 uexationem
907 3134 937 3188 et
952 3124 1150 3186 contumelias
1162 3124 1195 3183 L.
1292 3124 1299 3163 ’ν

220 3204 374 3282 Scipionis
389 3208 538 3284 petituros
552 3207 703 3285 inimicos,
718 3210 794 3271 utin
810 3226 935 3272 carcere
948 3208 1028 3279 inter
1041 3209 1126 3270 iures
1141 3223 1194 3267 no·
1260 3232 1262 3235 ·
1296 3278 1299 3285 .

220 3296 344 3351 sturnos
359 3298 390 3351 et
403 3292 537 3355 latrones
548 3292 595 3352 vir
606 3293 794 3354 clarissimus
805 3293 985 3368 includatur,
1001 3294 1072 3354 etin
1084 3292 1195 3353 robore

220 3383 249 3435 et
263 3372 395 3436 tenebris
411 3376 555 3450 exspiret,
573 3376 684 3437 deinde
698 3379 798 3438 nudus
814 3384 885 3438 ante
895 3393 1055 3449 carcerem
1064 3371 1193 3451 proicia-

220 3461 275 3516 tur.
297 3474 358 3518 non
372 3458 404 3519 id
419 3458 576 3519 Corneliae
593 3460 689 3535 magis
705 3461 835 3521 familiae
850 3477 942 3537 quam
956 3460 1024 3521 urbi
1038 3461 1193 3520 Romanae
