<?xml version="1.0" encoding="UTF-8"?>
<!DOCTYPE html PUBLIC "-//W3C//DTD XHTML 1.0 Transitional//EN"
    "http://www.w3.org/TR/xhtml1/DTD/xhtml1-transitional.dtd">
<html xmlns="http://www.w3.org/1999/xhtml" xml:lang="en" lang="en">
 <head>
  <title>
</title>
<meta http-equiv="Content-Type" content="text/html;charset=utf-8" />
  <meta name='ocr-system' content='tesseract 3.04.00' />
  <meta name='ocr-capabilities' content='ocr_page ocr_carea ocr_par ocr_line ocrx_word'/>
</head>
<body>
  <div class='ocr_page' id='page_1' title='image "./aburbeconditali00mlgoog_0218.png"; bbox 0 0 2600 4000; ppageno 0'>
   <div class='ocr_carea' id='block_1_1' title="bbox 193 206 1031 281">
    <p class='ocr_par' dir='ltr' id='par_1_1' title="bbox 193 206 1031 281">
     <span class='ocr_line' id='line_1_1' title="bbox 193 206 1031 281; baseline -0.011 -3"><span class='ocrx_word' id='word_1_1' title='bbox 193 212 254 278; x_wconf 82' lang='grc'><strong>174</strong></span> <span class='ocrx_word' id='word_1_2' title='bbox 332 209 446 271; x_wconf 84' lang='lat' dir='ltr'>LIBER</span> <span class='ocrx_word' id='word_1_3' title='bbox 461 207 596 268; x_wconf 85' lang='lat' dir='ltr'><strong>XXXIV.</strong></span> <span class='ocrx_word' id='word_1_4' title='bbox 617 206 699 267; x_wconf 80' lang='lat' dir='ltr'><strong>CAP.</strong></span> <span class='ocrx_word' id='word_1_5' title='bbox 714 213 758 270; x_wconf 82' lang='lat' dir='ltr'><strong>et.</strong></span> <span class='ocrx_word' id='word_1_6' title='bbox 770 213 814 270; x_wconf 70' lang='lat'><strong>62.</strong></span> <span class='ocrx_word' id='word_1_7' title='bbox 837 212 872 280; x_wconf 82' lang='lat' dir='ltr'><strong>[a.</strong></span> <span class='ocrx_word' id='word_1_8' title='bbox 884 210 919 264; x_wconf 88' lang='lat' dir='ltr'><strong>U.</strong></span> <span class='ocrx_word' id='word_1_9' title='bbox 933 228 956 264; x_wconf 87' lang='lat' dir='ltr'><strong>c.</strong></span> <span class='ocrx_word' id='word_1_10' title='bbox 968 210 1031 281; x_wconf 77' lang='lat'><strong>559]</strong></span> 
     </span>
    </p>
   </div>
   <div class='ocr_carea' id='block_1_2' title="bbox 190 358 1181 613">
    <p class='ocr_par' dir='ltr' id='par_1_2' title="bbox 190 358 1181 613">
     <span class='ocr_line' id='line_1_2' title="bbox 191 358 1176 437; baseline -0.004 -9"><span class='ocrx_word' id='word_1_11' title='bbox 191 365 259 428; x_wconf 89' lang='lat' dir='ltr'><strong>silio</strong></span> <span class='ocrx_word' id='word_1_12' title='bbox 279 360 474 437; x_wconf 80' lang='lat' dir='ltr'><strong>Hannibalis,</strong></span> <span class='ocrx_word' id='word_1_13' title='bbox 499 359 526 421; x_wconf 91' lang='lat' dir='ltr'><strong>si</strong></span> <span class='ocrx_word' id='word_1_14' title='bbox 548 359 661 420; x_wconf 82' lang='lat' dir='ltr'><strong>absens</strong></span> <span class='ocrx_word' id='word_1_15' title='bbox 686 374 812 435; x_wconf 91' lang='lat' dir='ltr'><strong>quoque</strong></span> <span class='ocrx_word' id='word_1_16' title='bbox 832 374 932 420; x_wconf 84' lang='lat' dir='ltr'><strong>novas</strong></span> <span class='ocrx_word' id='word_1_17' title='bbox 950 358 1048 420; x_wconf 91' lang='lat' dir='ltr'><strong>moliri</strong></span> <span class='ocrx_word' id='word_1_18' title='bbox 1069 375 1121 421; x_wconf 88' lang='lat' dir='ltr'><strong>res</strong></span> <span class='ocrx_word' id='word_1_19' title='bbox 1142 369 1176 424; x_wconf 90' lang='lat' dir='ltr'><strong>et</strong></span> 
     </span>
     <span class='ocr_line' id='line_1_3' title="bbox 190 442 1175 513; baseline -0.005 -1"><span class='ocrx_word' id='word_1_20' title='bbox 190 447 384 513; x_wconf 88' lang='lat' dir='ltr'><strong>sollicitando</strong></span> <span class='ocrx_word' id='word_1_21' title='bbox 411 445 530 505; x_wconf 90' lang='lat' dir='ltr'><strong>animos</strong></span> <span class='ocrx_word' id='word_1_22' title='bbox 559 442 715 505; x_wconf 92' lang='lat' dir='ltr'><strong>hominum</strong></span> <span class='ocrx_word' id='word_1_23' title='bbox 746 442 870 504; x_wconf 90' lang='lat' dir='ltr'><strong>turbare</strong></span> <span class='ocrx_word' id='word_1_24' title='bbox 898 449 1009 504; x_wconf 90' lang='lat' dir='ltr'><strong>statum</strong></span> <span class='ocrx_word' id='word_1_25' title='bbox 1041 442 1175 507; x_wconf 81' lang='lat' dir='ltr'><strong>civitatis</strong></span> 
     </span>
     <span class='ocr_line' id='line_1_4' title="bbox 192 526 1181 613; baseline -0.005 -17"><span class='ocrx_word' id='word_1_26' title='bbox 192 540 308 613; x_wconf 89' lang='lat' dir='ltr'><strong>posset.</strong></span> <span class='ocrx_word' id='word_1_27' title='bbox 340 529 516 592; x_wconf 81' lang='lat' dir='ltr'><strong>Aristonem</strong></span> <span class='ocrx_word' id='word_1_28' title='bbox 538 526 706 603; x_wconf 84' lang='lat' dir='ltr'><strong>quendam,</strong></span> <span class='ocrx_word' id='word_1_29' title='bbox 727 526 852 606; x_wconf 81' lang='lat' dir='ltr'><strong>Tyrium</strong></span> <span class='ocrx_word' id='word_1_30' title='bbox 872 526 1038 602; x_wconf 87' lang='lat' dir='ltr'><strong>advenam,</strong></span> <span class='ocrx_word' id='word_1_31' title='bbox 1058 526 1181 602; x_wconf 66' lang='lat' dir='ltr'><strong>instru2</strong></span> 
     </span>
    </p>
   </div>
   <div class='ocr_carea' id='block_1_3' title="bbox 191 610 1294 773">
    <p class='ocr_par' dir='ltr' id='par_1_3' title="bbox 191 610 1294 773">
     <span class='ocr_line' id='line_1_5' title="bbox 191 610 1294 693; baseline -0.011 -13"><span class='ocrx_word' id='word_1_32' title='bbox 191 626 272 680; x_wconf 88' lang='lat' dir='ltr'><strong>etum</strong></span> <span class='ocrx_word' id='word_1_33' title='bbox 295 614 447 675; x_wconf 86' lang='lat' dir='ltr'><strong>mandatis</strong></span> <span class='ocrx_word' id='word_1_34' title='bbox 469 612 508 673; x_wconf 89' lang='lat' dir='ltr'><strong>ab</strong></span> <span class='ocrx_word' id='word_1_35' title='bbox 527 610 698 672; x_wconf 80' lang='lat' dir='ltr'><strong>Hannibale</strong></span> <span class='ocrx_word' id='word_1_36' title='bbox 718 617 749 672; x_wconf 88' lang='lat' dir='ltr'><strong>et</strong></span> <span class='ocrx_word' id='word_1_37' title='bbox 767 625 841 687; x_wconf 82' lang='lat' dir='ltr'><strong>rege</strong></span> <span class='ocrx_word' id='word_1_38' title='bbox 860 610 1014 672; x_wconf 83' lang='lat' dir='ltr'><strong>Antiocho</strong></span> <span class='ocrx_word' id='word_1_39' title='bbox 1037 611 1174 687; x_wconf 86' lang='lat' dir='ltr'><strong>venisse,</strong></span> <span class='ocrx_word' id='word_1_40' title='bbox 1292 646 1294 693; x_wconf 68' lang='lat'><strong>,</strong></span> 
     </span>
     <span class='ocr_line' id='line_1_6' title="bbox 192 694 1294 773; baseline -0.012 -9"><span class='ocrx_word' id='word_1_41' title='bbox 192 708 293 764; x_wconf 88' lang='lat' dir='ltr'><strong>certos</strong></span> <span class='ocrx_word' id='word_1_42' title='bbox 307 697 447 760; x_wconf 91' lang='lat' dir='ltr'><strong>homines</strong></span> <span class='ocrx_word' id='word_1_43' title='bbox 462 694 599 773; x_wconf 90' lang='lat' dir='ltr'><strong>quotidie</strong></span> <span class='ocrx_word' id='word_1_44' title='bbox 611 710 681 756; x_wconf 91' lang='lat' dir='ltr'><strong>eum</strong></span> <span class='ocrx_word' id='word_1_45' title='bbox 695 709 734 755; x_wconf 88' lang='lat' dir='ltr'><strong>ee</strong></span> <span class='ocrx_word' id='word_1_46' title='bbox 748 700 869 757; x_wconf 86' lang='lat' dir='ltr'><strong>secreta</strong></span> <span class='ocrx_word' id='word_1_47' title='bbox 883 694 1038 770; x_wconf 88' lang='lat' dir='ltr'><strong>colloquia</strong></span> <span class='ocrx_word' id='word_1_48' title='bbox 1048 709 1175 763; x_wconf 77' lang='lat' dir='ltr'><strong>serere;</strong></span> <span class='ocrx_word' id='word_1_49' title='bbox 1292 700 1294 729; x_wconf 72' lang='lat'><strong>²</strong></span> 
     </span>
    </p>
   </div>
   <div class='ocr_carea' id='block_1_4' title="bbox 191 777 1176 1106">
    <p class='ocr_par' dir='ltr' id='par_1_4' title="bbox 191 777 1176 1106">
     <span class='ocr_line' id='line_1_7' title="bbox 191 777 1175 857; baseline -0.007 -10"><span class='ocrx_word' id='word_1_50' title='bbox 191 787 221 847; x_wconf 90' lang='lat' dir='ltr'><strong>in</strong></span> <span class='ocrx_word' id='word_1_51' title='bbox 237 784 357 847; x_wconf 90' lang='lat' dir='ltr'><strong>occulto</strong></span> <span class='ocrx_word' id='word_1_52' title='bbox 378 779 471 856; x_wconf 88' lang='lat' dir='ltr'><strong>coqui</strong></span> <span class='ocrx_word' id='word_1_53' title='bbox 486 779 570 857; x_wconf 93' lang='lat' dir='ltr'><strong>quod</strong></span> <span class='ocrx_word' id='word_1_54' title='bbox 583 794 657 839; x_wconf 83' lang='lat' dir='ltr'><strong>nrox</strong></span> <span class='ocrx_word' id='word_1_55' title='bbox 671 778 702 839; x_wconf 93' lang='lat' dir='ltr'><strong>in</strong></span> <span class='ocrx_word' id='word_1_56' title='bbox 717 777 850 840; x_wconf 90' lang='lat' dir='ltr'><strong>omnium</strong></span> <span class='ocrx_word' id='word_1_57' title='bbox 865 777 1031 854; x_wconf 87' lang='lat' dir='ltr'><strong>pernicicm</strong></span> <span class='ocrx_word' id='word_1_58' title='bbox 1048 786 1175 854; x_wconf 89' lang='lat' dir='ltr'><strong>eruptu-</strong></span> 
     </span>
     <span class='ocr_line' id='line_1_8' title="bbox 191 861 1176 937; baseline -0.009 -6"><span class='ocrx_word' id='word_1_59' title='bbox 191 886 257 931; x_wconf 89' lang='lat' dir='ltr'><strong>rum</strong></span> <span class='ocrx_word' id='word_1_60' title='bbox 278 873 371 928; x_wconf 87' lang='lat' dir='ltr'><strong>esset</strong></span> <span class='ocrx_word' id='word_1_61' title='bbox 405 865 598 926; x_wconf 91' lang='lat' dir='ltr'><strong>conclamare</strong></span> <span class='ocrx_word' id='word_1_62' title='bbox 612 877 721 925; x_wconf 90' lang='lat' dir='ltr'><strong>omnes</strong></span> <span class='ocrx_word' id='word_1_63' title='bbox 735 862 840 924; x_wconf 83' lang='lat' dir='ltr'><strong>vocari</strong></span> <span class='ocrx_word' id='word_1_64' title='bbox 857 861 1034 924; x_wconf 84' lang='lat' dir='ltr'><strong>Aristonem</strong></span> <span class='ocrx_word' id='word_1_65' title='bbox 1049 862 1176 937; x_wconf 87' lang='lat' dir='ltr'><strong>debere,</strong></span> 
     </span>
     <span class='ocr_line' id='line_1_9' title="bbox 192 944 1175 1029; baseline -0.009 -13"><span class='ocrx_word' id='word_1_66' title='bbox 192 962 222 1016; x_wconf 91' lang='lat' dir='ltr'><strong>et</strong></span> <span class='ocrx_word' id='word_1_67' title='bbox 236 950 342 1029; x_wconf 89' lang='lat' dir='ltr'><strong>quaeri</strong></span> <span class='ocrx_word' id='word_1_68' title='bbox 363 948 438 1025; x_wconf 90' lang='lat' dir='ltr'><strong>quid</strong></span> <span class='ocrx_word' id='word_1_69' title='bbox 458 947 610 1021; x_wconf 88' lang='lat' dir='ltr'><strong>venisset,</strong></span> <span class='ocrx_word' id='word_1_70' title='bbox 631 953 663 1007; x_wconf 88' lang='lat' dir='ltr'><strong>et</strong></span> <span class='ocrx_word' id='word_1_71' title='bbox 675 945 734 1008; x_wconf 90' lang='lat' dir='ltr'><strong>nisi</strong></span> <span class='ocrx_word' id='word_1_72' title='bbox 747 953 957 1022; x_wconf 84' lang='lat' dir='ltr'><strong>expromeret,</strong></span> <span class='ocrx_word' id='word_1_73' title='bbox 980 961 1049 1007; x_wconf 91' lang='lat' dir='ltr'><strong>cum</strong></span> <span class='ocrx_word' id='word_1_74' title='bbox 1064 944 1175 1022; x_wconf 87' lang='lat' dir='ltr'><strong>legatis</strong></span> 
     </span>
     <span class='ocr_line' id='line_1_10' title="bbox 193 1029 1176 1106; baseline -0.012 -6"><span class='ocrx_word' id='word_1_75' title='bbox 193 1039 319 1101; x_wconf 86' lang='lat' dir='ltr'><strong>Romam</strong></span> <span class='ocrx_word' id='word_1_76' title='bbox 336 1032 420 1094; x_wconf 90' lang='lat' dir='ltr'><strong>mitti.</strong></span> <span class='ocrx_word' id='word_1_77' title='bbox 457 1031 533 1092; x_wconf 88' lang='lat' dir='ltr'><strong>satis</strong></span> <span class='ocrx_word' id='word_1_78' title='bbox 548 1046 605 1106; x_wconf 91' lang='lat' dir='ltr'><strong>pro</strong></span> <span class='ocrx_word' id='word_1_79' title='bbox 620 1030 787 1092; x_wconf 78' lang='lat' dir='ltr'><strong>temeritate</strong></span> <span class='ocrx_word' id='word_1_80' title='bbox 800 1030 891 1092; x_wconf 91' lang='lat' dir='ltr'><strong>unius</strong></span> <span class='ocrx_word' id='word_1_81' title='bbox 906 1029 1039 1092; x_wconf 89' lang='lat' dir='ltr'><strong>hominis</strong></span> <span class='ocrx_word' id='word_1_82' title='bbox 1054 1029 1176 1106; x_wconf 88' lang='lat' dir='ltr'><strong>suppli-</strong></span> 
     </span>
    </p>
   </div>
   <div class='ocr_carea' id='block_1_5' title="bbox 195 1113 1294 1193">
    <p class='ocr_par' dir='ltr' id='par_1_5' title="bbox 195 1113 1294 1193">
     <span class='ocr_line' id='line_1_11' title="bbox 195 1113 1294 1193; baseline -0.012 -12"><span class='ocrx_word' id='word_1_83' title='bbox 195 1120 308 1181; x_wconf 85' lang='lat' dir='ltr'><strong>ciorum</strong></span> <span class='ocrx_word' id='word_1_84' title='bbox 328 1130 459 1193; x_wconf 89' lang='lat' dir='ltr'><strong>pensum</strong></span> <span class='ocrx_word' id='word_1_85' title='bbox 479 1130 560 1177; x_wconf 88' lang='lat' dir='ltr'><strong>esse.</strong></span> <span class='ocrx_word' id='word_1_86' title='bbox 594 1113 732 1191; x_wconf 89' lang='lat' dir='ltr'><strong>privatos</strong></span> <span class='ocrx_word' id='word_1_87' title='bbox 747 1129 805 1176; x_wconf 91' lang='lat' dir='ltr'><strong>suo</strong></span> <span class='ocrx_word' id='word_1_88' title='bbox 820 1113 955 1191; x_wconf 91' lang='lat' dir='ltr'><strong>periculo</strong></span> <span class='ocrx_word' id='word_1_89' title='bbox 971 1118 1174 1190; x_wconf 69' lang='lat' dir='ltr'><strong>peccatuross</strong></span> <span class='ocrx_word' id='word_1_90' title='bbox 1292 1144 1294 1187; x_wconf 85' lang='lat'>:</span> 
     </span>
    </p>
   </div>
   <div class='ocr_carea' id='block_1_6' title="bbox 193 1197 1177 1278">
    <p class='ocr_par' dir='ltr' id='par_1_6' title="bbox 193 1197 1177 1278">
     <span class='ocr_line' id='line_1_12' title="bbox 193 1197 1177 1278; baseline -0.004 -14"><span class='ocrx_word' id='word_1_91' title='bbox 193 1219 257 1264; x_wconf 91' lang='lat' dir='ltr'><strong>rem</strong></span> <span class='ocrx_word' id='word_1_92' title='bbox 282 1199 435 1278; x_wconf 81' lang='lat' dir='ltr'><strong>publicam</strong></span> <span class='ocrx_word' id='word_1_93' title='bbox 460 1215 521 1261; x_wconf 91' lang='lat' dir='ltr'><strong>non</strong></span> <span class='ocrx_word' id='word_1_94' title='bbox 543 1204 630 1260; x_wconf 89' lang='lat' dir='ltr'><strong>extra</strong></span> <span class='ocrx_word' id='word_1_95' title='bbox 649 1214 762 1261; x_wconf 84' lang='lat' dir='ltr'><strong>nexam</strong></span> <span class='ocrx_word' id='word_1_96' title='bbox 782 1197 875 1259; x_wconf 89' lang='lat' dir='ltr'><strong>medo</strong></span> <span class='ocrx_word' id='word_1_97' title='bbox 897 1198 1065 1259; x_wconf 89' lang='lat' dir='ltr'><strong>sedetiam</strong></span> <span class='ocrx_word' id='word_1_98' title='bbox 1087 1204 1177 1260; x_wconf 85' lang='lat' dir='ltr'><strong>extra</strong></span> 
     </span>
    </p>
   </div>
   <div class='ocr_carea' id='block_1_7' title="bbox 193 1282 1294 1529">
    <p class='ocr_par' dir='ltr' id='par_1_7' title="bbox 193 1282 1294 1529">
     <span class='ocr_line' id='line_1_13' title="bbox 193 1282 1294 1358; baseline -0.005 -11"><span class='ocrx_word' id='word_1_99' title='bbox 193 1287 304 1347; x_wconf 89' lang='lat' dir='ltr'><strong>lamam</strong></span> <span class='ocrx_word' id='word_1_100' title='bbox 319 1299 421 1346; x_wconf 87' lang='lat' dir='ltr'><strong>noxae</strong></span> <span class='ocrx_word' id='word_1_101' title='bbox 432 1283 766 1345; x_wconf 88' lang='lat' dir='ltr'><strong>conservandamesse.</strong></span> <span class='ocrx_word' id='word_1_102' title='bbox 784 1287 913 1345; x_wconf 91' lang='lat' dir='ltr'><strong>vocatus</strong></span> <span class='ocrx_word' id='word_1_103' title='bbox 924 1282 1029 1343; x_wconf 78' lang='lat' dir='ltr'><strong>Ariste</strong></span> <span class='ocrx_word' id='word_1_104' title='bbox 1041 1297 1176 1358; x_wconf 85' lang='lat' dir='ltr'><strong>purgare</strong></span> <span class='ocrx_word' id='word_1_105' title='bbox 1292 1326 1294 1341; x_wconf 56' lang='lat'>2</span> 
     </span>
     <span class='ocr_line' id='line_1_14' title="bbox 193 1364 1294 1443; baseline -0.008 -11"><span class='ocrx_word' id='word_1_106' title='bbox 193 1384 274 1442; x_wconf 90' lang='lat' dir='ltr'><strong>sese,</strong></span> <span class='ocrx_word' id='word_1_107' title='bbox 289 1374 320 1430; x_wconf 92' lang='lat' dir='ltr'><strong>et</strong></span> <span class='ocrx_word' id='word_1_108' title='bbox 333 1367 509 1429; x_wconf 83' lang='lat' dir='ltr'><strong>firmissime</strong></span> <span class='ocrx_word' id='word_1_109' title='bbox 524 1367 757 1443; x_wconf 89' lang='lat' dir='ltr'><strong>propugnaculo</strong></span> <span class='ocrx_word' id='word_1_110' title='bbox 771 1366 814 1428; x_wconf 90' lang='lat' dir='ltr'><strong>uti</strong></span> <span class='ocrx_word' id='word_1_111' title='bbox 826 1366 911 1443; x_wconf 91' lang='lat' dir='ltr'><strong>quod</strong></span> <span class='ocrx_word' id='word_1_112' title='bbox 922 1365 1088 1429; x_wconf 88' lang='lat' dir='ltr'><strong>litteramm</strong></span> <span class='ocrx_word' id='word_1_113' title='bbox 1100 1364 1175 1425; x_wconf 91' lang='lat' dir='ltr'><strong>nihil</strong></span> <span class='ocrx_word' id='word_1_114' title='bbox 1292 1384 1294 1441; x_wconf 74' lang='grc' dir='ltr'><strong>ς</strong></span> 
     </span>
     <span class='ocr_line' id='line_1_15' title="bbox 193 1451 1294 1529; baseline -0.005 -14"><span class='ocrx_word' id='word_1_115' title='bbox 193 1454 232 1515; x_wconf 90' lang='lat' dir='ltr'><strong>ad</strong></span> <span class='ocrx_word' id='word_1_116' title='bbox 253 1467 437 1529; x_wconf 84' lang='lat' dir='ltr'><strong>quemquam</strong></span> <span class='ocrx_word' id='word_1_117' title='bbox 458 1451 617 1512; x_wconf 79' lang='lat' dir='ltr'><strong>attulisset.</strong></span> <span class='ocrx_word' id='word_1_118' title='bbox 650 1457 784 1512; x_wconf 89' lang='lat' dir='ltr'><strong>ceterum</strong></span> <span class='ocrx_word' id='word_1_119' title='bbox 803 1465 862 1511; x_wconf 91' lang='lat' dir='ltr'><strong>nec</strong></span> <span class='ocrx_word' id='word_1_120' title='bbox 882 1465 1008 1512; x_wconf 89' lang='lat' dir='ltr'><strong>causam</strong></span> <span class='ocrx_word' id='word_1_121' title='bbox 1022 1451 1175 1511; x_wconf 84' lang='lat' dir='ltr'><strong>adventus</strong></span> <span class='ocrx_word' id='word_1_122' title='bbox 1292 1458 1294 1475; x_wconf 82' lang='lat'>‘</span> 
     </span>
    </p>
   </div>
   <div class='ocr_carea' id='block_1_8' title="bbox 192 1533 1177 3461">
    <p class='ocr_par' dir='ltr' id='par_1_8' title="bbox 192 1533 1177 3461">
     <span class='ocr_line' id='line_1_16' title="bbox 195 1533 1176 1613; baseline -0.006 -12"><span class='ocrx_word' id='word_1_123' title='bbox 195 1536 270 1601; x_wconf 90' lang='lat' dir='ltr'><strong>satis</strong></span> <span class='ocrx_word' id='word_1_124' title='bbox 291 1535 490 1613; x_wconf 84' lang='lat' dir='ltr'><strong>expediebat,</strong></span> <span class='ocrx_word' id='word_1_125' title='bbox 510 1542 541 1596; x_wconf 92' lang='lat' dir='ltr'><strong>et</strong></span> <span class='ocrx_word' id='word_1_126' title='bbox 554 1535 584 1595; x_wconf 90' lang='lat' dir='ltr'><strong>in</strong></span> <span class='ocrx_word' id='word_1_127' title='bbox 598 1548 636 1595; x_wconf 88' lang='lat' dir='ltr'><strong>en</strong></span> <span class='ocrx_word' id='word_1_128' title='bbox 651 1534 783 1594; x_wconf 84' lang='lat' dir='ltr'><strong>maxime</strong></span> <span class='ocrx_word' id='word_1_129' title='bbox 796 1533 982 1610; x_wconf 87' lang='lat' dir='ltr'><strong>haesitabat,</strong></span> <span class='ocrx_word' id='word_1_130' title='bbox 1005 1534 1088 1610; x_wconf 90' lang='lat' dir='ltr'><strong>quod</strong></span> <span class='ocrx_word' id='word_1_131' title='bbox 1106 1549 1176 1595; x_wconf 90' lang='lat' dir='ltr'><strong>cum</strong></span> 
     </span>
     <span class='ocr_line' id='line_1_17' title="bbox 192 1616 1174 1684; baseline -0.006 0"><span class='ocrx_word' id='word_1_132' title='bbox 192 1622 342 1684; x_wconf 82' lang='lat' dir='ltr'><strong>Barcinae</strong></span> <span class='ocrx_word' id='word_1_133' title='bbox 364 1621 464 1682; x_wconf 89' lang='lat' dir='ltr'><strong>selum</strong></span> <span class='ocrx_word' id='word_1_134' title='bbox 484 1618 625 1680; x_wconf 82' lang='lat' dir='ltr'><strong>lectionis</strong></span> <span class='ocrx_word' id='word_1_135' title='bbox 645 1616 820 1680; x_wconf 89' lang='lat' dir='ltr'><strong>hominibus</strong></span> <span class='ocrx_word' id='word_1_136' title='bbox 842 1618 1025 1681; x_wconf 91' lang='lat' dir='ltr'><strong>collocutum</strong></span> <span class='ocrx_word' id='word_1_137' title='bbox 1040 1633 1110 1678; x_wconf 89' lang='lat' dir='ltr'><strong>eum</strong></span> <span class='ocrx_word' id='word_1_138' title='bbox 1126 1633 1174 1678; x_wconf 89' lang='lat' dir='ltr'><strong>ar·</strong></span> 
     </span>
     <span class='ocr_line' id='line_1_18' title="bbox 193 1701 1177 1782; baseline -0.003 -17"><span class='ocrx_word' id='word_1_139' title='bbox 193 1705 335 1782; x_wconf 85' lang='lat' dir='ltr'><strong>gucbant.</strong></span> <span class='ocrx_word' id='word_1_140' title='bbox 371 1712 438 1767; x_wconf 86' lang='lat' dir='ltr'><strong>orta</strong></span> <span class='ocrx_word' id='word_1_141' title='bbox 456 1703 528 1764; x_wconf 91' lang='lat' dir='ltr'><strong>inde</strong></span> <span class='ocrx_word' id='word_1_142' title='bbox 548 1703 704 1764; x_wconf 88' lang='lat' dir='ltr'><strong>altercatio</strong></span> <span class='ocrx_word' id='word_1_143' title='bbox 725 1708 787 1776; x_wconf 88' lang='lat' dir='ltr'><strong>est,</strong></span> <span class='ocrx_word' id='word_1_144' title='bbox 813 1701 881 1763; x_wconf 89' lang='lat' dir='ltr'><strong>aliis</strong></span> <span class='ocrx_word' id='word_1_145' title='bbox 903 1719 960 1779; x_wconf 93' lang='lat' dir='ltr'><strong>pro</strong></span> <span class='ocrx_word' id='word_1_146' title='bbox 980 1702 1177 1778; x_wconf 83' lang='lat' dir='ltr'><strong>speculatore</strong></span> 
     </span>
     <span class='ocr_line' id='line_1_19' title="bbox 195 1785 1176 1865; baseline -0.005 -14"><span class='ocrx_word' id='word_1_147' title='bbox 195 1787 413 1865; x_wconf 89' lang='lat' dir='ltr'><strong>comprehendi</strong></span> <span class='ocrx_word' id='word_1_148' title='bbox 427 1788 487 1849; x_wconf 89' lang='lat' dir='ltr'><strong>iam</strong></span> <span class='ocrx_word' id='word_1_149' title='bbox 501 1794 532 1849; x_wconf 88' lang='lat' dir='ltr'><strong>et</strong></span> <span class='ocrx_word' id='word_1_150' title='bbox 545 1786 692 1850; x_wconf 91' lang='lat' dir='ltr'><strong>custodiri</strong></span> <span class='ocrx_word' id='word_1_151' title='bbox 707 1786 891 1863; x_wconf 89' lang='lat' dir='ltr'><strong>iubentibus,</strong></span> <span class='ocrx_word' id='word_1_152' title='bbox 910 1787 977 1848; x_wconf 90' lang='lat' dir='ltr'><strong>aliis</strong></span> <span class='ocrx_word' id='word_1_153' title='bbox 992 1785 1176 1861; x_wconf 81' lang='lat' dir='ltr'><strong>negantibus</strong></span> 
     </span>
     <span class='ocr_line' id='line_1_20' title="bbox 194 1869 1176 1946; baseline -0.003 -13"><span class='ocrx_word' id='word_1_154' title='bbox 194 1871 394 1934; x_wconf 89' lang='lat' dir='ltr'><strong>tumultuandi</strong></span> <span class='ocrx_word' id='word_1_155' title='bbox 409 1886 534 1933; x_wconf 89' lang='lat' dir='ltr'><strong>causam</strong></span> <span class='ocrx_word' id='word_1_156' title='bbox 545 1885 626 1932; x_wconf 92' lang='lat' dir='ltr'><strong>esse.</strong></span> <span class='ocrx_word' id='word_1_157' title='bbox 646 1870 717 1931; x_wconf 87' lang='lat' dir='ltr'><strong>mali</strong></span> <span class='ocrx_word' id='word_1_158' title='bbox 727 1885 791 1931; x_wconf 90' lang='lat' dir='ltr'><strong>rem</strong></span> <span class='ocrx_word' id='word_1_159' title='bbox 802 1870 934 1946; x_wconf 85' lang='lat' dir='ltr'><strong>exempli</strong></span> <span class='ocrx_word' id='word_1_160' title='bbox 947 1885 1019 1933; x_wconf 91' lang='lat' dir='ltr'><strong>esse</strong></span> <span class='ocrx_word' id='word_1_161' title='bbox 1030 1870 1069 1930; x_wconf 90' lang='lat' dir='ltr'><strong>de</strong></span> <span class='ocrx_word' id='word_1_162' title='bbox 1080 1869 1176 1930; x_wconf 90' lang='lat' dir='ltr'><strong>nihilo</strong></span> 
     </span>
     <span class='ocr_line' id='line_1_21' title="bbox 194 1952 1176 2035; baseline -0.001 -18"><span class='ocrx_word' id='word_1_163' title='bbox 194 1956 334 2032; x_wconf 86' lang='lat' dir='ltr'><strong>hospites</strong></span> <span class='ocrx_word' id='word_1_164' title='bbox 349 1954 472 2032; x_wconf 85' lang='lat' dir='ltr'><strong>corripi.</strong></span> <span class='ocrx_word' id='word_1_165' title='bbox 493 1953 574 2018; x_wconf 89' lang='lat' dir='ltr'><strong>idem</strong></span> <span class='ocrx_word' id='word_1_166' title='bbox 587 1953 885 2032; x_wconf 85' lang='lat' dir='ltr'><strong>carthaginiensibus</strong></span> <span class='ocrx_word' id='word_1_167' title='bbox 900 1955 1012 2035; x_wconf 69' lang='lat' dir='ltr'><strong>etthri</strong></span> <span class='ocrx_word' id='word_1_168' title='bbox 1023 1954 1094 2017; x_wconf 92' lang='lat' dir='ltr'><strong>etin</strong></span> <span class='ocrx_word' id='word_1_169' title='bbox 1107 1952 1176 2016; x_wconf 87' lang='lat' dir='ltr'><strong>aliis</strong></span> 
     </span>
     <span class='ocr_line' id='line_1_22' title="bbox 195 2039 1176 2116; baseline -0.002 -16"><span class='ocrx_word' id='word_1_170' title='bbox 195 2039 350 2116; x_wconf 87' lang='lat' dir='ltr'><strong>emporiis,</strong></span> <span class='ocrx_word' id='word_1_171' title='bbox 364 2039 395 2100; x_wconf 88' lang='lat' dir='ltr'><strong>in</strong></span> <span class='ocrx_word' id='word_1_172' title='bbox 408 2056 488 2115; x_wconf 86' lang='lat' dir='ltr'><strong>quae</strong></span> <span class='ocrx_word' id='word_1_173' title='bbox 497 2041 674 2116; x_wconf 82' lang='lat' dir='ltr'><strong>frequenter</strong></span> <span class='ocrx_word' id='word_1_174' title='bbox 684 2048 864 2115; x_wconf 78' lang='lat' dir='ltr'><strong>commeant,</strong></span> <span class='ocrx_word' id='word_1_175' title='bbox 876 2046 1065 2102; x_wconf 90' lang='lat' dir='ltr'><strong>eventurum.</strong></span> <span class='ocrx_word' id='word_1_176' title='bbox 1081 2039 1176 2099; x_wconf 87' lang='lat' dir='ltr'><strong>dilata</strong></span> 
     </span>
     <span class='ocr_line' id='line_1_23' title="bbox 195 2122 1175 2200; baseline 0 -16"><span class='ocrx_word' id='word_1_177' title='bbox 195 2139 232 2186; x_wconf 91' lang='lat' dir='ltr'><strong>eo</strong></span> <span class='ocrx_word' id='word_1_178' title='bbox 248 2125 299 2186; x_wconf 91' lang='lat' dir='ltr'><strong>die</strong></span> <span class='ocrx_word' id='word_1_179' title='bbox 317 2140 369 2186; x_wconf 90' lang='lat' dir='ltr'><strong>res</strong></span> <span class='ocrx_word' id='word_1_180' title='bbox 384 2131 440 2187; x_wconf 89' lang='lat' dir='ltr'><strong>est.</strong></span> <span class='ocrx_word' id='word_1_181' title='bbox 473 2124 576 2187; x_wconf 87' lang='lat' dir='ltr'><strong>Ariste</strong></span> <span class='ocrx_word' id='word_1_182' title='bbox 590 2124 705 2187; x_wconf 84' lang='lat' dir='ltr'><strong>Punico</strong></span> <span class='ocrx_word' id='word_1_183' title='bbox 725 2123 847 2200; x_wconf 88' lang='lat' dir='ltr'><strong>ingenio</strong></span> <span class='ocrx_word' id='word_1_184' title='bbox 870 2124 948 2185; x_wconf 91' lang='lat' dir='ltr'><strong>inter</strong></span> <span class='ocrx_word' id='word_1_185' title='bbox 959 2122 1082 2185; x_wconf 89' lang='lat' dir='ltr'><strong>Poenos</strong></span> <span class='ocrx_word' id='word_1_186' title='bbox 1096 2138 1175 2184; x_wconf 92' lang='lat' dir='ltr'><strong>usus</strong></span> 
     </span>
     <span class='ocr_line' id='line_1_24' title="bbox 194 2207 1175 2285; baseline -0.003 -14"><span class='ocrx_word' id='word_1_187' title='bbox 194 2210 322 2271; x_wconf 88' lang='lat' dir='ltr'><strong>tabellas</strong></span> <span class='ocrx_word' id='word_1_188' title='bbox 337 2208 528 2285; x_wconf 89' lang='lat' dir='ltr'><strong>conscriptas</strong></span> <span class='ocrx_word' id='word_1_189' title='bbox 547 2209 745 2272; x_wconf 85' lang='lat' dir='ltr'><strong>celeberrimo</strong></span> <span class='ocrx_word' id='word_1_190' title='bbox 759 2209 829 2270; x_wconf 91' lang='lat' dir='ltr'><strong>loco</strong></span> <span class='ocrx_word' id='word_1_191' title='bbox 844 2224 939 2285; x_wconf 90' lang='lat' dir='ltr'><strong>super</strong></span> <span class='ocrx_word' id='word_1_192' title='bbox 953 2207 1059 2268; x_wconf 91' lang='lat' dir='ltr'><strong>sedem</strong></span> <span class='ocrx_word' id='word_1_193' title='bbox 1075 2207 1175 2284; x_wconf 90' lang='lat' dir='ltr'><strong>quoti·</strong></span> 
     </span>
     <span class='ocr_line' id='line_1_25' title="bbox 195 2291 1177 2369; baseline -0.002 -16"><span class='ocrx_word' id='word_1_194' title='bbox 195 2292 316 2354; x_wconf 90' lang='lat' dir='ltr'><strong>dianam</strong></span> <span class='ocrx_word' id='word_1_195' title='bbox 337 2294 566 2369; x_wconf 75' lang='lat' dir='ltr'><strong>magistratuum</strong></span> <span class='ocrx_word' id='word_1_196' title='bbox 587 2293 687 2369; x_wconf 90' lang='lat' dir='ltr'><strong>prima</strong></span> <span class='ocrx_word' id='word_1_197' title='bbox 706 2308 839 2368; x_wconf 90' lang='lat' dir='ltr'><strong>vespera</strong></span> <span class='ocrx_word' id='word_1_198' title='bbox 853 2291 1030 2369; x_wconf 85' lang='lat' dir='ltr'><strong>suspendit,</strong></span> <span class='ocrx_word' id='word_1_199' title='bbox 1051 2292 1121 2367; x_wconf 91' lang='lat' dir='ltr'><strong>ipse</strong></span> <span class='ocrx_word' id='word_1_200' title='bbox 1137 2291 1177 2351; x_wconf 91' lang='lat' dir='ltr'><strong>de</strong></span> 
     </span>
     <span class='ocr_line' id='line_1_26' title="bbox 196 2374 1177 2453; baseline -0.003 -16"><span class='ocrx_word' id='word_1_201' title='bbox 196 2378 283 2439; x_wconf 79' lang='lat' dir='ltr'><strong>tertia</strong></span> <span class='ocrx_word' id='word_1_202' title='bbox 301 2377 406 2452; x_wconf 85' lang='lat' dir='ltr'><strong>vigilia</strong></span> <span class='ocrx_word' id='word_1_203' title='bbox 424 2390 533 2436; x_wconf 91' lang='lat' dir='ltr'><strong>navem</strong></span> <span class='ocrx_word' id='word_1_204' title='bbox 555 2375 736 2437; x_wconf 86' lang='lat' dir='ltr'><strong>conscendit</strong></span> <span class='ocrx_word' id='word_1_205' title='bbox 755 2382 785 2436; x_wconf 88' lang='lat' dir='ltr'><strong>ct</strong></span> <span class='ocrx_word' id='word_1_206' title='bbox 804 2377 947 2453; x_wconf 78' lang='lat' dir='ltr'><strong>profugit.</strong></span> <span class='ocrx_word' id='word_1_207' title='bbox 979 2381 1106 2451; x_wconf 87' lang='lat' dir='ltr'><strong>postero</strong></span> <span class='ocrx_word' id='word_1_208' title='bbox 1125 2374 1177 2435; x_wconf 86' lang='lat' dir='ltr'><strong>die</strong></span> 
     </span>
     <span class='ocr_line' id='line_1_27' title="bbox 197 2457 1176 2536; baseline -0.003 -16"><span class='ocrx_word' id='word_1_209' title='bbox 197 2476 265 2520; x_wconf 86' lang='lat' dir='ltr'><strong>cum</strong></span> <span class='ocrx_word' id='word_1_210' title='bbox 286 2460 402 2520; x_wconf 80' lang='lat' dir='ltr'><strong>sufetes</strong></span> <span class='ocrx_word' id='word_1_211' title='bbox 424 2457 532 2518; x_wconf 89' lang='lat' dir='ltr'><strong>adius</strong></span> <span class='ocrx_word' id='word_1_212' title='bbox 553 2458 716 2519; x_wconf 87' lang='lat' dir='ltr'><strong>dicendum</strong></span> <span class='ocrx_word' id='word_1_213' title='bbox 738 2460 965 2536; x_wconf 87' lang='lat' dir='ltr'><strong>consedissent,</strong></span> <span class='ocrx_word' id='word_1_214' title='bbox 988 2464 1176 2536; x_wconf 88' lang='lat' dir='ltr'><strong>conspectae</strong></span> 
     </span>
     <span class='ocr_line' id='line_1_28' title="bbox 195 2540 1175 2620; baseline -0.002 -17"><span class='ocrx_word' id='word_1_215' title='bbox 195 2541 324 2603; x_wconf 88' lang='lat' dir='ltr'><strong>tabellae</strong></span> <span class='ocrx_word' id='word_1_216' title='bbox 344 2540 549 2615; x_wconf 89' lang='lat' dir='ltr'><strong>demptaeque</strong></span> <span class='ocrx_word' id='word_1_217' title='bbox 568 2548 599 2601; x_wconf 93' lang='lat' dir='ltr'><strong>et</strong></span> <span class='ocrx_word' id='word_1_218' title='bbox 617 2543 724 2603; x_wconf 87' lang='lat' dir='ltr'><strong>lectae.</strong></span> <span class='ocrx_word' id='word_1_219' title='bbox 761 2543 907 2620; x_wconf 89' lang='lat' dir='ltr'><strong>scriptum</strong></span> <span class='ocrx_word' id='word_1_220' title='bbox 922 2549 987 2605; x_wconf 88' lang='lat' dir='ltr'><strong>erat</strong></span> <span class='ocrx_word' id='word_1_221' title='bbox 1000 2542 1175 2605; x_wconf 74' lang='lat' dir='ltr'><strong>Aristonem</strong></span> 
     </span>
     <span class='ocr_line' id='line_1_29' title="bbox 196 2621 1175 2701; baseline 0.001 -17"><span class='ocrx_word' id='word_1_222' title='bbox 196 2623 335 2701; x_wconf 86' lang='lat' dir='ltr'><strong>privatim</strong></span> <span class='ocrx_word' id='word_1_223' title='bbox 351 2624 390 2684; x_wconf 91' lang='lat' dir='ltr'><strong>ad</strong></span> <span class='ocrx_word' id='word_1_224' title='bbox 405 2621 564 2698; x_wconf 89' lang='lat' dir='ltr'><strong>neminem,</strong></span> <span class='ocrx_word' id='word_1_225' title='bbox 580 2624 703 2699; x_wconf 87' lang='lat' dir='ltr'><strong>publice</strong></span> <span class='ocrx_word' id='word_1_226' title='bbox 716 2626 756 2686; x_wconf 90' lang='lat' dir='ltr'><strong>ad</strong></span> <span class='ocrx_word' id='word_1_227' title='bbox 772 2627 911 2689; x_wconf 90' lang='lat' dir='ltr'><strong>seniores</strong></span> <span class='ocrx_word' id='word_1_228' title='bbox 925 2626 1021 2689; x_wconf 91' lang='lat' dir='ltr'><strong>-ita</strong></span> <span class='ocrx_word' id='word_1_229' title='bbox 1034 2634 1175 2689; x_wconf 91' lang='lat' dir='ltr'><strong>senatum</strong></span> 
     </span>
     <span class='ocr_line' id='line_1_30' title="bbox 195 2707 1175 2786; baseline 0 -17"><span class='ocrx_word' id='word_1_230' title='bbox 195 2707 552 2769; x_wconf 80' lang='lat' dir='ltr'><strong>uocabant-mandata</strong></span> <span class='ocrx_word' id='word_1_231' title='bbox 572 2708 728 2771; x_wconf 89' lang='lat' dir='ltr'><strong>habuisse.</strong></span> <span class='ocrx_word' id='word_1_232' title='bbox 760 2711 916 2786; x_wconf 85' lang='lat' dir='ltr'><strong>publicato</strong></span> <span class='ocrx_word' id='word_1_233' title='bbox 935 2711 1060 2773; x_wconf 86' lang='lat' dir='ltr'><strong>crimine</strong></span> <span class='ocrx_word' id='word_1_234' title='bbox 1073 2709 1175 2771; x_wconf 90' lang='lat' dir='ltr'><strong>minus</strong></span> 
     </span>
     <span class='ocr_line' id='line_1_31' title="bbox 195 2790 1172 2871; baseline 0.006 -23"><span class='ocrx_word' id='word_1_235' title='bbox 195 2792 308 2854; x_wconf 83' lang='lat' dir='ltr'><strong>intenta</strong></span> <span class='ocrx_word' id='word_1_236' title='bbox 328 2791 369 2853; x_wconf 90' lang='lat' dir='ltr'><strong>de</strong></span> <span class='ocrx_word' id='word_1_237' title='bbox 388 2790 494 2868; x_wconf 91' lang='lat' dir='ltr'><strong>paucis</strong></span> <span class='ocrx_word' id='word_1_238' title='bbox 515 2793 654 2867; x_wconf 87' lang='lat' dir='ltr'><strong>quaestio</strong></span> <span class='ocrx_word' id='word_1_239' title='bbox 670 2800 743 2855; x_wconf 87' lang='lat' dir='ltr'><strong>erut.</strong></span> <span class='ocrx_word' id='word_1_240' title='bbox 776 2795 851 2855; x_wconf 90' lang='lat' dir='ltr'><strong>mitti</strong></span> <span class='ocrx_word' id='word_1_241' title='bbox 865 2802 965 2856; x_wconf 82' lang='lat' dir='ltr'><strong>mmen</strong></span> <span class='ocrx_word' id='word_1_242' title='bbox 980 2796 1098 2871; x_wconf 84' lang='lat' dir='ltr'><strong>legatos</strong></span> <span class='ocrx_word' id='word_1_243' title='bbox 1112 2794 1172 2855; x_wconf 81' lang='lat' dir='ltr'><strong>Ro</strong></span> 
     </span>
     <span class='ocr_line' id='line_1_32' title="bbox 196 2876 1173 2951; baseline 0.002 -14"><span class='ocrx_word' id='word_1_244' title='bbox 196 2892 290 2951; x_wconf 91' lang='lat' dir='ltr'><strong>mam,</strong></span> <span class='ocrx_word' id='word_1_245' title='bbox 321 2877 461 2951; x_wconf 90' lang='lat' dir='ltr'><strong>quirem</strong></span> <span class='ocrx_word' id='word_1_246' title='bbox 486 2876 525 2938; x_wconf 90' lang='lat' dir='ltr'><strong>ad</strong></span> <span class='ocrx_word' id='word_1_247' title='bbox 555 2879 699 2940; x_wconf 87' lang='lat' dir='ltr'><strong>consules</strong></span> <span class='ocrx_word' id='word_1_248' title='bbox 724 2885 754 2940; x_wconf 90' lang='lat' dir='ltr'><strong>et</strong></span> <span class='ocrx_word' id='word_1_249' title='bbox 778 2879 817 2939; x_wconf 93' lang='lat' dir='ltr'><strong>ad</strong></span> <span class='ocrx_word' id='word_1_250' title='bbox 843 2886 982 2942; x_wconf 86' lang='lat' dir='ltr'><strong>senatum</strong></span> <span class='ocrx_word' id='word_1_251' title='bbox 1010 2878 1173 2949; x_wconf 86' lang='lat' dir='ltr'><strong>deterrent,</strong></span> 
     </span>
     <span class='ocr_line' id='line_1_33' title="bbox 194 2960 1173 3040; baseline -0.001 -20"><span class='ocrx_word' id='word_1_252' title='bbox 194 2960 325 3038; x_wconf 80' lang='lat' dir='ltr'><strong>placuit3</strong></span> <span class='ocrx_word' id='word_1_253' title='bbox 357 2961 446 3021; x_wconf 91' lang='lat' dir='ltr'><strong>simul</strong></span> <span class='ocrx_word' id='word_1_254' title='bbox 472 2961 524 3037; x_wconf 90' lang='lat' dir='ltr'><strong>qui</strong></span> <span class='ocrx_word' id='word_1_255' title='bbox 549 2962 589 3023; x_wconf 91' lang='lat' dir='ltr'><strong>de</strong></span> <span class='ocrx_word' id='word_1_256' title='bbox 613 2961 731 3023; x_wconf 91' lang='lat' dir='ltr'><strong>iniuriis</strong></span> <span class='ocrx_word' id='word_1_257' title='bbox 754 2961 938 3025; x_wconf 85' lang='lat' dir='ltr'><strong>Masinissae</strong></span> <span class='ocrx_word' id='word_1_258' title='bbox 963 2968 1173 3040; x_wconf 88' lang='lat' dir='ltr'><strong>quererentur.</strong></span> 
     </span>
     <span class='ocr_line' id='line_1_34' title="bbox 195 3042 1176 3123; baseline 0 -18"><span class='ocrx_word' id='word_1_259' title='bbox 195 3043 284 3105; x_wconf 86' lang='lat' dir='ltr'><strong>LXII.</strong></span> <span class='ocrx_word' id='word_1_260' title='bbox 310 3042 476 3106; x_wconf 82' lang='lat' dir='ltr'><strong>Masinissa</strong></span> <span class='ocrx_word' id='word_1_261' title='bbox 496 3050 662 3121; x_wconf 91' lang='lat' dir='ltr'><strong>postquam</strong></span> <span class='ocrx_word' id='word_1_262' title='bbox 683 3052 713 3107; x_wconf 89' lang='lat' dir='ltr'><strong>et</strong></span> <span class='ocrx_word' id='word_1_263' title='bbox 726 3046 855 3108; x_wconf 79' lang='lat' dir='ltr'><strong>infames</strong></span> <span class='ocrx_word' id='word_1_264' title='bbox 871 3046 1131 3123; x_wconf 77' lang='lat' dir='ltr'><strong>Carthaginiensis</strong></span> <span class='ocrx_word' id='word_1_265' title='bbox 1146 3052 1176 3105; x_wconf 91' lang='lat' dir='ltr'><strong>et</strong></span> 
     </span>
     <span class='ocr_line' id='line_1_35' title="bbox 194 3128 1175 3208; baseline 0.002 -19"><span class='ocrx_word' id='word_1_266' title='bbox 194 3128 273 3189; x_wconf 85' lang='lat' dir='ltr'><strong>luter</strong></span> <span class='ocrx_word' id='word_1_267' title='bbox 287 3142 323 3189; x_wconf 90' lang='lat' dir='ltr'><strong>se</strong></span> <span class='ocrx_word' id='word_1_268' title='bbox 337 3128 425 3204; x_wconf 91' lang='lat' dir='ltr'><strong>ipsos</strong></span> <span class='ocrx_word' id='word_1_269' title='bbox 441 3128 602 3190; x_wconf 90' lang='lat' dir='ltr'><strong>discordes</strong></span> <span class='ocrx_word' id='word_1_270' title='bbox 617 3129 722 3206; x_wconf 87' lang='lat' dir='ltr'><strong>sensit,</strong></span> <span class='ocrx_word' id='word_1_271' title='bbox 738 3130 927 3207; x_wconf 90' lang='lat' dir='ltr'><strong>principibus</strong></span> <span class='ocrx_word' id='word_1_272' title='bbox 943 3137 1070 3208; x_wconf 91' lang='lat' dir='ltr'><strong>propter</strong></span> <span class='ocrx_word' id='word_1_273' title='bbox 1080 3131 1175 3192; x_wconf 90' lang='lat' dir='ltr'><strong>collo-</strong></span> 
     </span>
     <span class='ocr_line' id='line_1_36' title="bbox 196 3210 1175 3291; baseline 0.001 -18"><span class='ocrx_word' id='word_1_274' title='bbox 196 3210 267 3285; x_wconf 91' lang='lat' dir='ltr'><strong>quia</strong></span> <span class='ocrx_word' id='word_1_275' title='bbox 282 3211 435 3274; x_wconf 81' lang='lat' dir='ltr'><strong>Aristonis</strong></span> <span class='ocrx_word' id='word_1_276' title='bbox 456 3211 590 3288; x_wconf 92' lang='lat' dir='ltr'><strong>senatui,</strong></span> <span class='ocrx_word' id='word_1_277' title='bbox 612 3220 722 3276; x_wconf 91' lang='lat' dir='ltr'><strong>senatu</strong></span> <span class='ocrx_word' id='word_1_278' title='bbox 736 3221 863 3291; x_wconf 91' lang='lat' dir='ltr'><strong>propter</strong></span> <span class='ocrx_word' id='word_1_279' title='bbox 877 3215 1021 3277; x_wconf 92' lang='lat' dir='ltr'><strong>indicium</strong></span> <span class='ocrx_word' id='word_1_280' title='bbox 1035 3213 1175 3275; x_wconf 88' lang='lat' dir='ltr'><strong>eiusdem</strong></span> 
     </span>
     <span class='ocr_line' id='line_1_37' title="bbox 195 3294 1174 3373; baseline 0 -16"><span class='ocrx_word' id='word_1_281' title='bbox 195 3294 347 3357; x_wconf 74' lang='lat' dir='ltr'><strong>Aristonis</strong></span> <span class='ocrx_word' id='word_1_282' title='bbox 375 3298 491 3373; x_wconf 89' lang='lat' dir='ltr'><strong>popule</strong></span> <span class='ocrx_word' id='word_1_283' title='bbox 522 3303 685 3373; x_wconf 90' lang='lat' dir='ltr'><strong>suspecto,</strong></span> <span class='ocrx_word' id='word_1_284' title='bbox 715 3299 815 3360; x_wconf 90' lang='lat' dir='ltr'><strong>lecum</strong></span> <span class='ocrx_word' id='word_1_285' title='bbox 842 3299 970 3362; x_wconf 88' lang='lat' dir='ltr'><strong>iniuriae</strong></span> <span class='ocrx_word' id='word_1_286' title='bbox 993 3314 1065 3361; x_wconf 87' lang='lat' dir='ltr'><strong>esse</strong></span> <span class='ocrx_word' id='word_1_287' title='bbox 1089 3303 1174 3359; x_wconf 87' lang='lat' dir='ltr'><strong>ratus</strong></span> 
     </span>
     <span class='ocr_line' id='line_1_38' title="bbox 196 3380 1175 3461; baseline 0.002 -20"><span class='ocrx_word' id='word_1_288' title='bbox 196 3396 302 3453; x_wconf 84' lang='lat' dir='ltr'><strong>agrum</strong></span> <span class='ocrx_word' id='word_1_289' title='bbox 315 3380 495 3441; x_wconf 87' lang='lat' dir='ltr'><strong>maritimum</strong></span> <span class='ocrx_word' id='word_1_290' title='bbox 509 3395 614 3444; x_wconf 89' lang='lat' dir='ltr'><strong>eorum</strong></span> <span class='ocrx_word' id='word_1_291' title='bbox 629 3389 661 3444; x_wconf 88' lang='lat' dir='ltr'><strong>et</strong></span> <span class='ocrx_word' id='word_1_292' title='bbox 674 3382 880 3460; x_wconf 88' lang='lat' dir='ltr'><strong>depopulatus</strong></span> <span class='ocrx_word' id='word_1_293' title='bbox 894 3391 957 3459; x_wconf 93' lang='lat' dir='ltr'><strong>est,</strong></span> <span class='ocrx_word' id='word_1_294' title='bbox 978 3391 1009 3445; x_wconf 91' lang='lat' dir='ltr'><strong>et</strong></span> <span class='ocrx_word' id='word_1_295' title='bbox 1023 3381 1175 3461; x_wconf 88' lang='lat' dir='ltr'><strong>quasdam</strong></span> 
     </span>
    </p>
   </div>
   <div class='ocr_carea' id='block_1_9' title="bbox 196 3459 1288 3545">
    <p class='ocr_par' dir='ltr' id='par_1_9' title="bbox 196 3459 1288 3545">
     <span class='ocr_line' id='line_1_39' title="bbox 196 3459 1288 3545; baseline -0.004 -19"><span class='ocrx_word' id='word_1_296' title='bbox 196 3464 289 3526; x_wconf 90' lang='lat' dir='ltr'><strong>urbes</strong></span> <span class='ocrx_word' id='word_1_297' title='bbox 309 3463 468 3539; x_wconf 87' lang='lat' dir='ltr'><strong>vectigalis</strong></span> <span class='ocrx_word' id='word_1_298' title='bbox 483 3463 775 3542; x_wconf 79' lang='lat' dir='ltr'><strong>Gardraginienslum</strong></span> <span class='ocrx_word' id='word_1_299' title='bbox 796 3467 853 3529; x_wconf 90' lang='lat' dir='ltr'><strong>sibi</strong></span> <span class='ocrx_word' id='word_1_300' title='bbox 875 3468 976 3545; x_wconf 84' lang='lat' dir='ltr'><strong>coegit</strong></span> <span class='ocrx_word' id='word_1_301' title='bbox 989 3466 1175 3544; x_wconf 85' lang='lat' dir='ltr'><strong>stipendium</strong></span> <span class='ocrx_word' id='word_1_302' title='bbox 1287 3459 1288 3490; x_wconf 69' lang='lat'><em>³</em></span> 
     </span>
    </p>
   </div>
   <div class='ocr_carea' id='block_1_10' title="bbox 0 0 1305 4000">
    <p class='ocr_par' dir='ltr' id='par_1_10' title="bbox 0 0 1305 4000">
     <span class='ocr_line' id='line_1_40' title="bbox 0 0 1305 4000; baseline 0 0"><span class='ocrx_word' id='word_1_303' title='bbox 0 0 1305 4000; x_wconf 95' lang='lat' dir='ltr'><strong> </strong></span> 
     </span>
    </p>
   </div>
  </div>
 </body>
</html>
