2600 4000
211 247 276 313 tae
328 245 445 307 urere
458 199 594 304 xxxru.
616 241 701 302 cnr.
715 248 871 304 raram.
891 245 976 314 [ιιι.
991 260 1016 298 0.
1032 242 1096 309 mr]

211 399 293 460 hosti
305 412 371 457 rem
384 402 468 456 metu
477 395 689 455 Romanorum
704 391 840 466 equitum
853 389 1029 451 inclinatam
1041 389 1196 467 aequavit.

211 492 312 543 tamen
326 481 406 541 adeo
419 477 531 540 turbati
545 483 633 537 erant
645 476 775 536 dextrae
788 475 857 535 atae
867 473 990 549 pedites
1000 471 1196 550 equitesque,
1294 466 1295 483 ²

210 575 245 628 ut
264 564 417 642 quosdam
424 562 534 623 consui
545 577 638 621 manu
648 558 719 636 ipse
726 556 922 633 reprenderit
932 555 1086 635 [aversos]
1096 562 1196 617 verte

211 652 312 726 ritque
324 648 357 710 iu
369 646 501 709 hostem
521 645 608 706 itaet
621 642 769 719 quamdiu
778 641 947 703 missilibus
957 645 1129 718 pugnatum
1138 647 1196 717 est,
1294 720 1295 723 Ἴ

212 748 329 808 anceps
342 747 448 808 pugna
461 737 534 804 erat,
549 735 580 789 et
591 728 653 787 iam
667 727 706 787 ab
720 726 831 787 dextra
842 731 941 801 parte,
954 723 1039 785 unde
1053 730 1199 786 terreret

212 819 286 893 iuga
299 820 454 890 coeperat,
469 813 731 888 aegreRomanus
742 809 889 871 restabat
909 808 950 870 ab
960 807 1087 869 sinistre
1099 823 1199 871 cornu

211 909 244 962 et
264 917 284 959 a
303 900 403 959 boote
423 897 611 971 urgebantur
627 893 766 968 barbari,
792 900 824 955 et
843 889 989 954 cohortes
1008 908 1029 951 a
1041 898 1130 967 tergo
1149 891 1196 952 in·
1294 942 1295 949 ,

213 991 330 1047 stantes
350 980 456 1057 pavidi
473 979 690 1056 respiciebant.
720 984 756 1039 ut
773 977 897 1037 emissis
910 975 1080 1039 soliferreis
1095 975 1197 1036 talari-

212 1069 322 1141 cisque
344 1064 466 1140 gladios
490 1063 693 1137 suiuxerunt,
720 1068 786 1122 tum
808 1061 893 1121 vetut
915 1058 1124 1134 redintegrate
1148 1066 1198 1121 est
1296 1136 1297 1149 ξ

212 1165 328 1226 pugna
359 1165 421 1209 non
442 1148 546 1209 caecis
565 1147 677 1208 ictibus
695 1146 804 1221 procul
817 1160 859 1205 ex
869 1143 1041 1220 improviso
1055 1142 1197 1207 vumera-

215 1235 337 1305 bantur,
358 1232 418 1293 scd
436 1232 519 1307 pede
540 1232 651 1293 collato
672 1236 737 1292 tota
756 1229 788 1289 in
806 1229 917 1291 virtute
935 1243 974 1291 ac
987 1226 1107 1291 virous
1120 1242 1197 1303 spes

212 1323 288 1378 erat.
317 1317 384 1378 XV.
405 1316 509 1379 fessos
529 1316 589 1375 iam
610 1315 688 1377 suos
710 1314 875 1375 constater
887 1312 1028 1375 secunda
1042 1311 1108 1373 acie
1122 1311 1196 1372 sub·

213 1400 347 1462 sidiariis
371 1399 551 1463 cohortibus
571 1400 602 1459 in
623 1414 760 1474 pugnam
779 1397 911 1459 inductis
930 1396 1082 1459 accendit.
1114 1411 1199 1459 nova
1296 1450 1297 1459 ,

213 1483 298 1545 acies
312 1485 409 1553 iactam
430 1484 540 1558 integri
553 1484 729 1544 recentibus
743 1482 813 1542 telis
827 1480 971 1556 fatigatos
985 1480 1085 1542 adorti
1098 1479 1198 1543 bostis

212 1569 345 1644 primum
355 1568 419 1629 acri
429 1569 546 1643 impetu
554 1569 640 1627 vetut
650 1582 750 1631 cuneo
760 1566 966 1641 percuteremt,
981 1564 1095 1627 deinde
1105 1564 1197 1627 dissi·
1294 1616 1295 1627 ,

212 1660 303 1729 patna
318 1653 351 1713 iu
364 1653 468 1728 fugam
481 1657 671 1713 averterunt:
692 1649 793 1713 efftcso
808 1665 866 1725 per
879 1665 972 1725 agros
988 1664 1085 1711 cursu
1097 1654 1199 1711 cestra

215 1738 443 1813 repetebantur.
463 1736 518 1797 ubi
532 1735 634 1797 omnia
644 1735 719 1809 tuga
730 1735 883 1809 completa
891 1734 967 1794 vidit
978 1732 1063 1808 Cato,
1076 1734 1147 1808 ipse
1158 1732 1199 1793 ad

209 1821 383 1885 secundam
401 1821 570 1895 legionem,
591 1835 671 1896 quae
691 1818 724 1878 iu
737 1817 877 1879 subsidio
893 1818 996 1894 posita
1010 1824 1090 1892 erat,
1111 1831 1194 1892 equo

212 1904 376 1976 revehitur,
390 1912 423 1965 ct
435 1904 524 1977 signa
537 1918 613 1978 prae
627 1918 664 1963 se
677 1903 750 1968 ferri
763 1901 1033 1978 plenoquegradu
1043 1901 1086 1963 ad
1094 1908 1197 1963 castra
1296 1972 1297 1975 Ἴ

214 1985 350 2049 hostiurn
364 1988 575 2063 oppugnanda
589 1987 759 2050 succedere
771 1986 865 2049 iubet
887 1986 916 2047 si
930 1986 999 2063 quis
1015 1993 1102 2048 extra
1116 1984 1197 2047 ordi-

214 2086 284 2132 nem
305 2071 425 2132 avidius
445 2073 613 2147 procurrit,
634 2072 754 2148 etipse
773 2072 995 2146 interequitans
1016 2086 1112 2146 sparo
1127 2085 1197 2146 per-

214 2157 303 2228 eutit,
329 2164 360 2217 et
383 2156 523 2218 tribunos
549 2156 809 2233 centurionesque
833 2155 987 2230 castigare
1010 2154 1104 2215 iubet
1135 2154 1198 2214 iam

214 2248 317 2301 castra
339 2240 474 2304 bostium
498 2241 769 2317 oppugnabantur,
794 2240 943 2314 saxisque
963 2245 995 2300 et
1017 2238 1149 2300 sudibus
1170 2245 1200 2299 et

213 2324 296 2385 omni
321 2340 434 2400 genere
457 2327 588 2386 telorum
612 2325 882 2386 summovebantur
905 2323 1027 2385 avallo
1050 2321 1198 2384 Romame
1229 2381 1232 2385 Α

213 2408 266 2469 ubi
279 2424 391 2469 recens
402 2409 525 2469 admota
534 2408 617 2481 legio
627 2414 685 2481 cst,
700 2414 763 2468 tum
774 2414 805 2467 ct
816 2406 1066 2483 oppugnantibus
1076 2407 1198 2468 animus

213 2492 324 2563 crevit,
345 2497 376 2550 et
395 2491 545 2552 intensius
565 2490 672 2551 hostes
693 2507 751 2565 pro
765 2491 847 2551 vatio
866 2491 1055 2566 pugnabant
1085 2490 1199 2575 consui

212 2574 316 2634 omnia
336 2573 435 2636 ocutis
454 2575 635 2647 perlustrat,
655 2581 691 2635 ut
704 2590 766 2649 qua
775 2574 903 2637 minima
915 2574 1136 2647 mresistatur,
1160 2590 1199 2638 ea

212 2662 301 2732 parte
320 2655 477 2730 irrumpat.
510 2657 552 2718 ad
570 2656 727 2720 sinistram
745 2664 869 2733 portam
880 2659 1082 2736 infrequentis
1096 2659 1197 2719 videt:

170 2814 173 2819 ,
212 2755 251 2800 ea
265 2740 423 2804 secundae
442 2740 573 2815 legionis
593 2742 750 2818 principes
764 2743 967 2818 hastatosque
980 2741 1105 2805 inducit.
1133 2758 1196 2804 non

212 2822 356 2886 amcam
379 2824 526 2901 impetum
550 2840 658 2890 eorum
683 2827 788 2901 static,
813 2842 894 2902 quae
917 2832 1026 2901 portae
1052 2826 1198 2902 apposita

211 2913 293 2977 ereb
315 2915 345 2969 et
359 2909 452 2972 ceteri
466 2917 633 2986 postquam
646 2911 726 2974 intra
739 2911 853 2976 vallum
866 2909 989 2972 hostem
1001 2910 1116 2984 vident,
1134 2909 1198 2985 ipsi

210 2991 322 3054 castris
336 2993 420 3058 exuti
433 2994 683 3070 signaarmaquc
696 2994 840 3064 abiciunt.
862 2994 1032 3056 caeduntur
1044 2994 1077 3055 in
1086 2993 1197 3070 portis,

211 3083 333 3138 suornm
350 3077 411 3152 ipsi
431 3078 552 3154 agmine
572 3077 602 3138 in
623 3084 689 3140 arto
709 3078 882 3142 haerentes.
918 3078 1090 3142 secundani
1108 3084 1198 3153 terga

210 3158 345 3224 hostium
359 3162 500 3236 caedunt,
518 3161 613 3224 ceteri
627 3168 729 3224 castra
742 3162 900 3239 diripiunt¹
927 3161 1071 3236 Valerius
1085 3162 1196 3236 Antias

211 3259 307 3318 supra
330 3245 532 3320 quadraginta
554 3246 637 3308 mitia
661 3244 795 3324 hostiurn
818 3262 913 3310 caasa
937 3261 975 3306 eo
1001 3246 1053 3308 die
1079 3245 1195 3307 scribit

210 3326 286 3388 Cato
299 3328 382 3404 ipse,
398 3328 482 3390 haud
495 3344 572 3389 sane
585 3329 770 3392 deuactetcr
783 3331 909 3394 laudum
924 3346 1066 3405 suarum,
1079 3331 1195 3396 multos

210 3426 323 3474 caesos
339 3412 389 3487 ait,
403 3428 562 3474 nmnerum
576 3430 639 3475 non
650 3413 807 3476 adscribit
828 3415 908 3480 XVI.
924 3415 1054 3488 [triaco
1067 3413 1118 3473 die
1129 3414 1196 3473 tou·

210 3494 325 3558 debilia
338 3496 453 3559 iecisse
466 3505 600 3572 putatur,
615 3515 709 3560 unum
725 3499 809 3574 quod
823 3498 1031 3559 circumducto
1045 3495 1196 3573 exercitu,
