2600 4000
289 242 404 335 trena
417 275 551 335 xrnrvt.
575 275 658 335 car.
673 284 739 338 aa.
762 283 798 349 [a
812 283 844 333 c.
859 282 918 350 m]
1032 276 1094 339 aas

111 433 184 489 sunt
197 425 294 487 missi.
315 423 510 500 Epirotarum
524 427 636 501 legatio
651 433 718 486 erat
734 427 857 486 minime
872 429 901 486 in
917 435 1034 503 partem
1048 432 1093 490 ul·

111 513 172 572 lam
185 508 272 571 liberi
287 516 340 568 aut
354 508 502 584 simplicis
517 507 619 570 animi.
641 510 725 586 apud
735 526 839 586 regem
851 513 978 585 gratiam
989 512 1092 572 initam

110 595 258 656 volebant
273 608 341 654 cum
356 608 394 654 eo
409 600 444 653 ut
458 599 616 668 caverent,
631 610 671 653 ne
686 594 760 670 quid
775 593 968 656 offenderent
981 596 1092 662 Roma·

112 695 182 741 nos.
213 676 358 754 petebant
378 676 474 748 enim,
496 692 536 737 ne
550 692 584 736 se
598 683 714 738 temere
729 678 758 737 in
775 695 902 739 causam
916 677 1092 753 deduceret,
1109 681 1113 688 “
1163 735 1171 746 ,

111 761 273 838 expositos
294 761 446 822 adversus
462 758 578 821 Italiam
598 777 656 836 pro
679 762 763 823 omni
776 762 904 822 Graecia
924 768 955 822 et
975 762 1092 837 primos
1168 826 1171 832 ,

111 848 242 922 imperas
255 846 465 906 Romanorum
479 852 673 920 excepturos.
702 847 759 906 sed
781 844 808 906 si
828 848 896 921 ipse
912 853 1019 920 posset
1034 852 1092 907 ter·

110 929 259 992 restribus
278 928 502 1005 navalibusque
523 928 622 1003 copiis
644 929 823 1005 praesidere
842 929 952 1004 Epiro,
979 930 1093 1004 cupide
1182 983 1184 987 Α

111 1031 181 1076 eum
196 1012 295 1075 omnis
309 1010 453 1089 Epirotas
468 1020 499 1073 et
511 1011 640 1074 urbibus
655 1020 686 1074 et
699 1013 850 1089 portubus
866 1013 932 1074 suis
948 1020 1091 1088 acceptu·

110 1115 174 1162 ros.
196 1097 224 1157 si
238 1097 271 1157 id
285 1112 347 1158 non
362 1102 485 1172 posset,
501 1097 676 1171 deprecari,
691 1113 731 1158 ne
745 1113 780 1157 se
794 1098 896 1159 nudos
908 1104 1001 1173 atque
1012 1098 1091 1158 iner-

10 1248 15 1256 ,
111 1198 177 1243 mes
191 1181 332 1243 Romano
345 1179 427 1241 bello
443 1180 587 1241 obiceret.
609 1181 669 1244 hac
683 1181 836 1256 legatione
850 1181 881 1241 id
897 1179 947 1257 agi
962 1197 1091 1257 appare-

110 1268 177 1340 bat,
198 1272 233 1326 ut
253 1263 335 1338 sive,
357 1264 441 1339 quod
462 1263 560 1339 magis
576 1265 757 1340 credebant,
774 1264 974 1326 abstinuisset
986 1265 1091 1342 Epiro,

111 1351 229 1426 integra
243 1347 303 1409 sibi
317 1349 419 1409 omnia
433 1348 517 1423 apud
531 1349 685 1410 exercitus
699 1350 856 1410 Romanos
875 1357 995 1423 essent,
1018 1365 1091 1411 con·

113 1435 211 1495 ciliata
225 1431 301 1493 satis
317 1432 401 1508 apud
420 1447 525 1508 regem
545 1434 657 1508 gratia,
680 1433 765 1508 quod
784 1433 940 1509 accepturi
961 1433 1093 1495 luissent

112 1518 299 1586 venientem
328 1517 395 1577 sive
420 1516 571 1591 venisset,
597 1517 643 1578 sic
669 1532 793 1593 quoque
817 1533 892 1593 spes
917 1518 1028 1577 veniae
1052 1517 1093 1577 ab

111 1601 259 1665 Romanis
283 1603 377 1675 foret,
403 1601 488 1677 quod
510 1616 572 1661 non
596 1608 777 1678 exspectato
801 1602 971 1677 longinquo
996 1600 1035 1660 ab
1056 1615 1093 1659 se

114 1685 226 1747 auxilio
246 1684 417 1760 praesentis
437 1682 553 1745 viribus
574 1686 821 1747 succubuissent.
848 1684 920 1744 huic
940 1688 1001 1743 tam
1022 1697 1092 1757 per-

112 1772 224 1847 plexae
239 1769 382 1845 legationi
398 1766 546 1845 quianon
561 1771 636 1831 satis
650 1771 681 1829 in
696 1775 841 1844 promptu
854 1773 935 1845 erat,
955 1765 1030 1841 quid
1043 1782 1091 1826 re-

112 1855 293 1930 sponderet,
316 1856 434 1929 legatos
455 1869 491 1913 se
505 1853 671 1913 missurum
685 1853 726 1912 ad
740 1867 796 1911 eos
817 1850 909 1924 dixit,
931 1850 984 1927 qui
999 1850 1038 1909 de
1053 1848 1090 1909 iis

112 1955 193 2016 quae
208 1938 249 1997 ad
263 1938 333 1997 illos
348 1951 447 2012 seque
462 1938 662 1997 communiter
676 1935 863 2011 pertinerent
881 1934 1090 2011 loquerentur.
1189 1987 1191 1991 .

113 2025 162 2083 VI.
196 2023 227 2081 in
241 2020 400 2081 Boeotiam
420 2020 489 2094 ipse
510 2019 669 2094 profectus
690 2027 751 2091 est,
777 2034 889 2081 causas
908 2018 1090 2095 inspeciem

112 2107 177 2166 irae
201 2104 352 2163 adversus
366 2103 523 2162 Romanos
548 2116 602 2161 eas
630 2117 708 2178 quas
733 2109 804 2163 ante
829 2102 893 2163 dixi
917 2102 1090 2168 habentem.
1208 2094 1212 2103 ’

113 2186 296 2263 Brachyllae
309 2200 416 2246 necem
432 2190 463 2245 et
475 2185 588 2245 bellum
604 2202 623 2245 a
638 2185 777 2260 Quinctio
792 2186 949 2247 Coroneae
965 2192 1091 2261 propter

112 2273 320 2334 Romanorum
339 2269 466 2329 militum
484 2269 597 2329 caedes
615 2269 745 2344 illatum,
771 2286 806 2329 re
830 2285 904 2330 vera
923 2284 980 2345 per
1000 2271 1091 2330 multa
1131 2310 1136 2319 ·

113 2357 175 2417 iam
190 2355 295 2415 secula
308 2353 432 2430 publice
446 2352 650 2429 privatimque
664 2353 785 2414 labante
799 2353 923 2430 egregia
938 2354 1092 2429 quondam

116 2438 280 2515 disciplina
293 2438 406 2514 gentis,
422 2445 452 2499 et
465 2438 627 2499 multorum
638 2452 677 2498 ec
688 2444 770 2498 statu
782 2436 835 2514 qui
845 2439 1006 2499 diuturnus
1022 2452 1093 2498 esse

88 2524 92 2529 ’
115 2524 183 2585 sine
197 2523 362 2585 mutatione
376 2537 478 2582 rerum
492 2537 553 2582 non
565 2528 683 2597 posset.
706 2521 827 2582 obviam
838 2520 946 2583 effusis
957 2521 1094 2596 undique

114 2607 261 2670 Boeotiae
275 2606 467 2682 principibus
480 2605 601 2667 Thebas
616 2605 707 2666 venit.
734 2605 777 2666 ibi
790 2607 821 2666 in
838 2603 968 2667 concilio
983 2604 1093 2682 gentis,

115 2707 301 2770 quamquam
316 2698 346 2751 et
360 2691 400 2749 ad
413 2689 531 2750 Delium
545 2690 662 2765 impetu
674 2690 705 2749 in
720 2690 908 2766 praesidium
921 2690 1093 2750 Romanum

115 2778 197 2836 lacto
212 2782 242 2835 et
255 2775 295 2833 ad
306 2773 480 2834 Chalcidem
495 2773 690 2834 commiserat
702 2788 759 2833 nec
774 2790 794 2832 a
807 2774 912 2849 parvis
924 2787 982 2833 nec
993 2774 1094 2834 dubiis

115 2856 274 2935 principiis
288 2858 415 2933 bellum,
430 2862 531 2915 tamen
544 2855 674 2916 eandem
689 2857 856 2917 orationem
872 2871 1014 2931 exorsus,
1033 2874 1094 2933 qua

115 2944 145 3003 in
162 2941 317 3017 colloquio
339 2940 437 3017 primo
460 2940 498 3000 ad
515 2938 689 3015 chalcidem
710 2954 833 3016 quaque
854 2956 911 3015 per
930 2942 1047 3016 legatos
1062 2940 1093 3000 in

54 3046 57 3051 ·
115 3026 245 3089 concillo
259 3024 455 3085 Achaeorum
473 3039 551 3105 usus
565 3030 642 3096 erat,
663 3031 698 3085 ut
711 3022 873 3084 amicitiam
887 3039 993 3085 secum
1008 3025 1094 3085 insti·

114 3111 173 3182 tui,
188 3126 251 3171 non
264 3107 379 3169 bellum
392 3106 483 3169 indici
495 3107 642 3169 Romanis
653 3109 832 3183 postularet.
853 3108 1005 3168 neminem
1020 3109 1094 3184 quid

116 3201 257 3269 ageretur
280 3192 420 3253 fallebalz
455 3192 611 3252 decretum
635 3198 737 3254 tamen
762 3190 819 3252 sub
844 3192 904 3252 levi
929 3193 1094 3253 verborum

116 3283 275 3352 praetextu
290 3293 346 3353 pro
360 3291 434 3351 rege
448 3276 599 3337 adversus
613 3277 771 3340 Romanos
785 3277 897 3339 lactum
911 3284 968 3337 est.
1068 3296 1071 3299 ·

200 3361 265 3421 Hac
291 3376 417 3437 quoque
442 3365 532 3435 gente
557 3359 702 3421 adiuncta
721 3357 896 3422 Chalcidem
919 3375 1093 3436 regressus,

118 3444 296 3520 praemissis
306 3445 378 3504 inde
391 3442 507 3517 litteris,
521 3451 556 3504 ιιι
565 3443 789 3504 Demetriadem
800 3444 1001 3505 convenirent
1011 3442 1093 3515 prin·

118 3528 203 3603 cipes
218 3527 409 3597 Aetolorum,
426 3543 495 3586 cum
510 3525 622 3602 quibus
638 3525 678 3587 de
692 3527 811 3587 summa
827 3543 929 3586 rerum
943 3525 1085 3599 delibera·

158 3627 184 3667 r.
207 3626 270 3668 nrvr
292 3626 368 3669 raas
390 3612 441 3667 lv.
718 3677 724 3684 ,
856 3617 890 3668 lo
