2600 4000
287 246 404 308 LIBER
413 247 532 308 XXXII.
555 247 637 308 CAP.
650 256 694 311 17.
707 257 750 312 18.
773 245 810 323 [a.
822 255 854 313 0.
867 256 929 324 198]
1051 249 1090 315 61

116 399 268 459 introrsus
285 398 444 460 ordinibus
459 398 525 458 acie
536 399 662 473 firmata,
678 413 748 459 cum
757 400 976 461 transcendere
987 404 1092 467 ruinas

116 482 289 545 sensissent
302 483 474 556 Romanos,
494 497 552 557 per
570 483 747 558 impeditum
768 499 806 543 ac
824 483 978 544 diitlcilem
992 487 1033 547 ad
1045 504 1093 549 re-

114 571 237 642 ceptum
256 567 360 627 locrun
382 568 572 642 expulerunt
602 567 633 626 id
655 567 764 628 consul
780 581 873 640 aegre
886 583 1016 644 passus,
1036 587 1094 632 nec

20 645 21 654 ’
113 664 182 709 eam
194 650 393 726 ignonriuiam
408 650 446 711 ad
461 650 552 711 unius
566 651 659 711 modo
675 651 902 726 expugnandae
915 668 1032 712 moram
1045 672 1094 715 ur-

113 731 160 794 bis
180 735 237 794 sed
258 735 298 794 ad
321 750 470 794 summam
487 734 622 795 universi
635 734 707 794 belli
721 734 874 808 pertinere
886 744 988 809 ratus,
1011 740 1094 813 quod

20 809 21 824 ¹
111 832 150 877 ex
163 820 330 879 momentis
351 834 514 893 parvarum
527 819 707 894 plerumque
721 833 822 879 rerum
836 820 1001 894 penderet,
1022 838 1094 896 pur·

110 910 179 974 gato
194 904 267 964 loeo
284 903 339 978 qui
353 909 455 978 strage
469 902 604 962 semiruti
618 902 696 964 muri
710 904 880 963 cumulatus
894 911 967 979 crat,
981 913 1094 966 turrem

111 984 242 1060 ingentis
268 986 454 1061 altitudinis,
479 1002 620 1061 magnam
645 986 706 1045 vim
731 993 914 1048 armatorum
935 989 1093 1065 multiplici

111 1069 245 1133 tabulato
269 1078 457 1146 portantem,
478 1070 647 1145 promovit;
673 1077 703 1130 et
718 1069 860 1132 cohortes
874 1072 1019 1133 invicem
1033 1075 1092 1135 sub

111 1153 222 1230 signis,
246 1171 331 1232 quae
352 1170 482 1223 cuneum
495 1154 697 1216 Macedonum
710 1185 754 1197 -
767 1154 949 1231 phalangem
963 1158 1023 1233 ipsi
1037 1175 1092 1220 vo-

111 1245 249 1314 cant-,
273 1241 302 1299 si
317 1245 460 1314 possent,
480 1239 512 1298 vi
526 1246 772 1314 perrumperent,
788 1239 948 1302 emittebat.
980 1242 1038 1302 sed
1051 1243 1092 1302 ad

81 1366 86 1377 .
110 1321 168 1381 loci
188 1323 368 1399 angustias,
393 1322 476 1383 haud
496 1323 556 1383 late
576 1329 699 1397 patente
719 1324 878 1385 intervallo
899 1325 990 1389 diruti
1003 1327 1091 1402 muri,

109 1418 207 1478 genus
229 1422 387 1468 armorum
407 1422 591 1484 pugnaeque
610 1406 693 1469 hosti
713 1408 814 1482 aptius
834 1414 908 1469 erat.
942 1411 995 1470 ubi
1017 1426 1090 1472 cou-

110 1489 176 1551 ferti
194 1491 305 1553 hastas
324 1491 455 1566 ingentis
474 1492 671 1566 longitudinis
692 1508 767 1567 prae
787 1508 823 1553 se
835 1492 1021 1554 Macedones
1037 1495 1091 1555 ob·

111 1575 275 1651 recissent,
289 1577 416 1636 velutin
431 1583 636 1638 constructam
650 1576 801 1637 densitate
815 1577 984 1653 clipeorum
996 1585 1090 1639 testu·

110 1655 212 1719 dinem
225 1661 358 1722 Romani
377 1660 447 1735 pilis
468 1660 656 1736 nequiquam
675 1661 798 1720 emissis
814 1677 883 1721 cum
898 1661 1093 1723 strinxissent

109 1740 242 1819 gladios,
256 1759 358 1820 neque
372 1745 518 1820 congredi
531 1744 661 1820 propius
677 1759 778 1818 neque
792 1744 972 1819 praecidere
985 1743 1091 1806 hastas

109 1833 269 1898 poterant;
287 1834 317 1888 et
328 1829 354 1889 si
366 1845 458 1905 quam
468 1829 650 1889 incidissent
661 1834 713 1888 aut
724 1828 971 1904 praefregissent,
983 1827 1092 1891 hastile

108 1907 281 1985 tegmento
300 1914 371 1987 ipso
391 1919 481 1973 acuto
501 1913 579 1972 inter
599 1912 718 1987 spicula
735 1913 921 1988 integrarum
934 1911 1090 1991 hastarum

109 1994 193 2055 velut
206 1996 320 2056 vallum
335 1996 487 2070 explebat·
510 1997 549 2056 ad
563 1995 624 2056 hoc
637 2003 668 2056 ct
681 1998 757 2058 muri
770 2014 844 2073 pars
859 1997 959 2060 adhuc
972 1999 1090 2074 integra

110 2082 245 2152 utraque
264 2086 327 2139 tuta
345 2079 520 2154 praestabat
539 2081 648 2147 latera;
669 2095 727 2140 nee
747 2095 787 2139 ex
810 2083 901 2155 longo
924 2085 1024 2157 spatio
1038 2091 1091 2145 aut

109 2160 286 2221 cedendum
307 2170 357 2222 aut
377 2163 507 2236 impetus
529 2162 687 2221 taciendus
708 2168 787 2235 erat,
810 2179 889 2236 quae
903 2180 954 2223 res
966 2166 1091 2225 turbare

110 2242 239 2304 ordines
253 2245 340 2306 solet.
361 2244 494 2305 accessit
507 2244 597 2304 etlam
611 2244 734 2305 lortuita
744 2261 794 2305 res
804 2246 845 2304 ad
856 2246 973 2307 animos
986 2263 1091 2308 eorum

109 2324 296 2389 firmandos:
324 2345 394 2390 narn
415 2344 484 2389 curn
504 2327 595 2390 turris
617 2344 675 2403 per
692 2344 834 2404 aggerem
848 2346 957 2404 parum
971 2332 1091 2398 densati

111 2409 171 2470 soli
192 2418 347 2487 ageretur,
369 2420 437 2474 rota
456 2428 518 2473 uua
538 2412 568 2472 in
588 2413 727 2474 altiorem
742 2414 870 2474 orbitam
885 2414 1036 2491 depressa
1049 2417 1109 2477 ita*

112 2496 217 2556 burim
231 2497 401 2572 inclinavit,
417 2504 450 2557 ut
467 2497 603 2573 speciem
616 2498 733 2562 ruenbs
748 2498 898 2573 hostibus,
912 2501 1088 2576 trepidatio·

113 2593 244 2656 nemque
258 2583 395 2643 insanam
409 2581 655 2657 superstantibus
670 2582 792 2644 armatis
807 2584 990 2658 praebuerit.

193 2666 301 2726 XVIII.
323 2667 397 2727 Cum
410 2682 519 2742 parum
534 2667 697 2742 quiequam
708 2668 897 2743 succederet,
912 2672 1022 2731 consul
1033 2671 1087 2730 mi·

114 2745 193 2808 nime
207 2764 307 2825 aequo
323 2751 422 2811 animo
439 2751 697 2825 comparatorem
710 2752 835 2811 rnilitum
851 2753 973 2828 generis
988 2770 1088 2815 armo·

113 2844 241 2909 rumque
260 2833 326 2894 fieri
343 2835 528 2910 patiebatur3
551 2835 641 2894 simul
656 2849 713 2895 nec
727 2841 875 2896 maturam
890 2838 1087 2913 expugnandi

115 2927 202 2988 spem
217 2932 274 2978 nco
287 2916 434 2979 rabonem
449 2919 589 2993 procula
604 2919 680 2979 mari
693 2924 724 2978 et
737 2919 769 2977 in
784 2921 929 2981 evastatis
944 2922 1015 2982 belli
1026 2924 1087 2982 cla-

114 2995 203 3061 dibus
218 3001 295 3062 locIs
310 3001 490 3062 hibernandi
503 3002 594 3063 ullam
610 3003 763 3063 cernebat.
795 3004 898 3080 itaque
913 3005 1019 3066 relicto
1032 3004 1086 3067 oh·

115 3081 247 3160 sidione,
275 3085 465 3160 quianullus
485 3087 515 3145 ln
537 3092 601 3146 tota
623 3088 815 3148 Acarnaniae
836 3095 928 3165 atque
947 3090 1087 3151 Aetoliae

116 3179 167 3228 ora
180 3175 289 3245 portus
304 3180 382 3245 erat,
399 3172 451 3246 qul
467 3169 557 3231 slmul
570 3178 600 3231 et
614 3171 712 3233 omnIs
728 3172 893 3246 onerarIas,
910 3188 990 3250 quac
1004 3190 1085 3235 com·

117 3262 243 3314 mentum
258 3253 402 3315 exercitui
413 3255 581 3329 portabant
597 3261 729 3330 caperet,
745 3262 775 3316 et
785 3263 863 3317 tecta
875 3258 915 3317 ad
925 3257 1086 3319 hibeman·

117 3330 186 3396 dum
200 3338 371 3412 legionibus
385 3338 555 3414 praeberet,
571 3340 720 3414 Anticyra
733 3339 764 3399 in
777 3339 921 3416 Phocide,
935 3341 965 3399 in
982 3341 1086 3403 Corin·

118 3414 206 3481 thium
221 3437 313 3482 versa
326 3422 439 3497 sicum,
462 3423 502 3482 ad
517 3423 548 3482 id
563 3422 822 3498 opportunissime
837 3425 896 3484 sita
909 3425 993 3496 visa,
1014 3425 1086 3498 qula

119 3513 171 3563 nec
190 3507 298 3579 procul
311 3505 468 3566 Thmsalia
482 3505 678 3581 hostiumque
698 3507 774 3566 leals
795 3507 914 3570 aberat.
934 3510 1018 3563 etex
1032 3504 1085 3563 ad-
