2600 4000
213 264 256 327 42
367 258 482 322 LIBER
496 258 600 320 XXXI.
622 256 705 318 CAP.
720 265 763 320 46.
775 264 818 318 47.
842 263 878 329 [a.
890 260 925 314 U.
938 279 962 314 o.
974 261 1037 328 aba]

211 413 271 474 alio
283 409 365 473 omni
377 425 490 485 genere
502 413 721 471 tormentorum
732 408 793 467 tela
803 407 988 482 ingerentes.
1012 415 1043 468 et
1053 408 1195 483 pondere

211 496 325 572 ingenti
347 510 424 556 saxa
448 493 613 565 iaciebant,
640 499 671 552 et
685 490 859 565 cuniculos,
885 497 916 551 et
938 491 1089 566 quidquid
1109 491 1195 553 aliud

211 580 313 656 priore
337 576 567 653 oppugnatione
591 581 752 650 expertum
777 575 943 650 profuerat
975 581 1110 634 ceterum
1130 592 1195 637 non

211 665 315 740 plures
330 668 445 723 tantum
454 659 642 720 Macedones
659 674 751 733 quarn
765 666 835 719 ante
850 657 1011 719 tuebantur
1024 658 1132 718 urbem
1144 675 1195 719 ar·

211 763 341 822 aesque,
362 744 524 806 sedetiam
542 741 803 819 praesentioribus
818 741 926 802 annuis
941 749 972 802 et
985 742 1192 816 castigationi·

209 830 267 893 bus
287 829 369 905 regis
390 829 421 890 in
441 828 577 888 admissa
598 828 689 902 culpa
703 832 734 886 et
747 826 837 886 simul
852 825 1001 887 minarum
1016 825 1106 886 simul
1120 842 1194 901 pro·

210 915 375 976 missorum
389 911 420 970 in
435 912 568 972 laturum
580 924 742 972 memores.
764 909 868 986 itaque
882 925 952 969 cum
967 915 1089 984 praeter
1104 924 1194 985 spem

209 1006 330 1073 tempus
344 996 386 1056 ibi
401 994 579 1068 traheretur,
595 997 728 1070 plusque
742 993 772 1052 ln
787 993 949 1054 obsidione
961 992 1032 1053 etin
1044 993 1193 1067 operibus

211 1097 303 1158 quam
323 1080 354 1139 in
370 1079 601 1155 oppugnatione
623 1079 714 1139 celeri
729 1077 797 1152 spei
812 1082 909 1151 esset,
931 1075 1050 1136 interim
1065 1083 1096 1138 et
1109 1077 1193 1138 aliud

210 1166 259 1240 agi
273 1179 371 1241 posse
388 1168 473 1223 ratus
488 1164 623 1238 legatus,
645 1162 760 1222 relictis
776 1168 851 1238 quot
865 1161 940 1222 satis
956 1159 1137 1222 videbantur
1151 1161 1193 1222 ad
1236 1180 1239 1187 ·

211 1264 307 1324 opera
331 1247 519 1323 perficienda
544 1245 643 1306 traicit
662 1245 693 1306 in
717 1247 858 1322 proxima
882 1244 1080 1319 continentis,
1107 1245 1191 1305 Lari-

210 1347 402 1407 samque—
418 1347 479 1391 non
500 1330 581 1390 illam
603 1330 634 1389 in
656 1329 816 1390 Thessalia
835 1329 969 1391 nobilem
990 1329 1111 1403 urbem,
1133 1328 1192 1389 scd

209 1417 343 1488 alteram,
363 1431 455 1490 quam
470 1413 645 1475 Cremasten
660 1420 826 1474 vocant-
835 1414 936 1476 subito
951 1413 1086 1474 adventu
1102 1427 1188 1488 prae-

210 1507 255 1560 ter
275 1515 376 1560 arcem
398 1499 487 1573 oepit.
522 1498 641 1559 Attalus
665 1513 790 1573 quoque
803 1499 976 1573 Aegaleon,
998 1496 1072 1556 nihil
1089 1496 1190 1556 minus

210 1600 302 1659 quam
316 1584 376 1644 tale
394 1582 559 1658 quicquam
571 1582 601 1641 in
614 1581 739 1642 alterius
751 1581 978 1657 oppugnatione
989 1580 1074 1642 urbis
1086 1580 1190 1641 umen-

209 1668 304 1740 tibus
328 1666 492 1742 oppressit.
525 1672 556 1725 et
568 1666 630 1726 iam
645 1681 714 1726 curn
729 1680 825 1740 opera
839 1666 870 1725 in
884 1664 995 1726 ellectu
1009 1672 1095 1725 erant
1109 1664 1192 1724 circa

211 1750 331 1826 Oreum,
351 1758 414 1812 tum
428 1749 625 1827 praesidium,
642 1750 727 1824 quod
741 1751 823 1810 intus
837 1755 911 1824 erat,
925 1748 1032 1809 labore
1046 1748 1190 1821 adsiduo,

208 1835 318 1909 vigiliis
345 1835 463 1895 diurnis
491 1833 604 1909 pariter
625 1835 846 1909 nocturnisque
867 1839 898 1893 et
917 1833 1095 1894 vulneribus
1117 1847 1188 1893 con-

209 1920 329 1978 lectum.
356 1918 434 1977 muri
455 1931 587 1993 quoque⁴
600 1933 675 1992 pars
695 1917 789 1979 ariete
805 1918 931 1977 incusso
946 1916 1074 1977 subruta
1088 1915 1189 1976 multis

210 2002 271 2062 iam
294 2002 372 2062 locis
393 2002 583 2077 prociderem
614 2017 733 2078 perque
756 2008 895 2078 apertum
915 1999 1004 2062 ruina
1023 2001 1080 2063 iter
1100 2007 1191 2062 noete

208 2085 337 2147 bornuni
356 2085 387 2145 in
402 2102 519 2162 arcem,
542 2101 621 2161 quae
641 2102 736 2161 super
757 2093 878 2162 portum
892 2091 954 2158 est,
975 2090 1188 2161 perruperunt

211 2171 328 2231 Attalus
343 2172 412 2231 luce
427 2170 525 2247 primu
539 2170 628 2246 signo
644 2186 684 2230 ex
699 2186 770 2231 aree
786 2171 857 2231 dato
874 2168 911 2229 ab
923 2169 1068 2230 Romanis
1081 2169 1189 2243 etipse

208 2256 313 2315 urbem
328 2255 448 2331 invasit,
463 2255 567 2317 stratis
581 2271 693 2331 magna
707 2271 748 2315 ex
762 2260 847 2331 parte
861 2252 974 2323 muris;
999 2252 1186 2329 praesidium

209 2338 418 2416 oppidanique
442 2340 473 2399 in
497 2354 600 2399 arcem
628 2340 755 2399 alteram
779 2339 957 2413 perfugere,
987 2338 1069 2398 unde
1093 2337 1188 2397 biduo

208 2430 280 2497 post
302 2422 416 2483 deditio
439 2423 528 2482 laeta.
556 2421 630 2482 urbs
650 2422 731 2495 regi,
755 2422 878 2495 captiva
895 2437 1028 2496 corpora
1043 2419 1188 2481 Romanis
1297 2445 1298 2492 3

208 2519 407 2647 tesserxffiffi
429 2587 493 2645 lam
509 2588 683 2646 autumnale
698 2588 924 2663 aequinoctium
932 2588 1083 2650 instabat:
1100 2593 1130 2648 et
1142 2594 1190 2647 est

207 2669 363 2731 Euboicus
384 2668 485 2744 sinus,
515 2684 605 2743 quem
626 2668 719 2731 Coela
737 2677 864 2747 vocant,
890 2677 1056 2749 suspectus
1078 2670 1188 2731 nautis.

207 2753 310 2829 itaque
335 2760 405 2815 ante
424 2753 570 2813 hiemales
591 2761 693 2816 motus
714 2756 847 2816 evadere
867 2756 938 2816 inde
964 2754 1122 2831 cupientes
1142 2753 1188 2813 Pi-

207 2850 346 2912 meeum,
368 2838 450 2899 unde
469 2837 600 2912 proiecti
619 2839 661 2899 ad
674 2839 787 2901 bellum
802 2848 902 2916 erant,
922 2846 1073 2915 repetunt.
1101 2841 1187 2912 Apu·
1297 2895 1298 2916 ,

207 2920 300 2996 stius,
322 2921 442 2997 triginta
462 2922 592 2983 navibus
614 2921 656 2982 ibi
676 2924 789 2986 relictis
811 2940 907 3000 super
919 2924 1050 2985 Maleam
1065 2922 1189 2996 navigat

208 3005 382 3083 Corcyram.
418 3021 522 3080 regem
537 3012 649 3068 statum
664 3005 817 3069 initiorum
833 3008 964 3081 Cereris,
983 3013 1017 3068 ut
1030 3006 1128 3068 sacris
1143 3006 1188 3064 in-

207 3095 351 3165 teresset,
373 3088 483 3159 tenuit;
507 3092 677 3151 secundum
692 3092 775 3152 initia
791 3099 821 3152 et
841 3093 953 3168 ipsein
969 3092 1077 3153 Asiam
1091 3105 1126 3150 se
1140 3104 1188 3150 re·

207 3173 288 3247 cepit
301 3173 517 3248 Agesimbroto
539 3182 569 3235 et
582 3174 712 3236 Rhodiis
733 3176 857 3237 domum
875 3176 1024 3237 remissis.
1052 3175 1129 3234 haec
1151 3189 1188 3232 ea

207 3262 323 3318 aestate
337 3263 417 3318 terra
431 3256 569 3334 marique
584 3259 736 3321 adversus
750 3260 923 3336 Philippum
936 3262 1104 3335 sociosque
1120 3258 1187 3318 eius

206 3341 252 3485 ab]
261 3343 388 3485 ognsule
403 3348 433 3402 et
446 3342 546 3417 iegato
561 3343 707 3404 Romanis
724 3344 940 3406 adiuvantibus
954 3360 1028 3421 rege
1040 3343 1143 3405 Attalo
1158 3348 1189 3403 et

255 3440 273 3505 o
298 3425 334 3485 iis
349 3431 445 3501 gesta.

290 3509 403 3570 consul
424 3510 499 3570 alter
518 3508 550 3571 0.
565 3510 709 3573 Aurelius
731 3512 771 3571 ad
794 3513 965 3575 conlectum
986 3514 1100 3574 bellum
1118 3527 1188 3573 cum
