2600 4000
271 290 387 352 LrBER
400 290 506 351 xxxi.
529 290 722 353 causalo.
745 297 781 365 [ι.
794 294 902 371 ecco]
1016 286 1076 356 ,35

104 442 196 507 teram
210 441 355 504 limitibus
369 451 516 503 terrorem
533 441 673 518 praebuit
687 441 821 502 subitum
834 442 926 504 hosti.
952 460 1075 507 movero

101 525 198 604 itaque
212 526 387 588 exPluinna
393 526 532 601 Romani,
549 532 579 585 et
593 526 635 585 ad
642 525 821 601 Osphagum
835 525 948 586 llumen
964 543 1071 602 posue

100 616 165 671 rum
189 616 298 670 castra
327 625 384 670 rex
408 609 492 670 haud
517 611 627 686 procul
647 609 721 669 inde
741 616 771 669 et
791 608 860 686 ipse
880 609 961 669 vallo
983 626 1076 686 super

99 695 191 770 ripam
211 693 310 755 amnis
333 694 426 772 ducto
439 693 661 769 -Erigonum
682 693 802 753 incolae
821 699 992 755 vocant-
1006 710 1077 754 con·

98 778 183 838 sedit.
210 777 284 838 inde
297 778 372 839 satis
387 784 544 854 comperto
558 778 732 838 Eordaeam
746 777 896 853 petituros
910 777 1074 854 Romanos

98 861 136 921 ad
150 861 349 938 occupandas
363 862 530 938 angustias,
552 878 592 922 ne
606 877 755 938 superare
770 862 876 922 hostes
891 861 964 921 artis
981 862 1075 923 lauci-

99 944 151 1006 bus
170 944 325 1008 inclusum
345 946 460 1008 aditum
474 951 619 1022 possent,
641 946 821 1022 praecessit.
851 944 894 1005 ibi
912 946 972 1006 alia
986 948 1075 1021 vallo,

97 1027 152 1087 alia
165 1030 262 1104 losse,
278 1029 337 1089 alia
351 1029 488 1105 lapidum
503 1029 655 1104 congerie,
670 1037 705 1089 ιιι
717 1046 774 1104 pro
785 1045 873 1090 mure
886 1038 999 1104 essent
1017 1031 1076 1091 alia

96 1110 254 1174 arboribus
276 1112 419 1187 obiectis,
443 1120 477 1173 ut
497 1118 550 1172 aut
571 1115 658 1173 locus
679 1112 856 1188 postulabat
876 1117 929 1172 aut
948 1113 1074 1174 materie

97 1198 310 1274 suppeditabat
333 1213 467 1274 propere
487 1197 664 1273 permuniit,
689 1204 834 1274 atquem
854 1199 923 1274 ipse
942 1198 1074 1272 rebatur,

97 1281 170 1340 uam
187 1287 300 1357 suapte
314 1288 424 1341 naama
434 1280 589 1341 difficilem
600 1282 728 1343 obiectis
740 1297 798 1357 per
808 1296 915 1343 omnes
926 1283 1072 1343 transitus

96 1365 238 1440 operibus
261 1364 529 1441 inexpugnabilem
544 1365 623 1427 lecit.
655 1372 742 1427 erant
756 1366 905 1441 pleraque
920 1365 1073 1427 silvestria

96 1448 186 1523 circa,
208 1450 406 1510 incommoda
427 1448 570 1524 phalangi
591 1449 723 1509 maxime
742 1448 960 1523 Macedonum,
985 1466 1072 1525 quae,

95 1530 150 1592 nisi
163 1532 215 1593 ubi
237 1533 413 1609 praelongis
434 1532 531 1593 hastis
545 1534 628 1593 velut
642 1534 757 1593 vallum
772 1540 841 1594 ante
855 1532 973 1608 clipeos
990 1534 1073 1593 obie·

96 1614 139 1690 cit,
155 1618 241 1692 quod
255 1623 288 1677 ut
301 1616 361 1691 fiat,
377 1615 473 1676 libero
488 1633 598 1693 campo
614 1633 696 1692 opus
711 1623 768 1688 est,
783 1617 895 1676 nullius
907 1617 1072 1678 admodum

95 1714 167 1759 usus
182 1708 240 1761 est.
262 1700 395 1760 Thracas
412 1715 536 1775 quoque
551 1701 703 1777 rumpiae‚
717 1701 849 1779 ingentis
864 1709 894 1762 et
908 1702 997 1777 ipsae
1011 1705 1076 1761 lon·

96 1781 248 1856 gitudinis,
263 1784 341 1844 inter
352 1784 490 1846 obiectos
501 1785 641 1861 undiquc
650 1803 755 1848 ramos
766 1786 983 1861 impediebant
1008 1785 1076 1844 Cre·

97 1872 225 1933 tensium
238 1888 301 1933 una
311 1872 424 1934 cohors
439 1889 500 1934 non
515 1872 627 1933 inutilis
643 1878 723 1933 erata
745 1871 803 1931 sed
817 1885 855 1929 ea
870 1885 995 1947 quoque
1008 1870 1075 1945 ipsa

97 1961 141 2031 ιιι,
161 1956 189 2017 si
211 1957 280 2031 quis
300 1955 445 2033 impetrun
463 1956 590 2029 laceret,
613 1955 814 2032 inpetentem
829 1955 948 2016 vrdneri
962 1970 1075 2032 equum

97 2038 290 2115 equitemque
311 2040 439 2114 sagittas
456 2040 596 2099 conicere
610 2047 745 2113 poterat,
768 2041 810 2100 ita
823 2041 973 2100 adversus
989 2046 1076 2100 scuta

96 2121 234 2183 Romana
253 2137 312 2182 nec
332 2122 373 2180 ad
390 2120 592 2180 traiciendum
614 2122 689 2180 satis
703 2137 846 2196 magnam
860 2123 922 2179 vim
935 2123 1076 2191 habebat,

95 2221 152 2265 nec
167 2205 267 2279 aperti
281 2203 447 2277 quicquam
460 2208 526 2261 erat
540 2204 624 2277 quod
638 2209 785 2279 peterent.
814 2204 917 2278 itaqua
932 2201 965 2261 id
976 2213 1011 2263 ut
1024 2220 1078 2262 va-

94 2305 169 2348 num
185 2287 238 2348 teli
257 2301 356 2362 genus
377 2290 538 2347 senserunt
558 2300 644 2362 esse,
671 2286 757 2347 saxis
777 2285 896 2361 passim
916 2292 980 2347 tota
1000 2286 1078 2347 valle

95 2370 265 2434 iacentibus
294 2369 491 2432 incessebant
514 2369 646 2431 hostem.
683 2385 721 2431 ea
740 2368 857 2430 maiore
881 2384 951 2430 cum
977 2370 1079 2432 sonitu

98 2472 186 2530 quam
210 2456 337 2517 vulnere
361 2455 424 2517 ullo
445 2455 578 2531 pulsatio
603 2460 760 2516 scutorum
784 2469 951 2531 parumper
970 2470 1077 2516 succe·

99 2539 194 2601 dentis
208 2542 365 2602 Romanos
378 2539 482 2602 tenerit.
511 2538 622 2599 deinde
636 2540 674 2600 iis
691 2555 816 2615 quoque
830 2538 952 2615 spretis,
967 2539 1077 2615 partim

99 2624 246 2686 testudine
268 2625 349 2685 lacta
363 2639 420 2699 per
433 2624 583 2684 adversos
599 2625 714 2684 vadunt
728 2623 843 2693 hostis;
864 2624 975 2698 partim
989 2623 1076 2684 brevi

100 2706 222 2770 circuitu
250 2725 319 2769 cum
346 2708 377 2767 in
402 2707 505 2783 iugum
534 2706 621 2768 collis
653 2707 842 2783 evasissent,
871 2707 1011 2783 trepidos
1037 2722 1077 2767 ex

100 2791 257 2863 praesidiis
273 2791 517 2866 stationibusque
529 2790 717 2852 Macedonas
733 2791 908 2863 deturbant,
931 2798 975 2864 et,
999 2798 1032 2851 ut
1045 2790 1076 2849 in

100 2871 171 2937 locis
187 2876 356 2951 impeditis,
378 2875 495 2935 dilflcili
509 2876 582 2949 iuga
595 2877 764 2951 plerosque
779 2875 870 2935 etiarn
885 2875 1074 2937 obtruncant.

101 2953 155 3018 XL.
182 2961 225 3020 ita
244 2958 403 3035 angustiae
423 2959 541 3019 minore
563 2959 727 3020 certamine
748 2974 840 3034 quam
862 2959 947 3033 quod
967 2957 1075 3018 animis

103 3050 323 3118 proposuerant
337 3049 516 3118 superatae,
533 3050 562 3104 et
576 3043 607 3103 in
619 3042 792 3104 Eordaeam
806 3049 1001 3118 perventum,
1023 3042 1077 3101 ubi

103 3127 278 3198 pervastads
299 3128 416 3203 passim
435 3127 517 3202 agris
532 3128 563 3187 in
577 3127 716 3187 Elimiam
730 3142 765 3188 se
779 3126 903 3201 recepit.
934 3125 1006 3185 inde
1021 3123 1078 3182 im-

104 3214 198 3281 petum
219 3212 249 3272 in
266 3210 434 3272 Orestidem
456 3210 542 3284 lacit,
564 3218 595 3271 et
616 3212 762 3287 oppidum
784 3210 934 3271 Celetrum
954 3214 1002 3269 est
1022 3208 1078 3268 ad

104 3296 271 3370 gressusin
283 3295 463 3372 paeninsula
475 3294 574 3356 situm.
589 3298 675 3356 lacus
683 3294 806 3355 moenia
817 3293 924 3367 cingit;
938 3294 1079 3366 angustis

105 3373 236 3442 lancibus
251 3395 346 3441 unum
360 3395 399 3440 ex
415 3380 579 3441 continenti
593 3379 650 3439 iter
664 3386 720 3439 est.
742 3377 839 3454 primo
856 3376 915 3437 situ
927 3376 997 3451 ipso
1009 3375 1078 3435 freti

106 3458 211 3524 clausis
226 3464 323 3540 portis
339 3463 474 3524 abnuere
488 3462 663 3539 imperium;
686 3461 798 3521 deinde
811 3466 976 3536 postquam
989 3457 1077 3527 signa

107 3538 171 3606 terri
190 3563 226 3608 ae
240 3546 394 3608 testudine
414 3547 539 3607 succedi
553 3546 593 3606 ad
609 3552 728 3621 portam
744 3544 955 3675 obsesasasque
970 3539 1075 3593 fauces
