2600 4000
211 211 327 274 LIBER
336 212 468 273 XxXlll.
484 213 566 274 CAP-
578 221 672 277 4243.
689 221 725 288 [a.
735 221 769 272 U.
778 238 801 273 c.
810 223 870 279 557.
878 240 902 275 a.
911 223 943 276 0.
952 225 1013 292 195]
1039 218 1104 282 119

5 367 7 388 ¹
116 365 200 427 Nero
219 362 251 422 Ρ.
271 361 399 423 Porcius
417 364 519 424 Laeca
539 363 569 426 c.
585 362 744 425 Fabricius
768 364 913 425 Luscinus
936 367 967 425 O.
984 368 1101 431 Atinius

116 447 222 509 Labeo
237 446 269 505 P.
283 446 426 507 Manlius.

202 530 249 591 Eo
268 546 349 590 anno
370 529 486 590 aediles
508 531 645 603 curules,
665 530 707 591 Μ.
721 530 847 593 Fulvius
867 531 1004 593 Nobilior
1023 539 1054 595 et
1068 533 1099 595 c.

116 613 293 688 Flaminius,
314 613 403 674 tritici
418 612 544 674 deciens
560 621 681 675 centum
696 614 778 674 milia
791 614 873 675 binis
887 615 968 676 aeris
982 619 1100 692 populo

117 697 353 774 discripserunt
376 696 408 756 id
424 695 455 757 C.
469 695 607 757 Flaminii
622 695 750 760 honoris
765 713 860 759 causa
873 698 973 773 ipsius
988 702 1099 775 patris·

119 797 182 859 que
203 781 393 861 advexerant
413 778 508 840 Siculi
527 782 673 852 Romam;
694 780 860 843 Flaminius
881 780 1010 857 gratiam
1031 782 1099 846 eius

117 864 398 928 communicaverat
418 879 487 924 cum
508 866 635 941 collega.
672 865 736 927 ludi
756 866 887 927 Romani
907 873 939 927 et
959 869 1099 943 apparati

116 947 281 1024 magnifice
301 953 374 1009 sunt
393 956 425 1009 et
437 954 484 1008 ter
502 948 557 1010 toti
576 948 744 1011 instaurati.
776 949 893 1010 aediles
907 950 1023 1027 plebis,
1046 951 1099 1013 Cn.

116 1032 271 1095 Domitius
295 1031 520 1114 Ahenobarbus
546 1031 829 1095 adscribamus
856 1032 962 1107 Curio,
988 1036 1099 1097 multos

116 1115 282 1194 pecuarios
307 1115 347 1176 ad
368 1115 477 1191 populi
502 1115 647 1178 iudicium
670 1118 880 1179 adduxerunn
907 1123 969 1177 tres
990 1134 1030 1178 ex
1050 1119 1099 1181 his

118 1199 314 1262 condemnati
326 1205 415 1269 sunt3
443 1214 483 1258 ex
500 1214 606 1263 eorum
619 1199 785 1263 multaticia
798 1202 932 1277 pecunia
944 1202 1053 1263 aedem
1067 1203 1098 1264 in

117 1282 220 1345 insula
231 1282 329 1350 Fauni
343 1283 490 1346 lecerunt.
517 1284 581 1346 ludi
595 1284 708 1360 plebeii
722 1301 778 1361 per
791 1285 917 1348 biduum
931 1285 1099 1363 instaurati,

5 1403 7 1408 ·
116 1374 148 1428 et
159 1367 284 1444 epulum
298 1366 353 1427 luit
367 1367 509 1428 ludorum
523 1383 626 1429 causa.

202 1450 304 1510 XLllI.
331 1450 365 1510 L.
380 1450 522 1512 Valerius
538 1450 668 1513 Flaccus
690 1458 720 1513 et
732 1452 773 1512 Μ.
787 1452 915 1516 Porcius
931 1453 1004 1515 Cato
1025 1468 1096 1514 con·

95 1535 98 1540 '
117 1533 205 1595 eules
215 1533 315 1595 idibus
325 1533 450 1611 Martiis,
467 1552 529 1611 quo
541 1535 591 1596 die
601 1537 810 1612 magistratum
821 1537 960 1613 inierunt,
977 1538 1017 1597 de
1026 1553 1096 1613 pro·
1192 1605 1195 1610 ,

116 1616 226 1678 vinciis
248 1633 316 1679 cum
337 1618 378 1678 ad
398 1627 538 1681 senatum
557 1621 760 1695 rettulissent,
781 1627 886 1697 patres
901 1627 1095 1696 censuerunt,

121 1716 189 1763 eum
203 1700 234 1761 in
243 1702 393 1779 Hispania
406 1709 526 1766 tantum
535 1705 679 1779 glisceret
688 1704 810 1779 bellum,
825 1710 859 1765 ut
871 1703 931 1763 iam
943 1703 1098 1764 consulari

116 1791 148 1846 et
161 1785 239 1846 duce
259 1793 290 1847 et
310 1788 446 1848 exercitu
466 1804 547 1863 opus
568 1798 666 1862 esset,
687 1788 812 1863 placere
827 1787 971 1849 consules
985 1786 1085 1863 Hispa

116 1869 196 1929 niam
219 1870 391 1932 citeriorem
403 1870 582 1946 Italiamque
601 1869 778 1948 provincias
793 1878 846 1934 aut
859 1886 1039 1946 comparare
1052 1870 1098 1931 in·

116 1958 163 2015 ter
176 1968 212 2015 se
226 1960 280 2016 aul
293 1954 412 2023 sortiri;
434 1954 494 2014 utri
507 1953 658 2029 Hispania
671 1954 831 2032 provincia
845 1956 1009 2032 evenisset,
1025 1970 1096 2019 eum

115 2037 195 2098 duas
215 2037 355 2112 legiones
375 2043 408 2097 el
421 2036 596 2110 quindecim
615 2039 698 2101 milio
717 2041 836 2101 socium
849 2041 947 2101 Latini
964 2042 1097 2101 nominis

116 2129 145 2180 et
165 2119 360 2193 octingentos
385 2120 505 2192 equites
531 2133 636 2179 secum
661 2129 799 2194 portare,
820 2129 851 2182 et
871 2137 967 2182 naves
987 2125 1098 2197 longas

116 2200 222 2276 viginti
239 2198 366 2261 ducere.
399 2197 481 2281 alter
495 2202 603 2262 consul
624 2203 703 2263 duas
721 2203 869 2264 scriberet
881 2204 1037 2278 legionem
1051 2205 1097 2265 iis

115 2281 243 2345 Galliam
268 2282 398 2346 obtineri
422 2284 613 2361 provinciam
637 2284 713 2347 satis
739 2301 811 2347 essa
829 2287 933 2346 lractis
954 2287 1097 2361 proximo

114 2382 195 2429 anno
210 2367 372 2430 Insubrum
383 2369 592 2445 Boiorumque
606 2368 724 2430 animis.
748 2370 821 2432 Cato
831 2370 1019 2446 Hispaniam,
1033 2372 1096 2430 Va

114 2451 208 2512 lerius
229 2451 346 2512 ltaliam
366 2458 416 2513 est
434 2454 570 2514 sortitus.
605 2461 765 2530 praetores
787 2454 899 2515 deinde
920 2454 1096 2529 provincias

115 2535 228 2609 sortiti,
247 2535 278 2597 c.
292 2534 451 2598 Fabricius
464 2537 617 2598 Luscinus
631 2537 794 2614 urbanam,
811 2538 841 2599 0.
857 2537 978 2599 Atinius
991 2537 1096 2600 Labeo

114 2619 322 2694 peregrinam,
348 2619 400 2680 Cn.
420 2620 552 2681 Manlius
572 2621 670 2682 Vulso
693 2620 842 2698 Siciliam,
867 2623 928 2697 Ap.
952 2621 1096 2683 claudius

114 2701 193 2763 Nero
207 2701 388 2778 Hispaniam
402 2704 585 2778 ulteriorem,
599 2703 631 2764 P.
642 2704 770 2766 Porcius
783 2706 885 2767 Laeca
896 2704 994 2780 Pisas,
1009 2713 1043 2765 ut
1056 2706 1096 2765 ab

114 2791 202 2860 tergo
213 2785 377 2861 Liguribus
392 2793 492 2857 essem
506 2787 539 2846 Ρ.
548 2787 679 2848 Manlius
693 2789 723 2848 in
734 2787 913 2865 Hispaniam
925 2788 1096 2850 citeriorem

115 2868 236 2930 adiutor
257 2869 377 2932 consedi
392 2871 491 2936 datus.
523 2873 556 2931 Τ.
572 2870 728 2945 Quinctio,
748 2870 903 2946 suspectis
917 2887 980 2932 non
995 2873 1095 2933 solum

113 2952 266 3014 Andocho
281 2960 311 3014 et
321 2954 450 3030 Aetolis,
465 2954 522 3014 sed
536 2953 596 3016 iam
610 2954 700 3015 edam
710 2954 829 3015 Nabide
837 2954 1091 3027 Lacedaemonio·

114 3052 180 3098 rum
201 3044 349 3114 tyranno,
370 3045 568 3114 prorogatum
581 3039 616 3099 ¹in
631 3055 744 3100 aunum
758 3037 919 3113 imperium
932 3045 995 3113 est,
1016 3038 1096 3098 duas

114 3120 252 3195 legiones
261 3127 295 3182 ut
305 3120 440 3182 haberet
462 3122 492 3182 in
503 3138 557 3182 cas
569 3122 596 3183 si
608 3123 682 3199 quid
693 3121 898 3198 supplementi
910 3138 992 3198 opus
1002 3129 1096 3197 esset,

115 3205 260 3265 consules
285 3203 421 3267 scribere
446 3211 477 3266 et
496 3205 664 3268 mitterem
685 3205 926 3268 Macedoniam'
917 3205 1004 3267 russi.
1034 3205 1096 3280 Ap.

115 3285 240 3348 claudio
255 3294 378 3364 praeter
392 3287 553 3366 legionem,
575 3289 717 3386 quamQ.
731 3289 844 3351 Fabius
859 3289 1016 3363 habuerat,
1033 3288 1096 3349 duo

114 3367 196 3429 milia
208 3371 348 3445 peditum
361 3378 392 3434 et
405 3372 554 3434 ducentos
568 3368 688 3449 equites
702 3388 802 3435 novos
816 3379 850 3435 ut
863 3373 1012 3434 scriberet
1025 3387 1095 3446 per-

113 3450 249 3513 missum
282 3470 339 3530 par
359 3471 503 3518 numerus
527 3458 664 3533 peditum
684 3457 882 3533 equitumque
901 3469 1052 3515 novorum
1065 3459 1099 3513 et
