2600 4000
260 278 263 283 ·
276 254 391 314 LIBER
404 254 538 316 XXXIV.
561 255 644 315 CAP.
660 265 703 319 28.
715 265 759 319 29.
783 263 820 330 [a.
832 264 864 316 C.
877 264 939 331 lea]
1038 260 1099 322 149

113 410 238 482 derunt,
259 413 290 467 et
309 405 471 482 dispersos
491 407 610 482 passim
628 409 702 482 iuga
716 407 885 483 plerosque
899 410 991 469 aronis
1005 425 1098 472 exue

113 498 192 553 runt.
220 489 377 566 Quinctius
398 505 499 566 prope
512 491 661 567 Amyclas
676 490 780 566 posuit
794 498 905 553 castra.
931 493 1015 553 unde
1029 510 1101 556 curn

113 575 336 652 perpopulatus
351 574 452 636 omnia
466 574 661 636 circumiecta
674 575 742 635 urbi
757 575 927 651 frequentis
938 583 968 636 et
978 577 1100 637 amoeni

113 660 179 735 agri
192 661 263 720 loca
277 664 376 732 esset,
391 659 475 719 nullo
489 658 549 718 iam
563 658 700 720 hostium
713 666 835 734 portam
850 659 1020 720 excedente
1034 676 1099 721 mo·-

113 744 158 804 vit
171 749 273 803 castra
287 743 328 803 ad
342 742 469 804 fluvium
483 741 638 803 Eruetam.
666 743 738 802 inde
751 742 863 804 vallem
875 743 1011 818 Taygeto
1027 744 1097 806 sub

113 827 224 888 iectam
238 827 450 901 agrosquead
462 841 547 886 mare
561 826 742 901 pertinentis
757 833 885 887 evastat.

196 910 303 972 XXIX.
330 909 449 972 Eodem
468 911 533 970 lere
553 909 915 986 temperamentorum
931 910 1101 972 maritimae

114 1010 198 1055 orae·
209 993 326 1070 oppida
345 995 456 1070 partlm
472 994 629 1055 voluntate
643 993 753 1070 partim
766 1002 849 1055 metu
862 1001 916 1055 aut
928 994 959 1053 vi
972 994 1098 1070 recepit

114 1078 226 1140 certior
247 1077 360 1138 deinde
380 1078 479 1140 lactus
495 1076 640 1156 Gytbium
663 1077 812 1154 oppidum
832 1078 966 1140 omnium
986 1076 1089 1138 mariti.

115 1178 232 1223 marum
245 1177 347 1222 rerum
357 1161 611 1223 Lacedaemoniis
621 1164 847 1238 receptaculum
860 1176 941 1237 esse,
956 1177 1014 1223 nec
1025 1177 1098 1238 pro·

116 1249 164 1309 cul
189 1246 304 1307 amari
329 1252 432 1306 castra
454 1246 595 1309 Romana
618 1245 745 1322 abesse,
773 1246 915 1308 omnibus
941 1246 973 1306 id
998 1245 1097 1321 copiis

113 1330 242 1405 adgredi
256 1329 421 1394 constituit.
449 1334 515 1391 erat
528 1345 566 1391 eo
580 1337 719 1407 tempore
733 1331 835 1392 valida
847 1332 934 1405 urbs,
954 1334 984 1390 et
997 1329 1097 1391 multi·

115 1415 220 1475 tudine
238 1413 350 1475 civium
370 1412 601 1491 incolarumque
620 1421 652 1475 et
666 1413 748 1476 omni
762 1415 872 1477 bellico
887 1421 1040 1491 apparatu
1053 1413 1098 1474 in·

115 1505 239 1559 structa.
273 1497 304 1557 in
325 1504 464 1573 tempore
479 1498 636 1574 Quinctio,
657 1514 722 1560 rem
743 1498 827 1560 haud
847 1499 968 1560 facilem
989 1498 1098 1574 adgre-

116 1581 219 1656 dienti
233 1597 291 1643 rex
300 1583 455 1645 Eumenes
469 1590 500 1644 ct
515 1583 625 1644 classis
635 1583 827 1645 Rhodiorum
842 1588 1098 1658 supervenerunt.

114 1666 225 1739 ingens
246 1666 405 1728 multitudo
426 1667 579 1728 navalium
598 1668 770 1742 sociorum,
792 1666 923 1727 etribus
942 1670 1098 1724 contracta

116 1748 282 1824 classibus,
301 1750 380 1811 intra
399 1766 518 1827 paucos
539 1751 607 1813 dies
625 1751 727 1813 omnia
742 1765 822 1826 quae
836 1750 877 1810 ad
892 1746 1097 1823 oppugnatio·

115 1847 186 1892 nem
209 1833 292 1894 urbis
316 1841 398 1896 terra
417 1836 555 1911 marique
574 1835 707 1899 munitae
727 1833 872 1894 faciunda
891 1847 988 1909 opera
1011 1836 1098 1892 erant

115 1914 224 1977 olfecit.
245 1918 306 1979 iarn
320 1919 525 1980 testudinibus
540 1918 673 1981 admotis
687 1933 793 1977 murus
808 1917 1021 1992 subruebatur,
1036 1915 1097 1975 iam

115 1999 260 2063 arietibus
282 2002 483 2078 quatiebatur.
514 2002 618 2076 itaque
638 2019 702 2063 una
721 2002 838 2063 crebris
859 2002 970 2063 ictibus
988 2015 1099 2062 eversa

114 2085 277 2160 astionis,
294 2084 441 2160 quodque
456 2084 539 2144 circa
552 2086 629 2143 muri
644 2091 710 2145 erat
723 2101 800 2144 casu
813 2086 880 2145 cius
895 2091 1097 2159 prostratuma

114 2175 146 2228 et
165 2168 296 2227 Romani
316 2167 406 2226 simul
427 2182 446 2225 a
465 2172 571 2241 portu,
596 2167 680 2227 unde
701 2167 802 2227 aditus
823 2168 943 2240 planior
962 2172 1042 2241 erat,
1066 2174 1100 2227 ut

114 2248 327 2311 distenderent
336 2248 375 2308 ab
386 2249 541 2324 apertiore
550 2251 619 2310 loco
630 2248 739 2325 hostis,
747 2249 836 2311 simul
847 2265 904 2325 per
914 2250 1099 2325 patefactum

113 2334 205 2394 ruina
224 2332 281 2395 iter
301 2333 470 2410 irrumpere
491 2339 650 2395 conantur·
683 2348 741 2394 nec
761 2333 887 2394 multum
902 2333 992 2406 aluit,
1014 2332 1097 2408 quin,

116 2433 180 2493 qua
188 2416 388 2491 intenderant
401 2422 610 2494 penetrarent3
625 2417 683 2479 sed
694 2417 826 2479 tardavit
835 2417 981 2493 impetum
993 2431 1098 2477 eorum

115 2516 190 2576 spes
205 2502 326 2564 obiecta
340 2502 502 2563 dedendae
515 2501 616 2577 urbis,
630 2518 704 2563 mox
718 2501 831 2562 deinde
844 2502 953 2563 eadem
967 2500 1096 2561 turbata.

115 2585 328 2661 Dexagoridas
354 2594 385 2648 et
405 2586 567 2662 Gorgopas
591 2587 659 2662 pari
683 2585 811 2662 imperio
837 2591 1001 2662 praeerant
1019 2583 1097 2645 urbi.

114 2669 329 2745 Dexagoridas
343 2671 469 2731 miserat
482 2671 523 2729 ad
535 2672 669 2745 legatum
682 2671 854 2731 Romanum
867 2668 1047 2731 traditurum
1062 2683 1098 2728 se

114 2751 233 2813 urbem.
263 2760 294 2814 et
307 2769 377 2814 cum
399 2754 438 2814 ad
453 2769 521 2814 eam
534 2769 601 2814 rem
613 2760 736 2829 tempus
751 2760 783 2814 et
795 2753 873 2816 ratio
890 2752 1096 2826 convenisset,

114 2852 136 2896 a
147 2835 294 2911 Gorgopa
309 2837 449 2911 proditor
462 2836 649 2899 interficitur.
670 2837 877 2912 intentiusque
891 2836 930 2896 ab
945 2852 1006 2897 uno
1022 2835 1097 2896 urbs

116 2919 355 2991 defendebatur3
383 2926 413 2980 et
434 2918 587 2981 difficilior
606 2922 689 2982 lacta
708 2920 898 2996 oppugnatio
919 2927 997 2991 crat,
1019 2918 1050 2978 ni
1063 2917 1096 2978 T.

116 2997 275 3077 Quinctius
287 3020 358 3065 cum
369 3010 511 3082 quattuor
520 3003 643 3066 milibus
655 3003 842 3066 delectorum
852 3003 976 3066 nlilitum
989 3017 1097 3077 snper·

115 3088 262 3149 venisset.
294 3089 323 3149 is
345 3104 415 3150 cum
436 3086 601 3165 supercilio
614 3088 698 3149 hand
712 3090 820 3164 procul
835 3087 975 3149 distantis
990 3086 1097 3149 tumuli

115 3169 156 3229 ab
169 3170 246 3232 urbe
265 3171 445 3233 instructam
466 3172 564 3233 aciem
578 3173 780 3247 ostendisset,
802 3178 885 3232 etex
900 3173 995 3234 altera
1010 3176 1097 3247 parte

114 3253 151 3313 L.
166 3253 322 3328 Quinctius
339 3257 377 3317 ab
392 3256 538 3332 operibus
553 3256 715 3318 sineterra
729 3256 1016 3332 mariqueinstaret,
1033 3262 1097 3315 tum

116 3351 191 3399 vera
206 3339 380 3416 desperatio
397 3342 563 3417 Gorgopan
575 3356 701 3418 quoque
712 3340 811 3415 coegit
822 3340 854 3400 id
866 3338 995 3414 consilii,
1011 3337 1097 3413 quod

114 3420 148 3481 in
163 3424 258 3485 altero
273 3431 372 3487 morte
383 3424 609 3500 vindicaverat,
624 3438 754 3499 capere;
776 3429 807 3485 et
821 3432 940 3499 pactus,
955 3427 987 3482 ut
1001 3420 1097 3481 abdu-

117 3519 187 3566 cere
202 3505 274 3568 indc
294 3508 419 3576 milites.
443 3523 524 3585 quos
542 3506 959 3584 praesidiicausahabebat,
980 3504 1094 3564 liccret.
