2600 4000
267 227 382 291 LIBER
392 229 540 291 xxxvii.
567 230 762 292 cithium.
787 237 943 305 [acmo]
1021 231 1088 298 att

109 383 189 445 binis
209 398 336 460 aprora
356 382 598 458 prominentibus
619 381 717 443 trullis
738 383 846 443 ferreis
869 386 994 445 multum
1015 402 1088 447 con-

109 474 232 543 ceptum
256 467 357 542 ignem
381 482 455 541 prae
480 483 516 528 se
537 465 709 541 portabant.
741 466 930 545 Erythraeae
950 470 1088 532 triremes

86 586 88 589 <
109 567 179 612 cum
193 549 276 610 haud
289 552 400 626 procul
417 567 436 611 a
451 549 542 611 Samo
557 550 688 611 Rhodiis
703 549 850 625 navibus,
867 551 978 626 quibus
992 560 1026 614 ut
1040 569 1089 614 es·

108 641 180 695 sent
195 634 350 710 praesidio
367 635 543 707 veniebant,
567 634 677 696 obviae
691 634 877 710 fugientibus
893 636 1037 709 luissent,
1059 637 1089 697 in

107 719 341 794 Hellespontum
355 719 395 779 ad
409 719 567 780 Romanos
584 734 707 779 cursum
722 724 906 779 averterunt.
934 720 992 780 suh
1008 720 1089 780 idem

108 809 230 878 tempus
245 801 394 863 Seleucus
417 802 567 878 proditam
579 801 767 876 Phocaeam,
783 801 878 877 ¹porta
892 819 953 863 una
967 818 1023 879 per
1038 819 1089 864 cu-

108 887 215 948 stodes
235 894 356 962 aperta,
376 886 508 962 receptu
530 893 561 947 et
581 885 676 965 Cyme
696 887 835 960 aliaeque
858 887 996 948 eiusdem
1017 902 1091 948 orae

107 971 200 1031 urbes
214 971 256 1030 ad
270 986 340 1030 eum
354 977 436 1030 metu
451 970 638 1031 deiecerunt.

192 1054 255 1114 XII.
282 1053 361 1114 Dum
382 1054 459 1114 haec
479 1054 509 1113 in
529 1055 661 1115 Aeolide
680 1060 841 1130 geruntur,
867 1054 999 1133 Abydus
1021 1070 1090 1116 cum

108 1152 165 1212 per
189 1136 307 1212 aliquot
332 1137 397 1198 dies
423 1137 616 1199 obsidionem
641 1140 806 1199 tolerasset
825 1139 981 1214 praesidio
1002 1140 1088 1215 regio

107 1227 223 1282 tutante
238 1222 368 1296 moenie,
384 1222 443 1281 iam
459 1221 600 1283 omnibus
616 1223 719 1297 lassis,
734 1221 852 1283 Philota
863 1239 987 1299 quoque
1000 1239 1088 1299 prae-

108 1306 188 1366 lecto
212 1303 360 1380 praesidii
380 1306 571 1381 permittente
586 1306 781 1382 magistratus
796 1322 902 1368 eorum
919 1322 988 1368 cum
1001 1307 1088 1368 Livio

109 1389 147 1448 de
162 1389 395 1450 condicionibus
416 1389 586 1451 tradendae
603 1390 689 1450 urbis
711 1391 850 1465 agebant.
883 1406 948 1450 rem
962 1391 1088 1451 distine-

109 1473 160 1534 bat
180 1473 279 1547 quod,
304 1479 405 1533 utrum
431 1475 537 1536 armati
558 1490 597 1535 an
618 1475 750 1536 inermes
775 1475 982 1535 emitterentur
1002 1476 1083 1550 regii

107 1573 216 1633 parurn
244 1557 454 1619 conveniebat.
488 1559 566 1619 haec
593 1559 752 1634 agentibus
782 1575 850 1619 cum
874 1559 1088 1619 intervenisset

108 1641 231 1702 nuntius
252 1641 442 1703 Rhodiorum
463 1643 575 1715 cladis,
595 1644 711 1704 emissa
730 1645 769 1703 de
788 1642 931 1702 manibus
952 1657 1003 1700 res
1025 1649 1073 1701 est

107 1732 245 1785 metuens
265 1726 346 1786 enim
358 1726 463 1787 Livius
486 1742 525 1787 ne
546 1743 697 1789 successu
719 1732 821 1786 tantae
834 1725 879 1783 rei
894 1723 1016 1784 inflatus
1030 1723 1086 1783 Po·

107 1809 269 1886 lyxenidas
285 1812 418 1871 classem
433 1827 513 1885 quae
527 1811 568 1871 ad
579 1810 679 1871 canas
695 1815 760 1868 erat
775 1807 969 1882 opprimeret,
984 1806 1088 1886 Abydi

107 1893 270 1955 obsidione
285 1895 487 1968 custodiaque
501 1893 692 1967 Hellesponti
707 1891 861 1965 extemplo
876 1891 981 1951 relicta
992 1907 1088 1952 naves

107 1993 188 2054 quae
202 1977 373 2039 subductae
388 1977 478 2037 Canis
494 1982 581 2037 erant
594 1975 729 2036 deduxit.
753 1982 783 2035 et
794 1973 947 2036 Eumenes
963 1974 1087 2036 Elaeam

108 2062 200 2122 venit.
233 2060 338 2120 Livius
360 2060 442 2119 omni
457 2060 573 2132 classe,
594 2059 643 2119 cui
660 2059 841 2120 adiunxerat
856 2061 933 2120 duas
948 2061 1087 2121 triremes

105 2145 318 2222 Mitylenaeas,
333 2142 505 2202 Phocaeam
520 2143 602 2218 petit.
626 2158 717 2216 quam
733 2158 802 2203 cum
817 2143 912 2203 teneri
925 2142 1028 2203 valido
1040 2159 1086 2202 re·

106 2228 157 2304 gio
184 2226 342 2301 praesidio
368 2224 507 2284 audisset
529 2240 586 2286 nec
612 2227 721 2301 procul
743 2225 864 2287 Seleuci
885 2233 987 2287 castra
1006 2241 1087 2300 esse,

107 2311 315 2386 depopulatus
340 2309 518 2370 maritimam
537 2325 636 2385 oram,
658 2316 689 2370 et
708 2310 824 2385 praeda
840 2311 972 2369 maxime
993 2310 1089 2369 homi-

106 2412 180 2455 num
196 2394 306 2470 raptim
327 2394 357 2453 in
371 2408 467 2454 naves
482 2392 626 2469 imposita
639 2400 755 2455 tantum
770 2401 921 2468 moratus,
943 2395 1015 2453 dum
1028 2394 1089 2453 Eu·

105 2494 213 2539 menes
236 2493 304 2538 cum
319 2479 420 2538 classe
435 2478 671 2553 adsequeretur,
694 2476 818 2538 Samum
833 2484 938 2554 petere
951 2477 1088 2538 intendit.

105 2561 235 2624 Rhodiis
251 2562 348 2637 primo
364 2562 466 2623 audita
484 2562 589 2623 clades
603 2563 694 2623 simul
709 2577 856 2637 pavorem
871 2562 961 2622 simul
975 2562 1089 2623 luctum

105 2647 260 2722 ingentem
274 2647 359 2707 lecit=
381 2662 451 2705 nam
465 2652 587 2720 praeter
596 2646 719 2706 navium
733 2646 922 2722 militumque
932 2646 1088 2720 iacturam,

107 2730 193 2805 quod
210 2729 311 2802 ilaris,
334 2730 418 2804 quod
432 2729 553 2791 ruboris
568 2730 599 2789 in
613 2730 768 2791 iuventute
782 2732 892 2805 luerat,
914 2730 1089 2803 amiserant

107 2813 209 2874 multis
229 2813 383 2874 nobilibus
404 2813 518 2872 secutis
540 2813 618 2872 inter
639 2820 740 2873 cetera
760 2814 968 2874 auctoritatem
982 2813 1089 2873 Pausi-

108 2896 203 2969 strati,
222 2910 302 2972 quae
316 2896 396 2955 inter
409 2912 484 2956 suos
498 2896 605 2956 merito
619 2896 753 2955 maxima
767 2903 840 2958 erat
879 2896 989 2956 deinde
1005 2895 1089 2972 quod

107 2980 216 3042 fraude
232 2980 322 3056 cepti,
337 2979 422 3055 quod
436 2995 455 3039 a
469 2980 535 3039 cive
550 2979 745 3053 potissimum
760 2995 817 3039 suo
834 2980 946 3053 loreut,
968 2980 999 3039 in
1013 2980 1089 3040 iram

106 3069 208 3127 luctus
222 3065 321 3125 vertit.
344 3064 451 3124 decem
466 3064 620 3138 extemplo
636 3078 741 3135 naves,
758 3070 788 3122 et
803 3063 910 3124 diebus
925 3070 998 3139 post
1013 3080 1088 3138 pan·

108 3150 152 3211 cis
164 3150 272 3210 decem
284 3147 361 3209 alias
372 3148 527 3223 praelecto
541 3147 674 3208 omnium
680 3148 818 3208 Eudamo
830 3147 986 3224 miserunt,
998 3163 1089 3224 quem

107 3233 175 3294 aliis
197 3233 360 3294 virtutibus
381 3231 498 3293 bellicis
519 3231 757 3308 haudquaquam
774 3231 962 3293 Pausistrato
983 3247 1088 3308 parem

109 3317 290 3391 cautiorem,
310 3333 372 3393 quo
387 3317 486 3377 minus
501 3315 594 3377 animi
609 3323 689 3392 eret,
709 3317 819 3377 ducem
833 3316 967 3378 futurum
983 3316 1088 3376 crede·

108 3401 192 3461 bant
226 3401 355 3462 Romani
376 3408 406 3463 et
424 3401 577 3463 Eumenes
601 3416 659 3461 rex
682 3400 713 3459 in
732 3399 932 3479 Erythraeam
959 3399 1087 3476 primum

109 3487 241 3545 classem
264 3485 484 3560 applicuerunt.
519 3484 561 3544 ibi
575 3489 696 3545 noctem
710 3500 803 3545 unam
817 3484 940 3558 morati,
961 3490 1088 3560 postero
