2600 4000
209 203 272 270 m
370 199 487 261 LIBER
499 197 648 260 XXXVII.
670 196 754 258 GAP·
771 204 796 259 l.
818 203 856 271 [e.
870 202 907 255 U.
924 218 949 256 c.
963 203 1027 269 662]

209 352 420 431 quercmibus,
444 351 485 412 ad
499 350 599 411 conas
621 348 733 410 classis
755 347 856 418 vonit;
888 353 919 407 et
933 361 1003 406 cum
1017 345 1077 406 iam
1091 346 1191 410 hierus

209 444 377 515 oppeteret,
392 436 480 498 losse
493 435 638 509 valloque
652 431 849 493 circumdatis
860 445 960 491 noves
975 429 1157 493 subductos.

292 521 384 582 Exitu
398 519 470 580 enni
484 516 607 579 comitia
617 516 736 577 Romae
748 512 868 591 habite,
883 512 997 591 quibus
1011 514 1107 576 crecti
1121 523 1193 577 sunt

209 606 355 668 consules
370 604 403 663 L.
419 600 579 663 cornelius
594 598 701 676 Scipio
715 606 747 660 et
761 598 792 660 c.
804 598 942 675 Laelius,
957 595 992 639 **
1005 597 1191 661 intuentibus

209 689 328 752 cunctis
343 690 382 750 ed
397 686 566 749 finiendum
580 700 649 744 curn
663 682 817 745 Antiocho
838 682 962 744 bellum.
992 690 1121 760 postero
1142 683 1191 745 die
1287 715 1288 718 =

209 780 370 850 praetores
392 769 486 832 necti
504 769 545 829 lli.
561 767 693 829 Tuccius
707 767 741 827 L.
756 763 985 829 Aurunculeius
1000 766 1053 828 (ln.
1065 766 1191 829 Fulvius

208 858 242 917 L.
257 855 408 918 Aemilius
421 855 453 914 P.
468 852 575 915 lunius
591 850 623 911 C.
637 849 761 912 Atinius
774 851 888 913 Labeo.

532 1198 676 1295 itit
720 1196 863 1293 livi

454 1344 514 1408 AB
544 1346 677 1409 URBE
710 1344 944 1409 conum

555 1460 668 1530 LIBER
688 1460 836 1524 xxxvii.

613 1602 785 1616 “⁸¹⁸⁹-

223 1729 371 1782 ΕΡΙΤΟΜΕ.
399 1730 429 1781 L.
440 1727 570 1780 Cornelius
580 1726 665 1794 Scipio
675 1727 778 1789 consul,
794 1727 879 1794 legato
891 1729 919 1779 P.
931 1726 1050 1793 Scipione
1059 1726 1193 1789 Africano,

260 1801 304 1864 qui
313 1814 342 1850 sc
350 1800 462 1865 legatum
471 1797 557 1848 lrstris
566 1796 679 1848 loturum
689 1797 802 1857 dixerat,
821 1797 845 1847 sl
858 1798 882 1847 cl
893 1795 997 1847 Graecis
1006 1796 1139 1861 provincie
1148 1798 1195 1847 de-

261 1876 417 1927 cerneretur,
434 1881 494 1917 cnm
512 1865 540 1917 0.
558 1865 660 1929 Leelio,
683 1867 728 1930 qui
745 1866 853 1916 multum
871 1867 898 1916 in
915 1872 1006 1916 seneln
1022 1871 1124 1930 poteret
1163 1880 1194 1916 ce

257 1937 387 2002 provincio
401 1937 457 1986 deri
467 1935 600 1995 rideretur,
611 1934 741 2001 proiectus
754 1935 788 1986 ed
800 1933 895 1985 bellum
904 1935 1028 1986 euvenus
1035 1933 1097 1984 Anti
1148 1949 1194 1985 nm

257 2007 413 2071 gerendum,
432 2005 459 2054 in
470 2005 558 2054 Asiam
568 2006 665 2070 primus
676 2005 790 2055 omnium
798 2004 972 2056 Romanorum
981 2005 1074 2055 (lucum
1082 2005 1191 2058 traiecit.
1226 2020 1230 2028 ·

257 2074 382 2125 Aemilius
390 2073 506 2141 Regillus
523 2074 647 2125 adversus
662 2073 760 2141 regium
774 2073 882 2124 clasem
896 2072 1016 2124 Antiochi
1027 2071 1135 2124 ieliciter
1143 2088 1193 2139 pu·

259 2147 346 2210 guerit
355 2144 389 2195 etl
397 2145 563 2210 Myonnesum
571 2143 679 2195 Rhodiis
688 2143 876 2194 adinventibus.
896 2141 964 2192 filius
974 2141 1193 2193 AlrlounlebAn·

255 2213 341 2265 tiocho
351 2220 441 2279 ceptus
450 2212 517 2278 petri
530 2213 653 2262 remissus
669 2221 717 2270 est.
737 2211 781 2262 Μ’.
790 2210 889 2263 Acilius
899 2211 1002 2263 Glabrio
1015 2211 1047 2262 de
1055 2210 1193 2272 Antiocho,

256 2298 332 2347 quem
341 2282 446 2333 Graecia
455 2280 601 2347 expulerat,
621 2289 646 2332 et
661 2282 694 2332 dc
702 2281 800 2334 Aetolis
815 2279 992 2346 triumphavit.
1014 2280 1081 2330 victo
1099 2280 1195 2331 deinde

256 2352 382 2402 Antiocho
392 2350 446 2401 eL.
458 2348 572 2400 Cornelio
584 2348 713 2415 Scipione,
723 2351 860 2402 adiuvante
868 2350 982 2401 Eumene
993 2364 1054 2415 rege
1062 2349 1194 2416 Pergami,

259 2404 339 2470 Steti
346 2420 414 2484 lilio,
432 2433 484 2483 pax
496 2417 555 2468 dete
564 2425 603 2468 est
615 2433 646 2467 ee
656 2419 813 2485 condicione,
829 2427 859 2470 ut
873 2418 991 2470 omnibus
1002 2417 1144 2484 provinciis
1157 2420 1195 2468 ci·

258 2496 297 2536 tre
315 2488 425 2537 Taurum
442 2494 553 2536 montem
572 2486 681 2536 cederet.
710 2486 831 2549 Eumeni,
853 2503 903 2552 quo
921 2488 1025 2539 iuvante
1046 2485 1195 2537 Antiochus

258 2555 341 2604 vlctns
359 2562 426 2619 eret,
451 2567 559 2618 regnum
580 2553 739 2618 ampliatum.
766 2555 874 2608 Rhodiis
895 2571 1011 2620 quoque,
1036 2549 1081 2619 qSl
1100 2564 1127 2606 ct
1140 2555 1194 2621 ipsi

257 2622 387 2688 iuvenem,
405 2621 530 2685 quaedam
540 2621 810 2678 nvtnnsoonccssao.
828 2624 928 2677 colonie
940 2625 1050 2676 deduc·
1057 2623 1194 2674 estBonc·

257 2691 308 2747 nie.
326 2689 451 2742 Aemilius
459 2688 589 2756 Regillus,
609 2692 654 2754 qni
670 2692 812 2758 praelecto!
820 2692 939 2745 Antiochi
952 2692 1035 2745 navali
1051 2693 1195 2744 oerlcmlne

256 2759 365 2827 vicem,
383 2759 501 2811 novalem
510 2760 757 2826 triumphnmduxlt.
776 2761 806 2813 L.
818 2761 950 2814 Gon-relius
960 2761 1063 2828 Scipio,
1076 2762 1122 2825 qni
1132 2777 1195 2812 cum

254 2829 380 2948 Antiocho
396 2829 581 2895 debellaverat,
599 2833 752 2898 cognomine
773 2831 846 2880 fratri
861 2841 986 2895 sequetur
997 2831 1127 2882 Asiaticus
1144 2845 1194 2896 ep·

253 2912 287 2964 po
305 2906 362 2951 otus
375 2907 422 2951 est.

287 3013 309 3070 l.
342 3010 375 3073 L.
398 3013 538 3075 cornelio
557 3013 703 3090 Scipione
724 3014 755 3075 C.
769 3014 874 3075 Laelio
900 3015 1080 3076 consulibus
1103 3018 1195 3077 nulle

203 3097 290 3171 prius
305 3098 475 3160 secundum
488 3098 655 3172 religiones
667 3104 736 3159 ecte
746 3099 777 3158 in
788 3105 899 3160 senatu
912 3115 964 3159 res
979 3105 1027 3159 est
1042 3101 1195 3175 quamde

202 3180 331 3241 Aetolis.
359 3187 391 3241 et
409 3181 501 3255 legati
522 3195 629 3241 eorum
648 3181 807 3256 insistere,
828 3183 901 3258 quia
914 3182 1040 3243 brevem
1054 3183 1194 3244 indutia-
1287 3168 1288 3247 ἶ

201 3279 269 3325 rum
283 3264 364 3324 diem
377 3262 545 3340 hebebant,
567 3271 596 3325 et
616 3265 655 3325 ab
675 3264 707 3323 T.
723 3264 877 3339 Quinctio,
900 3267 1034 3342 quitum
1055 3266 1195 3328 Romam

201 3362 242 3408 cx
257 3347 384 3409 Graecia
404 3348 550 3424 redierat,
575 3348 671 3409 adiuti
685 3355 765 3410 sunt.
797 3349 915 3424 Aetoli,
928 3356 962 3412 ut
984 3350 1097 3424 quibus
1113 3352 1193 3426 plus

206 3430 454 3499 inmisericordia
469 3438 594 3494 senatus
607 3448 700 3509 quarn
712 3431 742 3491 in
755 3447 851 3494 cause
864 3434 933 3509 spei
947 3439 1046 3507 esset,
1063 3435 1194 3511 suppli·
