2600 4000
216 209 280 273 aaa
351 206 466 268 Libra
476 205 637 266 xxxvur.
652 189 743 265 aar.
757 211 799 265 14.
812 213 854 266 rs.
878 210 914 277 [ι.
926 207 961 261 υ.
973 224 997 261 0.
1010 207 1072 275 soa]
1144 272 1149 281 ‚

216 360 313 423 oratio
335 359 390 420 luit
409 356 574 421 summissa
594 364 625 418 et
644 356 787 434 infracta,
812 356 1004 420 extenuantis
1025 373 1104 435 opes
1125 376 1200 421 suas

218 444 401 521 urbiumque
412 458 489 504 suae
500 441 628 504 dicionis
640 448 806 518 egestatem
818 442 985 518 querentis.
1001 449 1089 503 erant
1099 449 1200 505 autem

218 528 277 590 snb
292 544 330 589 eo
345 533 469 603 praeter
483 525 625 602 Cibyram
639 532 669 586 et
680 524 807 604 Syleum
822 534 853 587 et
862 526 983 592 Alimne
998 542 1079 602 quae
1093 528 1200 603 appel-

218 614 304 674 latur.
326 627 365 672 ex
380 609 443 685 his,
464 617 498 671 ut
512 624 547 669 se
561 620 701 685 suosque
715 609 878 686 spoliaret,
899 609 1037 685 quinque
1051 616 1083 670 et
1095 610 1201 686 viginti

29 697 33 703 '
149 705 152 710 ’
217 698 330 758 talentu
348 710 385 755 se
400 693 623 768 coniecturum,
644 708 744 769 prope
756 701 790 755 ut
804 693 964 768 diffidens,
987 692 1200 770 pollicebatur.

216 779 413 855 „enimvero“
433 777 531 854 inquit
546 778 655 839 consul
673 777 765 852 „lerri
786 777 846 837 iam
868 776 1036 839 ludificatio
1057 776 1119 839 ista
1140 794 1201 839 non

217 868 328 939 potest
350 877 458 937 parum
472 867 595 922 estnon
610 860 772 922 embaisse
782 861 950 935 absentem,
969 876 1039 921 cum
1050 876 1108 936 per
1119 863 1201 937 lega·

218 954 267 1009 tos
288 945 478 1016 frustrareris
499 961 574 1006 nos:
602 959 753 1020 praesens
769 960 895 1021 quoque
909 945 940 1005 in
955 945 1064 1008 eadem
1077 953 1201 1021 perstas

216 1028 412 1106 impudentia.
440 1028 575 1106 quinque
595 1035 625 1090 et
645 1027 750 1104 viginti
770 1030 884 1090 talenta
903 1027 1098 1107 tyrannidem
1120 1035 1202 1107 tuam
1258 1061 1259 1064 π

217 1110 418 1172 exhauriente
445 1112 609 1190 quingenta
629 1128 703 1188 ergo
726 1113 837 1173 talenta
856 1112 916 1172 nisi
930 1112 1030 1174 triduo
1046 1127 1202 1189 numeras,

216 1195 444 1273 populationem
458 1196 489 1256 in
505 1196 596 1272 agris,
612 1196 806 1258 obsidionem
817 1196 847 1255 in
859 1196 936 1257 urbe
947 1201 1128 1274 exspectu‘⁴
1142 1196 1202 1257 hac

218 1278 446 1340 denuntiatione
467 1280 649 1341 conterritus
670 1287 809 1356 perstare
828 1287 929 1340 tamen
950 1279 981 1339 in
995 1278 1145 1355 pertinaci
1159 1280 1200 1340 si·

216 1361 381 1423 mulatione
395 1362 527 1437 inopiae.
563 1371 593 1423 et
606 1364 753 1440 paulatim
766 1363 905 1425 illiberali
920 1363 1101 1438 adiectione,
1114 1379 1199 1425 nunc

217 1461 273 1522 per
288 1444 520 1521 cavillationem,
535 1462 617 1507 nunc
631 1448 777 1522 precibus
791 1454 822 1507 el
835 1446 983 1508 simulatis
998 1446 1144 1522 lacrimiS,
1160 1448 1198 1507 ad

217 1535 338 1590 centmn
357 1530 472 1591 talenta
490 1535 539 1589 est
559 1530 738 1605 perductus.
773 1531 894 1591 adiecta
913 1532 1020 1591 decem
1040 1528 1123 1590 milia
1138 1547 1200 1591 me·
1236 1555 1239 1560 ·

217 1613 352 1675 dimnum
366 1613 517 1684 frumenti.
538 1612 615 1673 haec
631 1613 732 1674 omnia
745 1614 824 1675 intra
838 1630 895 1674 sex
911 1615 977 1675 dies
993 1620 1112 1675 exacta

300 1697 366 1759 XV.
393 1700 422 1757 A
437 1698 549 1777 Cibyra
568 1711 624 1772 per
643 1712 736 1772 agros
751 1696 948 1758 Sindensium
969 1697 1124 1758 exercitus
1146 1700 1198 1759 du-

218 1790 300 1858 ctus,
330 1788 607 1858 transgressusque
632 1780 788 1841 Caularem
813 1797 933 1841 amnem
959 1779 1063 1857 posuit
1088 1789 1199 1843 castra.

178 1893 181 1899 ·
216 1873 343 1941 postero
359 1866 409 1926 die
423 1872 545 1942 praeter
560 1863 702 1928 Caralitin
718 1864 861 1940 paludem
876 1880 985 1940 agmen
1001 1865 1144 1937 duotum;
1159 1866 1197 1926 ad

217 1949 429 2025 Madamprum
449 1955 636 2033 manserunt.
666 1949 737 2010 inde
757 1948 1025 2031 progredientibus
1046 1947 1085 2009 ab
1104 1948 1199 2025 Laco,

217 2033 357 2110 proxima
371 2033 456 2108 urbe,
471 2040 553 2094 metu
567 2033 687 2115 incolae
702 2032 857 2109 iugerum:
879 2049 1010 2094 vacuum
1021 2030 1199 2094 hominibus

214 2123 246 2177 et
264 2117 409 2178 relertum
434 2132 535 2178 rerum
565 2117 698 2177 omnium
719 2116 808 2192 copia
829 2116 978 2191 oppidum
999 2115 1199 2192 diripuerunt

216 2201 289 2262 inde
303 2201 344 2262 ad
357 2200 450 2280 Lysis
464 2200 601 2270 fluminis
617 2202 733 2273 lontes,
756 2206 882 2276 postero
897 2200 948 2260 die
962 2201 1002 2261 ad
1017 2199 1201 2262 Cobulatum

214 2300 336 2345 amnem
347 2284 515 2362 progressi.
529 2285 766 2346 Termessenses
778 2299 816 2344 eo
827 2291 966 2359 tempore
971 2283 1200 2347 Isiondensium

116 2422 122 2432 .
216 2368 317 2430 arcem
342 2370 419 2431 urbe
444 2376 533 2445 capta
554 2369 783 2444 oppugnabant.
819 2365 930 2446 inclusi
952 2384 1020 2430 cum
1041 2368 1102 2428 alia
1116 2385 1200 2449 spes

215 2452 319 2514 auxilii
335 2453 417 2514 nulla
431 2459 522 2522 esset,
537 2453 656 2526 legatos
671 2453 711 2512 ad
726 2452 886 2513 consudem
901 2460 1025 2513 orantes
1040 2467 1133 2528 opem
1145 2454 1200 2513 mi-

216 2541 337 2595 serunt:
371 2550 439 2595 cum
465 2534 646 2608 coniugibus
672 2550 709 2594 ac
728 2534 832 2595 liberis
853 2534 884 2594 in
905 2552 977 2596 arce
1001 2535 1142 2598 inclusos
1165 2552 1201 2598 se

164 2688 169 2696 ‚
214 2624 341 2679 mortem
353 2617 382 2675 in
395 2617 472 2688 dies,
487 2622 541 2693 aut,
552 2617 633 2677 lerro
648 2624 703 2677 aut
714 2619 793 2679 lame
804 2619 989 2698 patiendam,
1004 2628 1199 2695 exspectare

215 2701 329 2767 volenti
353 2695 476 2761 'consuli
496 2714 591 2760 causa
610 2700 641 2761 in
661 2700 873 2781 Pamphyliam
894 2703 1072 2765 devertendi
1095 2704 1200 2764 oblata

214 2791 272 2846 est.
296 2783 467 2845 adveniens
485 2782 651 2845 ¹obsidione
671 2785 863 2848 Isiondensis
884 2786 1011 2860 exemit,
1032 2789 1200 2849 Termesso

216 2883 324 2944 pacem
345 2869 429 2931 dedit
450 2868 671 2945 quinquaginta
684 2870 806 2931 talentis
820 2870 938 2946 argenti
951 2870 1103 2946 acceptis;
1127 2871 1199 2932 item

130 3012 132 3017 ,
213 2951 382 3027 Aspendiis
397 2953 570 3029 ceterisque
584 2952 783 3033 Pamphyliae
798 2955 933 3030 populis.
963 2970 1002 3015 ex
1016 2954 1199 3033 Pamphylia

213 3035 338 3097 rediens
353 3037 393 3097 ad
408 3034 534 3097 fluvium
545 3037 677 3098 Taurum
687 3037 786 3113 primo
798 3038 857 3112 die,
872 3045 1000 3114 postero
1013 3038 1052 3099 ad
1062 3039 1199 3117 Xylinen
1289 3040 1293 3048 ’

214 3134 305 3195 quarn
318 3126 431 3181 vocant
445 3121 557 3182 Comen
572 3121 679 3196 posuit
693 3129 804 3182 castra.
818 3187 822 3194 ,
838 3123 998 3198 proiectus
1013 3122 1085 3182 inde
1100 3120 1199 3184 conti·

161 3262 165 3269 ,
213 3202 354 3264 uentibus
379 3203 536 3265 itineribus
558 3203 598 3264 ad
619 3204 767 3267 Cormasa
786 3206 891 3267 urbem
914 3206 1062 3282 pervenit.
1097 3207 1199 3269 Darsa

102 3354 104 3358 .
211 3287 354 3362 proxima
373 3287 448 3349 urbs
469 3294 548 3348 erat:
570 3303 639 3347 eam
657 3295 741 3349 metu
760 3291 929 3352 incolarum
944 3292 1113 3366 desertam,
1131 3291 1198 3366 ple-

213 3387 283 3431 nam
304 3370 438 3432 omnium
462 3377 563 3441 rerum
577 3370 813 3448 copia-invenit.
846 3374 1055 3450 progredienti
1076 3382 1199 3450 praeter

168 3480 175 3488 ²
213 3450 344 3528 paludes
369 3454 460 3530 legati
480 3453 519 3514 ab
538 3454 675 3534 Lysinoe
695 3456 843 3517 dedentes
865 3457 1198 3519 civitatem'venerunt.
