<?xml version="1.0" encoding="UTF-8"?>
<!DOCTYPE html PUBLIC "-//W3C//DTD XHTML 1.0 Transitional//EN"
    "http://www.w3.org/TR/xhtml1/DTD/xhtml1-transitional.dtd">
<html xmlns="http://www.w3.org/1999/xhtml" xml:lang="en" lang="en">
 <head>
  <title>
</title>
<meta http-equiv="Content-Type" content="text/html;charset=utf-8" />
  <meta name='ocr-system' content='tesseract 3.04.00' />
  <meta name='ocr-capabilities' content='ocr_page ocr_carea ocr_par ocr_line ocrx_word'/>
</head>
<body>
  <div class='ocr_page' id='page_1' title='image "./aburbeconditali00mlgoog_0139.png"; bbox 0 0 2600 4000; ppageno 0'>
   <div class='ocr_carea' id='block_1_1' title="bbox 244 222 1096 302">
    <p class='ocr_par' dir='ltr' id='par_1_1' title="bbox 244 222 1096 302">
     <span class='ocr_line' id='line_1_1' title="bbox 244 222 1096 302; baseline 0.011 -18"><span class='ocrx_word' id='word_1_1' title='bbox 244 222 360 285; x_wconf 74' lang='lat' dir='ltr'><strong>LIBER</strong></span> <span class='ocrx_word' id='word_1_2' title='bbox 374 222 506 284; x_wconf 81' lang='lat' dir='ltr'><strong>xllxlll.</strong></span> <span class='ocrx_word' id='word_1_3' title='bbox 530 223 613 284; x_wconf 72' lang='lat' dir='ltr'><strong>cap.</strong></span> <span class='ocrx_word' id='word_1_4' title='bbox 627 232 784 289; x_wconf 69' lang='lat' dir='ltr'><strong>aaran</strong></span> <span class='ocrx_word' id='word_1_5' title='bbox 807 231 892 299; x_wconf 64' lang='lat' dir='ltr'><strong>[aa.</strong></span> <span class='ocrx_word' id='word_1_6' title='bbox 909 233 971 302; x_wconf 83' lang='lat' dir='ltr'><strong>roe]</strong></span> <span class='ocrx_word' id='word_1_7' title='bbox 1036 224 1096 292; x_wconf 81' lang='lat' dir='ltr'><strong>too</strong></span> 
     </span>
    </p>
   </div>
   <div class='ocr_carea' id='block_1_2' title="bbox 116 374 1097 619">
    <p class='ocr_par' dir='ltr' id='par_1_2' title="bbox 116 374 1097 619">
     <span class='ocr_line' id='line_1_2' title="bbox 118 374 1096 452; baseline -0.001 -10"><span class='ocrx_word' id='word_1_8' title='bbox 118 376 179 442; x_wconf 84' lang='lat' dir='ltr'><strong>tius</strong></span> <span class='ocrx_word' id='word_1_9' title='bbox 199 374 318 450; x_wconf 83' lang='lat' dir='ltr'><strong>offecit,</strong></span> <span class='ocrx_word' id='word_1_10' title='bbox 338 376 542 452; x_wconf 76' lang='lat' dir='ltr'>vulgataeque</span> <span class='ocrx_word' id='word_1_11' title='bbox 558 374 675 442; x_wconf 73' lang='lat' dir='ltr'>litterae</span> <span class='ocrx_word' id='word_1_12' title='bbox 694 376 725 437; x_wconf 83' lang='lat' dir='ltr'><strong>(l.</strong></span> <span class='ocrx_word' id='word_1_13' title='bbox 741 374 956 452; x_wconf 87' lang='lat' dir='ltr'><strong>Sempronium</strong></span> <span class='ocrx_word' id='word_1_14' title='bbox 975 377 1096 441; x_wconf 84' lang='lat' dir='ltr'><strong>Tudita-</strong></span> 
     </span>
     <span class='ocr_line' id='line_1_3' title="bbox 116 456 1097 537; baseline -0.002 -12"><span class='ocrx_word' id='word_1_15' title='bbox 116 476 190 525; x_wconf 86' lang='lat' dir='ltr'><strong>num</strong></span> <span class='ocrx_word' id='word_1_16' title='bbox 210 460 431 537; x_wconf 81' lang='lat' dir='ltr'><strong>proconsulem</strong></span> <span class='ocrx_word' id='word_1_17' title='bbox 450 458 482 520; x_wconf 96' lang='lat' dir='ltr'><strong>in</strong></span> <span class='ocrx_word' id='word_1_18' title='bbox 502 457 644 521; x_wconf 90' lang='lat' dir='ltr'><strong>citeriore</strong></span> <span class='ocrx_word' id='word_1_19' title='bbox 663 456 815 535; x_wconf 80' lang='lat' dir='ltr'>Hispania</span> <span class='ocrx_word' id='word_1_20' title='bbox 834 459 952 534; x_wconf 81' lang='lat' dir='ltr'><strong>proelio</strong></span> <span class='ocrx_word' id='word_1_21' title='bbox 973 459 1097 537; x_wconf 86' lang='lat' dir='ltr'><strong>victum,</strong></span> 
     </span>
     <span class='ocr_line' id='line_1_4' title="bbox 116 541 1097 619; baseline -0.004 -11"><span class='ocrx_word' id='word_1_22' title='bbox 116 544 287 608; x_wconf 86' lang='lat' dir='ltr'><strong>exercitum</strong></span> <span class='ocrx_word' id='word_1_23' title='bbox 301 542 370 605; x_wconf 91' lang='lat' dir='ltr'><strong>eius</strong></span> <span class='ocrx_word' id='word_1_24' title='bbox 391 543 494 605; x_wconf 87' lang='lat' dir='ltr'><strong>lusum</strong></span> <span class='ocrx_word' id='word_1_25' title='bbox 514 544 666 619; x_wconf 80' lang='lat' dir='ltr'><strong>iugatum,</strong></span> <span class='ocrx_word' id='word_1_26' title='bbox 690 543 803 604; x_wconf 88' lang='lat' dir='ltr'><strong>multos</strong></span> <span class='ocrx_word' id='word_1_27' title='bbox 824 541 950 604; x_wconf 87' lang='lat' dir='ltr'><strong>illustris</strong></span> <span class='ocrx_word' id='word_1_28' title='bbox 968 542 1052 605; x_wconf 89' lang='lat' dir='ltr'><strong>viros</strong></span> <span class='ocrx_word' id='word_1_29' title='bbox 1066 543 1097 604; x_wconf 91' lang='lat' dir='ltr'><strong>in</strong></span> 
     </span>
    </p>
   </div>
   <div class='ocr_carea' id='block_1_3' title="bbox 4 624 1098 702">
    <p class='ocr_par' dir='ltr' id='par_1_3' title="bbox 4 624 1098 702">
     <span class='ocr_line' id='line_1_5' title="bbox 4 624 1098 702; baseline -0.004 -11"><span class='ocrx_word' id='word_1_30' title='bbox 4 685 9 698; x_wconf 83' lang='lat'><strong>,</strong></span> <span class='ocrx_word' id='word_1_31' title='bbox 117 627 186 691; x_wconf 90' lang='lat' dir='ltr'><strong>acie</strong></span> <span class='ocrx_word' id='word_1_32' title='bbox 200 625 368 701; x_wconf 89' lang='lat' dir='ltr'><strong>cecidisse,</strong></span> <span class='ocrx_word' id='word_1_33' title='bbox 389 625 570 691; x_wconf 75' lang='lat' dir='ltr'><strong>Tuditanum</strong></span> <span class='ocrx_word' id='word_1_34' title='bbox 584 642 655 688; x_wconf 89' lang='lat' dir='ltr'><strong>oum</strong></span> <span class='ocrx_word' id='word_1_35' title='bbox 674 624 761 702; x_wconf 81' lang='lat' dir='ltr'><strong>gravi</strong></span> <span class='ocrx_word' id='word_1_36' title='bbox 774 627 902 687; x_wconf 80' lang='lat' dir='ltr'><strong>vtrlnerc</strong></span> <span class='ocrx_word' id='word_1_37' title='bbox 916 626 1044 689; x_wconf 88' lang='lat' dir='ltr'><strong>relatum</strong></span> <span class='ocrx_word' id='word_1_38' title='bbox 1059 644 1098 688; x_wconf 88' lang='lat' dir='ltr'><strong>ex</strong></span> 
     </span>
    </p>
   </div>
   <div class='ocr_carea' id='block_1_4' title="bbox 44 707 1164 3549">
    <p class='ocr_par' dir='ltr' id='par_1_4' title="bbox 44 707 1164 3549">
     <span class='ocr_line' id='line_1_6' title="bbox 117 707 1096 790; baseline 0 -17"><span class='ocrx_word' id='word_1_39' title='bbox 117 710 237 790; x_wconf 88' lang='lat' dir='ltr'><strong>proelio</strong></span> <span class='ocrx_word' id='word_1_40' title='bbox 251 710 335 773; x_wconf 84' lang='lat' dir='ltr'><strong>haud</strong></span> <span class='ocrx_word' id='word_1_41' title='bbox 348 708 390 773; x_wconf 85' lang='lat' dir='ltr'><strong>ita</strong></span> <span class='ocrx_word' id='word_1_42' title='bbox 400 711 495 773; x_wconf 91' lang='lat' dir='ltr'><strong>multo</strong></span> <span class='ocrx_word' id='word_1_43' title='bbox 506 715 579 787; x_wconf 92' lang='lat' dir='ltr'><strong>post</strong></span> <span class='ocrx_word' id='word_1_44' title='bbox 589 709 779 786; x_wconf 79' lang='lat' dir='ltr'><strong>exspirasse.</strong></span> <span class='ocrx_word' id='word_1_45' title='bbox 802 707 982 771; x_wconf 90' lang='lat' dir='ltr'><strong>consulibus</strong></span> <span class='ocrx_word' id='word_1_46' title='bbox 992 710 1096 773; x_wconf 90' lang='lat' dir='ltr'><strong>ambo·</strong></span> 
     </span>
     <span class='ocr_line' id='line_1_7' title="bbox 116 791 1164 870; baseline 0.002 -12"><span class='ocrx_word' id='word_1_47' title='bbox 116 796 178 858; x_wconf 88' lang='lat' dir='ltr'><strong>bus</strong></span> <span class='ocrx_word' id='word_1_48' title='bbox 197 793 283 857; x_wconf 90' lang='lat' dir='ltr'><strong>ltalia</strong></span> <span class='ocrx_word' id='word_1_49' title='bbox 302 791 463 870; x_wconf 86' lang='lat' dir='ltr'><strong>provincia</strong></span> <span class='ocrx_word' id='word_1_50' title='bbox 483 811 551 856; x_wconf 84' lang='lat' dir='ltr'><strong>curn</strong></span> <span class='ocrx_word' id='word_1_51' title='bbox 571 792 611 855; x_wconf 92' lang='lat' dir='ltr'><strong>iis</strong></span> <span class='ocrx_word' id='word_1_52' title='bbox 630 791 803 869; x_wconf 76' lang='lat' dir='ltr'><strong>legionibus</strong></span> <span class='ocrx_word' id='word_1_53' title='bbox 826 810 904 870; x_wconf 92' lang='lat' dir='ltr'><strong>quas</strong></span> <span class='ocrx_word' id='word_1_54' title='bbox 919 791 1098 870; x_wconf 80' lang='lat' dir='ltr'><strong>superiores</strong></span> <span class='ocrx_word' id='word_1_55' title='bbox 1162 857 1164 860; x_wconf 79' lang='grc'>,</span> 
     </span>
     <span class='ocr_line' id='line_1_8' title="bbox 119 873 1097 953; baseline -0.005 -10"><span class='ocrx_word' id='word_1_56' title='bbox 119 880 265 943; x_wconf 89' lang='lat' dir='ltr'><strong>consules</strong></span> <span class='ocrx_word' id='word_1_57' title='bbox 276 876 458 940; x_wconf 76' lang='lat' dir='ltr'><strong>habuissent</strong></span> <span class='ocrx_word' id='word_1_58' title='bbox 470 877 603 951; x_wconf 89' lang='lat' dir='ltr'><strong>decreta,</strong></span> <span class='ocrx_word' id='word_1_59' title='bbox 613 884 684 940; x_wconf 89' lang='lat' dir='ltr'><strong>etut</strong></span> <span class='ocrx_word' id='word_1_60' title='bbox 695 873 838 953; x_wconf 88' lang='lat' dir='ltr'><strong>quattuor</strong></span> <span class='ocrx_word' id='word_1_61' title='bbox 849 876 988 953; x_wconf 79' lang='lat' dir='ltr'><strong>legiones</strong></span> <span class='ocrx_word' id='word_1_62' title='bbox 999 894 1097 939; x_wconf 90' lang='lat' dir='ltr'><strong>noves</strong></span> 
     </span>
     <span class='ocr_line' id='line_1_9' title="bbox 119 961 1094 1038; baseline -0.003 -13"><span class='ocrx_word' id='word_1_63' title='bbox 119 961 303 1036; x_wconf 90' lang='lat' dir='ltr'><strong>scriberent,</strong></span> <span class='ocrx_word' id='word_1_64' title='bbox 330 962 408 1023; x_wconf 89' lang='lat' dir='ltr'><strong>duas</strong></span> <span class='ocrx_word' id='word_1_65' title='bbox 425 962 575 1034; x_wconf 90' lang='lat' dir='ltr'><strong>urbanas,</strong></span> <span class='ocrx_word' id='word_1_66' title='bbox 602 961 681 1023; x_wconf 90' lang='lat' dir='ltr'><strong>duas</strong></span> <span class='ocrx_word' id='word_1_67' title='bbox 699 977 780 1037; x_wconf 87' lang='lat' dir='ltr'><strong>quae</strong></span> <span class='ocrx_word' id='word_1_68' title='bbox 802 977 864 1038; x_wconf 90' lang='lat' dir='ltr'><strong>quo</strong></span> <span class='ocrx_word' id='word_1_69' title='bbox 882 968 1009 1022; x_wconf 90' lang='lat' dir='ltr'><strong>senatus</strong></span> <span class='ocrx_word' id='word_1_70' title='bbox 1026 977 1094 1022; x_wconf 88' lang='lat' dir='ltr'><strong>cen-</strong></span> 
     </span>
     <span class='ocr_line' id='line_1_10' title="bbox 119 1041 1097 1118; baseline -0.004 -9"><span class='ocrx_word' id='word_1_71' title='bbox 119 1046 234 1109; x_wconf 86' lang='lat' dir='ltr'><strong>suisset</strong></span> <span class='ocrx_word' id='word_1_72' title='bbox 260 1044 459 1109; x_wconf 82' lang='lat' dir='ltr'><strong>ntitterentur.</strong></span> <span class='ocrx_word' id='word_1_73' title='bbox 507 1051 538 1106; x_wconf 91' lang='lat' dir='ltr'><strong>ct</strong></span> <span class='ocrx_word' id='word_1_74' title='bbox 564 1044 597 1104; x_wconf 83' lang='grc' dir='ltr'><strong>Τ.</strong></span> <span class='ocrx_word' id='word_1_75' title='bbox 626 1041 785 1118; x_wconf 78' lang='lat' dir='ltr'><strong>Quinctius</strong></span> <span class='ocrx_word' id='word_1_76' title='bbox 811 1043 999 1105; x_wconf 85' lang='lat' dir='ltr'><strong>Flamininus</strong></span> <span class='ocrx_word' id='word_1_77' title='bbox 1028 1061 1097 1105; x_wconf 90' lang='lat' dir='ltr'><strong>cum</strong></span> 
     </span>
     <span class='ocr_line' id='line_1_11' title="bbox 118 1126 1097 1205; baseline -0.001 -14"><span class='ocrx_word' id='word_1_78' title='bbox 118 1130 240 1193; x_wconf 85' lang='lat' dir='ltr'><strong>duabus</strong></span> <span class='ocrx_word' id='word_1_79' title='bbox 263 1126 437 1205; x_wconf 71' lang='lat' dir='ltr'><strong>legionibus</strong></span> <span class='ocrx_word' id='word_1_80' title='bbox 457 1126 648 1204; x_wconf 87' lang='lat' dir='ltr'><strong>provinciam</strong></span> <span class='ocrx_word' id='word_1_81' title='bbox 671 1129 780 1189; x_wconf 85' lang='lat' dir='ltr'><strong>eodem</strong></span> <span class='ocrx_word' id='word_1_82' title='bbox 801 1127 939 1189; x_wconf 88' lang='lat' dir='ltr'><strong>exercitu</strong></span> <span class='ocrx_word' id='word_1_83' title='bbox 959 1126 1097 1190; x_wconf 83' lang='lat' dir='ltr'><strong>obtinere</strong></span> 
     </span>
     <span class='ocr_line' id='line_1_12' title="bbox 117 1208 1096 1289; baseline -0.006 -13"><span class='ocrx_word' id='word_1_84' title='bbox 117 1212 239 1286; x_wconf 84' lang='lat' dir='ltr'><strong>iussus;</strong></span> <span class='ocrx_word' id='word_1_85' title='bbox 250 1210 447 1289; x_wconf 88' lang='lat' dir='ltr'><strong>imperiumci</strong></span> <span class='ocrx_word' id='word_1_86' title='bbox 457 1219 656 1288; x_wconf 81' lang='lat' dir='ltr'><strong>prorogatum</strong></span> <span class='ocrx_word' id='word_1_87' title='bbox 666 1211 741 1273; x_wconf 91' lang='lat' dir='ltr'><strong>satis</strong></span> <span class='ocrx_word' id='word_1_88' title='bbox 752 1210 812 1272; x_wconf 91' lang='lat' dir='ltr'><strong>iam</strong></span> <span class='ocrx_word' id='word_1_89' title='bbox 824 1219 894 1273; x_wconf 90' lang='lat' dir='ltr'><strong>ante</strong></span> <span class='ocrx_word' id='word_1_90' title='bbox 905 1208 1004 1272; x_wconf 85' lang='lat' dir='ltr'><strong>videri</strong></span> <span class='ocrx_word' id='word_1_91' title='bbox 1014 1228 1096 1274; x_wconf 86' lang='lat' dir='ltr'><strong>esse.</strong></span> 
     </span>
     <span class='ocr_line' id='line_1_13' title="bbox 117 1293 1096 1373; baseline -0.003 -14"><span class='ocrx_word' id='word_1_92' title='bbox 117 1297 225 1359; x_wconf 87' lang='lat' dir='ltr'><strong>XXVI.</strong></span> <span class='ocrx_word' id='word_1_93' title='bbox 246 1305 405 1373; x_wconf 89' lang='lat' dir='ltr'><strong>praetores</strong></span> <span class='ocrx_word' id='word_1_94' title='bbox 427 1294 539 1357; x_wconf 88' lang='lat' dir='ltr'><strong>deinde</strong></span> <span class='ocrx_word' id='word_1_95' title='bbox 560 1294 736 1371; x_wconf 90' lang='lat' dir='ltr'><strong>provincias</strong></span> <span class='ocrx_word' id='word_1_96' title='bbox 757 1293 870 1369; x_wconf 91' lang='lat' dir='ltr'><strong>sortiti,</strong></span> <span class='ocrx_word' id='word_1_97' title='bbox 891 1295 925 1355; x_wconf 86' lang='lat' dir='ltr'><strong>L.</strong></span> <span class='ocrx_word' id='word_1_98' title='bbox 944 1293 1096 1371; x_wconf 76' lang='lat' dir='ltr'><strong>Apustius</strong></span> 
     </span>
     <span class='ocr_line' id='line_1_14' title="bbox 117 1377 1097 1453; baseline -0.003 -11"><span class='ocrx_word' id='word_1_99' title='bbox 117 1381 206 1443; x_wconf 86' lang='lat' dir='ltr'><strong>Fullo</strong></span> <span class='ocrx_word' id='word_1_100' title='bbox 221 1380 369 1449; x_wconf 89' lang='lat' dir='ltr'><strong>urbanam</strong></span> <span class='ocrx_word' id='word_1_101' title='bbox 388 1377 645 1453; x_wconf 86' lang='lat' dir='ltr'><strong>iurisdietionem,</strong></span> <span class='ocrx_word' id='word_1_102' title='bbox 665 1380 716 1440; x_wconf 89' lang='grc' dir='ltr'><strong>Μ’.</strong></span> <span class='ocrx_word' id='word_1_103' title='bbox 736 1377 856 1442; x_wconf 82' lang='lat' dir='ltr'><strong>Acilius</strong></span> <span class='ocrx_word' id='word_1_104' title='bbox 876 1377 998 1441; x_wconf 83' lang='lat' dir='ltr'><strong>Glabrio</strong></span> <span class='ocrx_word' id='word_1_105' title='bbox 1018 1377 1097 1440; x_wconf 92' lang='lat' dir='ltr'><strong>inter</strong></span> 
     </span>
     <span class='ocr_line' id='line_1_15' title="bbox 120 1460 1140 1540; baseline -0.003 -15"><span class='ocrx_word' id='word_1_106' title='bbox 120 1461 200 1527; x_wconf 90' lang='lat' dir='ltr'><strong>civis</strong></span> <span class='ocrx_word' id='word_1_107' title='bbox 221 1472 252 1524; x_wconf 91' lang='lat' dir='ltr'><strong>et</strong></span> <span class='ocrx_word' id='word_1_108' title='bbox 271 1461 466 1540; x_wconf 70' lang='lat' dir='ltr'><strong>peregrinos,</strong></span> <span class='ocrx_word' id='word_1_109' title='bbox 489 1463 523 1537; x_wconf 78' lang='lat' dir='ltr'><strong>Q.</strong></span> <span class='ocrx_word' id='word_1_110' title='bbox 537 1461 651 1526; x_wconf 86' lang='lat' dir='ltr'><strong>Fabius</strong></span> <span class='ocrx_word' id='word_1_111' title='bbox 666 1464 764 1525; x_wconf 90' lang='lat' dir='ltr'><strong>Buteo</strong></span> <span class='ocrx_word' id='word_1_112' title='bbox 778 1460 959 1538; x_wconf 87' lang='lat' dir='ltr'><strong>Hispaniam</strong></span> <span class='ocrx_word' id='word_1_113' title='bbox 973 1461 1095 1524; x_wconf 91' lang='lat' dir='ltr'><strong>ulterio·</strong></span> <span class='ocrx_word' id='word_1_114' title='bbox 1136 1476 1140 1484; x_wconf 78' lang='grc'>’</span> 
     </span>
     <span class='ocr_line' id='line_1_16' title="bbox 118 1543 1097 1620; baseline -0.003 -13"><span class='ocrx_word' id='word_1_115' title='bbox 118 1563 196 1618; x_wconf 86' lang='lat' dir='ltr'><strong>rem,</strong></span> <span class='ocrx_word' id='word_1_116' title='bbox 212 1545 245 1620; x_wconf 84' lang='lat' dir='ltr'><strong>Q.</strong></span> <span class='ocrx_word' id='word_1_117' title='bbox 256 1545 407 1610; x_wconf 88' lang='lat' dir='ltr'><strong>Minucius</strong></span> <span class='ocrx_word' id='word_1_118' title='bbox 417 1546 566 1609; x_wconf 86' lang='lat' dir='ltr'><strong>Thermus</strong></span> <span class='ocrx_word' id='word_1_119' title='bbox 577 1545 760 1620; x_wconf 79' lang='lat' dir='ltr'><strong>citeriorem,</strong></span> <span class='ocrx_word' id='word_1_120' title='bbox 776 1544 938 1607; x_wconf 85' lang='lat' dir='ltr'><strong>C.Laelius</strong></span> <span class='ocrx_word' id='word_1_121' title='bbox 953 1543 1097 1620; x_wconf 78' lang='lat' dir='ltr'><strong>Siciliam,</strong></span> 
     </span>
     <span class='ocr_line' id='line_1_17' title="bbox 119 1626 1098 1707; baseline -0.002 -16"><span class='ocrx_word' id='word_1_122' title='bbox 119 1629 164 1690; x_wconf 85' lang='lat' dir='ltr'><strong>Ti.</strong></span> <span class='ocrx_word' id='word_1_123' title='bbox 178 1629 379 1707; x_wconf 90' lang='lat' dir='ltr'><strong>Sempronius</strong></span> <span class='ocrx_word' id='word_1_124' title='bbox 398 1631 524 1707; x_wconf 72' lang='lat' dir='ltr'><strong>Longus</strong></span> <span class='ocrx_word' id='word_1_125' title='bbox 545 1629 727 1691; x_wconf 85' lang='lat' dir='ltr'><strong>Sardiniam.</strong></span> <span class='ocrx_word' id='word_1_126' title='bbox 765 1630 800 1704; x_wconf 80' lang='lat' dir='ltr'><strong>Q.</strong></span> <span class='ocrx_word' id='word_1_127' title='bbox 813 1628 908 1689; x_wconf 88' lang='lat' dir='ltr'><strong>Fabio</strong></span> <span class='ocrx_word' id='word_1_128' title='bbox 922 1626 1053 1690; x_wconf 90' lang='lat' dir='ltr'><strong>Buteoni</strong></span> <span class='ocrx_word' id='word_1_129' title='bbox 1068 1637 1098 1689; x_wconf 89' lang='lat' dir='ltr'><strong>et</strong></span> 
     </span>
     <span class='ocr_line' id='line_1_18' title="bbox 119 1712 1096 1791; baseline -0.004 -16"><span class='ocrx_word' id='word_1_130' title='bbox 119 1713 154 1789; x_wconf 75' lang='lat' dir='ltr'><strong>Q.</strong></span> <span class='ocrx_word' id='word_1_131' title='bbox 167 1712 317 1791; x_wconf 75' lang='lat' dir='ltr'><strong>Minucio,</strong></span> <span class='ocrx_word' id='word_1_132' title='bbox 333 1713 446 1791; x_wconf 91' lang='lat' dir='ltr'><strong>quibus</strong></span> <span class='ocrx_word' id='word_1_133' title='bbox 459 1713 626 1790; x_wconf 88' lang='lat' dir='ltr'><strong>Hispaniae</strong></span> <span class='ocrx_word' id='word_1_134' title='bbox 640 1712 820 1789; x_wconf 88' lang='lat' dir='ltr'><strong>provinciae</strong></span> <span class='ocrx_word' id='word_1_135' title='bbox 834 1720 1007 1786; x_wconf 88' lang='lat' dir='ltr'><strong>evenerant,</strong></span> <span class='ocrx_word' id='word_1_136' title='bbox 1023 1727 1096 1773; x_wconf 89' lang='lat' dir='ltr'><strong>con-</strong></span> 
     </span>
     <span class='ocr_line' id='line_1_19' title="bbox 119 1793 1095 1875; baseline -0.005 -15"><span class='ocrx_word' id='word_1_137' title='bbox 119 1798 204 1860; x_wconf 86' lang='lat' dir='ltr'><strong>sules</strong></span> <span class='ocrx_word' id='word_1_138' title='bbox 217 1797 358 1875; x_wconf 81' lang='lat' dir='ltr'><strong>legiones</strong></span> <span class='ocrx_word' id='word_1_139' title='bbox 373 1797 510 1874; x_wconf 74' lang='lat' dir='ltr'><strong>singulas</strong></span> <span class='ocrx_word' id='word_1_140' title='bbox 525 1815 565 1859; x_wconf 85' lang='lat' dir='ltr'><strong>ex</strong></span> <span class='ocrx_word' id='word_1_141' title='bbox 580 1805 725 1874; x_wconf 87' lang='lat' dir='ltr'><strong>quattuor</strong></span> <span class='ocrx_word' id='word_1_142' title='bbox 745 1796 784 1857; x_wconf 96' lang='lat' dir='ltr'><strong>ab</strong></span> <span class='ocrx_word' id='word_1_143' title='bbox 805 1812 841 1857; x_wconf 91' lang='lat' dir='ltr'><strong>se</strong></span> <span class='ocrx_word' id='word_1_144' title='bbox 856 1793 998 1871; x_wconf 90' lang='lat' dir='ltr'><strong>scriptis,</strong></span> <span class='ocrx_word' id='word_1_145' title='bbox 1019 1812 1095 1870; x_wconf 87' lang='lat' dir='ltr'><strong>quas</strong></span> 
     </span>
     <span class='ocr_line' id='line_1_20' title="bbox 117 1877 1107 1956; baseline 0 -14"><span class='ocrx_word' id='word_1_146' title='bbox 117 1880 289 1956; x_wconf 87' lang='lat' dir='ltr'><strong>videretur,</strong></span> <span class='ocrx_word' id='word_1_147' title='bbox 308 1880 353 1945; x_wconf 91' lang='lat' dir='ltr'><strong>uti</strong></span> <span class='ocrx_word' id='word_1_148' title='bbox 367 1881 476 1944; x_wconf 81' lang='lat' dir='ltr'><strong>darem</strong></span> <span class='ocrx_word' id='word_1_149' title='bbox 488 1882 646 1943; x_wconf 86' lang='lat' dir='ltr'><strong>decretum</strong></span> <span class='ocrx_word' id='word_1_150' title='bbox 667 1887 729 1956; x_wconf 90' lang='lat' dir='ltr'><strong>est,</strong></span> <span class='ocrx_word' id='word_1_151' title='bbox 750 1887 782 1941; x_wconf 92' lang='lat' dir='ltr'><strong>et</strong></span> <span class='ocrx_word' id='word_1_152' title='bbox 802 1878 921 1941; x_wconf 89' lang='lat' dir='ltr'><strong>sociam</strong></span> <span class='ocrx_word' id='word_1_153' title='bbox 941 1895 978 1939; x_wconf 88' lang='lat' dir='ltr'><strong>aa</strong></span> <span class='ocrx_word' id='word_1_154' title='bbox 997 1877 1107 1942; x_wconf 66' lang='lat' dir='ltr'><strong>Latini,</strong></span> 
     </span>
     <span class='ocr_line' id='line_1_21' title="bbox 116 1961 1097 2042; baseline -0.001 -15"><span class='ocrx_word' id='word_1_155' title='bbox 116 1963 249 2029; x_wconf 89' lang='lat' dir='ltr'><strong>nominis</strong></span> <span class='ocrx_word' id='word_1_156' title='bbox 265 1972 414 2042; x_wconf 90' lang='lat' dir='ltr'><strong>quaterna</strong></span> <span class='ocrx_word' id='word_1_157' title='bbox 427 1962 509 2026; x_wconf 88' lang='lat' dir='ltr'><strong>milia</strong></span> <span class='ocrx_word' id='word_1_158' title='bbox 523 1963 675 2041; x_wconf 89' lang='lat' dir='ltr'><strong>peditum,</strong></span> <span class='ocrx_word' id='word_1_159' title='bbox 696 1972 839 2028; x_wconf 89' lang='lat' dir='ltr'><strong>trecenos</strong></span> <span class='ocrx_word' id='word_1_160' title='bbox 854 1961 990 2041; x_wconf 65' lang='lat' dir='ltr'><strong>equitem</strong></span> <span class='ocrx_word' id='word_1_161' title='bbox 1012 1961 1097 2041; x_wconf 86' lang='lat' dir='ltr'><strong>iique</strong></span> 
     </span>
     <span class='ocr_line' id='line_1_22' title="bbox 116 2045 1096 2127; baseline -0.004 -16"><span class='ocrx_word' id='word_1_162' title='bbox 116 2049 215 2127; x_wconf 86' lang='lat' dir='ltr'><strong>primo</strong></span> <span class='ocrx_word' id='word_1_163' title='bbox 231 2065 358 2124; x_wconf 88' lang='lat' dir='ltr'><strong>quoque</strong></span> <span class='ocrx_word' id='word_1_164' title='bbox 371 2055 510 2122; x_wconf 87' lang='lat' dir='ltr'><strong>tempore</strong></span> <span class='ocrx_word' id='word_1_165' title='bbox 524 2045 747 2123; x_wconf 74' lang='lat' dir='ltr'><strong>improvinciae</strong></span> <span class='ocrx_word' id='word_1_166' title='bbox 761 2047 807 2109; x_wconf 91' lang='lat' dir='ltr'><strong>ire</strong></span> <span class='ocrx_word' id='word_1_167' title='bbox 820 2046 909 2108; x_wconf 85' lang='lat' dir='ltr'><strong>iussi.</strong></span> <span class='ocrx_word' id='word_1_168' title='bbox 939 2049 1052 2109; x_wconf 92' lang='lat' dir='ltr'><strong>bellum</strong></span> <span class='ocrx_word' id='word_1_169' title='bbox 1066 2046 1096 2107; x_wconf 92' lang='lat' dir='ltr'><strong>in</strong></span> 
     </span>
     <span class='ocr_line' id='line_1_23' title="bbox 116 2128 1097 2207; baseline -0.003 -14"><span class='ocrx_word' id='word_1_170' title='bbox 116 2128 268 2207; x_wconf 88' lang='lat' dir='ltr'><strong>Hispania</strong></span> <span class='ocrx_word' id='word_1_171' title='bbox 283 2128 388 2204; x_wconf 88' lang='lat' dir='ltr'><strong>quinto</strong></span> <span class='ocrx_word' id='word_1_172' title='bbox 403 2136 476 2204; x_wconf 93' lang='lat' dir='ltr'><strong>post</strong></span> <span class='ocrx_word' id='word_1_173' title='bbox 490 2143 570 2188; x_wconf 89' lang='lat' dir='ltr'><strong>anno</strong></span> <span class='ocrx_word' id='word_1_174' title='bbox 585 2137 727 2190; x_wconf 86' lang='lat' dir='ltr'><strong>exortum</strong></span> <span class='ocrx_word' id='word_1_175' title='bbox 740 2137 797 2205; x_wconf 87' lang='lat' dir='ltr'><strong>est,</strong></span> <span class='ocrx_word' id='word_1_176' title='bbox 813 2146 905 2204; x_wconf 90' lang='lat' dir='ltr'><strong>quam</strong></span> <span class='ocrx_word' id='word_1_177' title='bbox 923 2128 1013 2190; x_wconf 91' lang='lat' dir='ltr'><strong>simul</strong></span> <span class='ocrx_word' id='word_1_178' title='bbox 1028 2146 1097 2192; x_wconf 86' lang='lat' dir='ltr'><strong>cum</strong></span> 
     </span>
     <span class='ocr_line' id='line_1_24' title="bbox 117 2210 876 2295; baseline -0.012 -20"><span class='ocrx_word' id='word_1_179' title='bbox 117 2212 236 2275; x_wconf 85' lang='lat' dir='ltr'><strong>Punico</strong></span> <span class='ocrx_word' id='word_1_180' title='bbox 250 2212 332 2274; x_wconf 90' lang='lat' dir='ltr'><strong>bello</strong></span> <span class='ocrx_word' id='word_1_181' title='bbox 348 2210 588 2273; x_wconf 87' lang='lat' dir='ltr'><strong>lueratflnitum.</strong></span> <span class='ocrx_word' id='word_1_182' title='bbox 871 2288 876 2295; x_wconf 20' lang='lat'><strong>⁴</strong></span> 
     </span>
     <span class='ocr_line' id='line_1_25' title="bbox 66 2292 1098 2373; baseline -0.001 -17"><span class='ocrx_word' id='word_1_183' title='bbox 66 2305 70 2311; x_wconf 84' lang='lat'>&#39;</span> <span class='ocrx_word' id='word_1_184' title='bbox 199 2293 381 2373; x_wconf 73' lang='lat' dir='ltr'><strong>Iniusquam</strong></span> <span class='ocrx_word' id='word_1_185' title='bbox 395 2302 448 2357; x_wconf 90' lang='lat' dir='ltr'><strong>aut</strong></span> <span class='ocrx_word' id='word_1_186' title='bbox 461 2292 493 2355; x_wconf 94' lang='lat' dir='ltr'><strong>hi</strong></span> <span class='ocrx_word' id='word_1_187' title='bbox 507 2301 666 2371; x_wconf 88' lang='lat' dir='ltr'><strong>praetores</strong></span> <span class='ocrx_word' id='word_1_188' title='bbox 680 2294 720 2355; x_wconf 90' lang='lat' dir='ltr'><strong>ad</strong></span> <span class='ocrx_word' id='word_1_189' title='bbox 733 2293 846 2356; x_wconf 89' lang='lat' dir='ltr'><strong>bellum</strong></span> <span class='ocrx_word' id='word_1_190' title='bbox 861 2311 959 2372; x_wconf 91' lang='lat' dir='ltr'><strong>prope</strong></span> <span class='ocrx_word' id='word_1_191' title='bbox 973 2310 1098 2372; x_wconf 84' lang='lat' dir='ltr'><strong>novum,</strong></span> 
     </span>
     <span class='ocr_line' id='line_1_26' title="bbox 116 2375 1098 2457; baseline -0.001 -15"><span class='ocrx_word' id='word_1_192' title='bbox 116 2379 191 2457; x_wconf 87' lang='lat' dir='ltr'><strong>quia</strong></span> <span class='ocrx_word' id='word_1_193' title='bbox 210 2386 274 2441; x_wconf 89' lang='lat' dir='ltr'><strong>tum</strong></span> <span class='ocrx_word' id='word_1_194' title='bbox 294 2376 425 2457; x_wconf 90' lang='lat' dir='ltr'><strong>primum</strong></span> <span class='ocrx_word' id='word_1_195' title='bbox 446 2394 504 2440; x_wconf 93' lang='lat' dir='ltr'><strong>suo</strong></span> <span class='ocrx_word' id='word_1_196' title='bbox 525 2375 649 2441; x_wconf 89' lang='lat' dir='ltr'><strong>nonrine</strong></span> <span class='ocrx_word' id='word_1_197' title='bbox 670 2377 738 2439; x_wconf 91' lang='lat' dir='ltr'><strong>sine</strong></span> <span class='ocrx_word' id='word_1_198' title='bbox 753 2379 816 2441; x_wconf 92' lang='lat' dir='ltr'><strong>ullo</strong></span> <span class='ocrx_word' id='word_1_199' title='bbox 829 2379 944 2441; x_wconf 89' lang='lat' dir='ltr'><strong>Punico</strong></span> <span class='ocrx_word' id='word_1_200' title='bbox 960 2376 1098 2441; x_wconf 88' lang='lat' dir='ltr'><strong>exercitu</strong></span> 
     </span>
     <span class='ocr_line' id='line_1_27' title="bbox 115 2459 1091 2540; baseline -0.001 -15"><span class='ocrx_word' id='word_1_201' title='bbox 115 2471 170 2525; x_wconf 89' lang='lat' dir='ltr'><strong>aut</strong></span> <span class='ocrx_word' id='word_1_202' title='bbox 183 2463 263 2525; x_wconf 89' lang='lat' dir='ltr'><strong>duce</strong></span> <span class='ocrx_word' id='word_1_203' title='bbox 277 2464 318 2525; x_wconf 89' lang='lat' dir='ltr'><strong>ad</strong></span> <span class='ocrx_word' id='word_1_204' title='bbox 331 2479 417 2524; x_wconf 89' lang='lat' dir='ltr'><strong>arma</strong></span> <span class='ocrx_word' id='word_1_205' title='bbox 429 2459 535 2538; x_wconf 87' lang='lat' dir='ltr'><strong>ierant,</strong></span> <span class='ocrx_word' id='word_1_206' title='bbox 550 2459 828 2540; x_wconf 87' lang='lat' dir='ltr'><strong>proficiscerentur,</strong></span> <span class='ocrx_word' id='word_1_207' title='bbox 843 2472 895 2526; x_wconf 91' lang='lat' dir='ltr'><strong>aut</strong></span> <span class='ocrx_word' id='word_1_208' title='bbox 909 2461 969 2540; x_wconf 91' lang='lat' dir='ltr'><strong>ipsi</strong></span> <span class='ocrx_word' id='word_1_209' title='bbox 985 2478 1091 2524; x_wconf 90' lang='lat' dir='ltr'><strong>oonsu-</strong></span> 
     </span>
     <span class='ocr_line' id='line_1_28' title="bbox 115 2546 1097 2624; baseline 0.001 -17"><span class='ocrx_word' id='word_1_210' title='bbox 115 2547 163 2608; x_wconf 89' lang='lat' dir='ltr'><strong>les</strong></span> <span class='ocrx_word' id='word_1_211' title='bbox 174 2547 213 2608; x_wconf 89' lang='lat' dir='ltr'><strong>ab</strong></span> <span class='ocrx_word' id='word_1_212' title='bbox 224 2547 301 2608; x_wconf 90' lang='lat' dir='ltr'><strong>urbe</strong></span> <span class='ocrx_word' id='word_1_213' title='bbox 311 2553 478 2619; x_wconf 84' lang='lat' dir='ltr'><strong>moverent,</strong></span> <span class='ocrx_word' id='word_1_214' title='bbox 490 2563 667 2623; x_wconf 91' lang='lat' dir='ltr'><strong>procurare,</strong></span> <span class='ocrx_word' id='word_1_215' title='bbox 678 2553 711 2608; x_wconf 92' lang='lat' dir='ltr'><strong>ut</strong></span> <span class='ocrx_word' id='word_1_216' title='bbox 721 2547 850 2622; x_wconf 78' lang='lat' dir='ltr'><strong>adsolet,</strong></span> <span class='ocrx_word' id='word_1_217' title='bbox 860 2546 1005 2624; x_wconf 76' lang='lat' dir='ltr'><strong>prodigia</strong></span> <span class='ocrx_word' id='word_1_218' title='bbox 1017 2564 1097 2624; x_wconf 90' lang='lat' dir='ltr'><strong>quae</strong></span> 
     </span>
     <span class='ocr_line' id='line_1_29' title="bbox 116 2628 1096 2709; baseline 0.002 -18"><span class='ocrx_word' id='word_1_219' title='bbox 116 2628 342 2708; x_wconf 88' lang='lat' dir='ltr'><strong>nuntiabantur,</strong></span> <span class='ocrx_word' id='word_1_220' title='bbox 355 2629 443 2709; x_wconf 83' lang='lat' dir='ltr'><strong>inssi.</strong></span> <span class='ocrx_word' id='word_1_221' title='bbox 464 2630 498 2691; x_wconf 86' lang='lat' dir='ltr'><strong>P.</strong></span> <span class='ocrx_word' id='word_1_222' title='bbox 507 2630 618 2693; x_wconf 89' lang='lat' dir='ltr'><strong>Villius</strong></span> <span class='ocrx_word' id='word_1_223' title='bbox 633 2647 731 2707; x_wconf 89' lang='lat' dir='ltr'><strong>eques</strong></span> <span class='ocrx_word' id='word_1_224' title='bbox 744 2632 903 2694; x_wconf 91' lang='lat' dir='ltr'><strong>Romanus</strong></span> <span class='ocrx_word' id='word_1_225' title='bbox 916 2630 947 2693; x_wconf 90' lang='lat' dir='ltr'><strong>in</strong></span> <span class='ocrx_word' id='word_1_226' title='bbox 963 2629 1096 2693; x_wconf 88' lang='lat' dir='ltr'><strong>Sabinos</strong></span> 
     </span>
     <span class='ocr_line' id='line_1_30' title="bbox 115 2711 1095 2791; baseline 0.003 -19"><span class='ocrx_word' id='word_1_227' title='bbox 115 2711 320 2789; x_wconf 85' lang='lat' dir='ltr'><strong>proficiscens</strong></span> <span class='ocrx_word' id='word_1_228' title='bbox 341 2712 467 2777; x_wconf 83' lang='lat' dir='ltr'><strong>turnino</strong></span> <span class='ocrx_word' id='word_1_229' title='bbox 487 2712 556 2790; x_wconf 91' lang='lat' dir='ltr'><strong>ipse</strong></span> <span class='ocrx_word' id='word_1_230' title='bbox 582 2730 745 2791; x_wconf 89' lang='lat' dir='ltr'><strong>equusque</strong></span> <span class='ocrx_word' id='word_1_231' title='bbox 769 2714 935 2778; x_wconf 86' lang='lat' dir='ltr'><strong>exanimati</strong></span> <span class='ocrx_word' id='word_1_232' title='bbox 959 2718 1095 2786; x_wconf 78' lang='lat' dir='ltr'><strong>lucrant3</strong></span> 
     </span>
     <span class='ocr_line' id='line_1_31' title="bbox 115 2795 1095 2873; baseline 0.001 -15"><span class='ocrx_word' id='word_1_233' title='bbox 115 2795 205 2859; x_wconf 87' lang='lat' dir='ltr'><strong>aedis</strong></span> <span class='ocrx_word' id='word_1_234' title='bbox 218 2795 370 2860; x_wconf 81' lang='lat' dir='ltr'><strong>Feroniae</strong></span> <span class='ocrx_word' id='word_1_235' title='bbox 383 2796 416 2859; x_wconf 93' lang='lat' dir='ltr'><strong>in</strong></span> <span class='ocrx_word' id='word_1_236' title='bbox 431 2795 577 2873; x_wconf 79' lang='lat' dir='ltr'><strong>Capenati</strong></span> <span class='ocrx_word' id='word_1_237' title='bbox 591 2797 631 2859; x_wconf 91' lang='lat' dir='ltr'><strong>de</strong></span> <span class='ocrx_word' id='word_1_238' title='bbox 645 2798 732 2859; x_wconf 85' lang='lat' dir='ltr'><strong>caelo</strong></span> <span class='ocrx_word' id='word_1_239' title='bbox 747 2806 829 2859; x_wconf 88' lang='lat' dir='ltr'><strong>tacta</strong></span> <span class='ocrx_word' id='word_1_240' title='bbox 842 2808 922 2872; x_wconf 87' lang='lat' dir='ltr'><strong>erat;</strong></span> <span class='ocrx_word' id='word_1_241' title='bbox 938 2800 979 2861; x_wconf 89' lang='lat' dir='ltr'><strong>ad</strong></span> <span class='ocrx_word' id='word_1_242' title='bbox 989 2798 1095 2860; x_wconf 86' lang='lat' dir='ltr'><strong>Mone-</strong></span> 
     </span>
     <span class='ocr_line' id='line_1_32' title="bbox 116 2879 1097 2959; baseline 0.001 -17"><span class='ocrx_word' id='word_1_243' title='bbox 116 2888 166 2942; x_wconf 85' lang='lat' dir='ltr'><strong>tae</strong></span> <span class='ocrx_word' id='word_1_244' title='bbox 186 2880 315 2943; x_wconf 86' lang='lat' dir='ltr'><strong>‹lnarum</strong></span> <span class='ocrx_word' id='word_1_245' title='bbox 333 2880 490 2943; x_wconf 87' lang='lat' dir='ltr'><strong>hastarum</strong></span> <span class='ocrx_word' id='word_1_246' title='bbox 510 2879 630 2957; x_wconf 90' lang='lat' dir='ltr'><strong>spicula</strong></span> <span class='ocrx_word' id='word_1_247' title='bbox 649 2890 804 2952; x_wconf 72' lang='lat' dir='ltr'><strong>arserant,</strong></span> <span class='ocrx_word' id='word_1_248' title='bbox 823 2885 917 2959; x_wconf 88' lang='lat' dir='ltr'><strong>lupus</strong></span> <span class='ocrx_word' id='word_1_249' title='bbox 936 2880 1097 2958; x_wconf 83' lang='lat' dir='ltr'><strong>Esquilina</strong></span> 
     </span>
     <span class='ocr_line' id='line_1_33' title="bbox 115 2961 1097 3042; baseline -0.001 -16"><span class='ocrx_word' id='word_1_250' title='bbox 115 2971 206 3040; x_wconf 86' lang='lat' dir='ltr'><strong>porta</strong></span> <span class='ocrx_word' id='word_1_251' title='bbox 216 2961 386 3039; x_wconf 77' lang='lat' dir='ltr'><strong>ingressus,</strong></span> <span class='ocrx_word' id='word_1_252' title='bbox 400 2962 648 3041; x_wconf 77' lang='lat' dir='ltr'><strong>frequentissima</strong></span> <span class='ocrx_word' id='word_1_253' title='bbox 662 2972 750 3040; x_wconf 87' lang='lat' dir='ltr'><strong>parte</strong></span> <span class='ocrx_word' id='word_1_254' title='bbox 760 2964 856 3042; x_wconf 91' lang='lat' dir='ltr'><strong>urbis,</strong></span> <span class='ocrx_word' id='word_1_255' title='bbox 870 2983 940 3028; x_wconf 89' lang='lat' dir='ltr'><strong>cum</strong></span> <span class='ocrx_word' id='word_1_256' title='bbox 953 2965 984 3027; x_wconf 91' lang='lat' dir='ltr'><strong>in</strong></span> <span class='ocrx_word' id='word_1_257' title='bbox 997 2967 1097 3028; x_wconf 84' lang='lat' dir='ltr'><strong>lorum</strong></span> 
     </span>
     <span class='ocr_line' id='line_1_34' title="bbox 115 3045 1096 3126; baseline -0.001 -18"><span class='ocrx_word' id='word_1_258' title='bbox 115 3045 322 3121; x_wconf 77' lang='lat' dir='ltr'><strong>accurrisset,</strong></span> <span class='ocrx_word' id='word_1_259' title='bbox 344 3048 446 3110; x_wconf 87' lang='lat' dir='ltr'><strong>&#39;lusco</strong></span> <span class='ocrx_word' id='word_1_260' title='bbox 461 3046 531 3110; x_wconf 89' lang='lat' dir='ltr'><strong>vico</strong></span> <span class='ocrx_word' id='word_1_261' title='bbox 554 3056 647 3125; x_wconf 90' lang='lat' dir='ltr'><strong>atque</strong></span> <span class='ocrx_word' id='word_1_262' title='bbox 661 3048 734 3110; x_wconf 90' lang='lat' dir='ltr'><strong>inde</strong></span> <span class='ocrx_word' id='word_1_263' title='bbox 749 3048 890 3113; x_wconf 87' lang='lat' dir='ltr'><strong>Germalo</strong></span> <span class='ocrx_word' id='word_1_264' title='bbox 906 3065 963 3126; x_wconf 89' lang='lat' dir='ltr'><strong>per</strong></span> <span class='ocrx_word' id='word_1_265' title='bbox 977 3058 1096 3126; x_wconf 89' lang='lat' dir='ltr'><strong>portam</strong></span> 
     </span>
     <span class='ocr_line' id='line_1_35' title="bbox 44 3129 1096 3211; baseline 0.002 -20"><span class='ocrx_word' id='word_1_266' title='bbox 44 3204 47 3209; x_wconf 27' lang='grc' dir='ltr'>Ι</span> <span class='ocrx_word' id='word_1_267' title='bbox 116 3131 270 3207; x_wconf 84' lang='lat' dir='ltr'><strong>cepenam</strong></span> <span class='ocrx_word' id='word_1_268' title='bbox 284 3147 384 3208; x_wconf 89' lang='lat' dir='ltr'><strong>prope</strong></span> <span class='ocrx_word' id='word_1_269' title='bbox 398 3129 530 3195; x_wconf 87' lang='lat' dir='ltr'><strong>intactus</strong></span> <span class='ocrx_word' id='word_1_270' title='bbox 545 3140 696 3195; x_wconf 86' lang='lat' dir='ltr'><strong>evaserat</strong></span> <span class='ocrx_word' id='word_1_271' title='bbox 725 3132 804 3195; x_wconf 89' lang='lat' dir='ltr'><strong>baec</strong></span> <span class='ocrx_word' id='word_1_272' title='bbox 818 3131 960 3211; x_wconf 80' lang='lat' dir='ltr'><strong>prodigia</strong></span> <span class='ocrx_word' id='word_1_273' title='bbox 973 3131 1096 3196; x_wconf 91' lang='lat' dir='ltr'><strong>maiori·</strong></span> 
     </span>
     <span class='ocr_line' id='line_1_36' title="bbox 115 3213 947 3299; baseline 0.011 -25"><span class='ocrx_word' id='word_1_274' title='bbox 115 3213 573 3291; x_wconf 88' lang='lat' dir='ltr'><strong>busbastiissuntpracurata.</strong></span> <span class='ocrx_word' id='word_1_275' title='bbox 940 3286 947 3299; x_wconf 32' lang='lat'><strong><em>⁴</em></strong></span> 
     </span>
     <span class='ocr_line' id='line_1_37' title="bbox 196 3298 1096 3376; baseline 0.002 -17"><span class='ocrx_word' id='word_1_276' title='bbox 196 3298 318 3360; x_wconf 84' lang='lat' dir='ltr'>XXVII.</span> <span class='ocrx_word' id='word_1_277' title='bbox 340 3299 444 3361; x_wconf 90' lang='lat' dir='ltr'><strong>Isdem</strong></span> <span class='ocrx_word' id='word_1_278' title='bbox 458 3299 568 3362; x_wconf 89' lang='lat' dir='ltr'><strong>diebus</strong></span> <span class='ocrx_word' id='word_1_279' title='bbox 584 3302 637 3362; x_wconf 82' lang='lat' dir='ltr'><strong>Cn.</strong></span> <span class='ocrx_word' id='word_1_280' title='bbox 653 3299 813 3364; x_wconf 80' lang='lat' dir='ltr'><strong>cornelius</strong></span> <span class='ocrx_word' id='word_1_281' title='bbox 826 3298 941 3375; x_wconf 89' lang='lat' dir='ltr'><strong>Blasio,</strong></span> <span class='ocrx_word' id='word_1_282' title='bbox 958 3298 1096 3376; x_wconf 90' lang='lat' dir='ltr'><strong>quiante</strong></span> 
     </span>
     <span class='ocr_line' id='line_1_38' title="bbox 116 3379 1096 3461; baseline 0.002 -19"><span class='ocrx_word' id='word_1_283' title='bbox 116 3380 147 3442; x_wconf 80' lang='lat'><strong>0.</strong></span> <span class='ocrx_word' id='word_1_284' title='bbox 156 3379 372 3458; x_wconf 87' lang='lat' dir='ltr'><strong>Sempronium</strong></span> <span class='ocrx_word' id='word_1_285' title='bbox 382 3383 563 3447; x_wconf 84' lang='lat' dir='ltr'><strong>Tuditanum</strong></span> <span class='ocrx_word' id='word_1_286' title='bbox 578 3383 751 3446; x_wconf 89' lang='lat' dir='ltr'><strong>citeriorem</strong></span> <span class='ocrx_word' id='word_1_287' title='bbox 762 3383 942 3461; x_wconf 90' lang='lat' dir='ltr'><strong>Hispaniam</strong></span> <span class='ocrx_word' id='word_1_288' title='bbox 957 3382 1096 3445; x_wconf 89' lang='lat' dir='ltr'><strong>obtinue-</strong></span> 
     </span>
     <span class='ocr_line' id='line_1_39' title="bbox 113 3464 1095 3549; baseline 0 -24"><span class='ocrx_word' id='word_1_289' title='bbox 113 3471 170 3540; x_wconf 86' lang='lat' dir='ltr'><strong>rat,</strong></span> <span class='ocrx_word' id='word_1_290' title='bbox 186 3480 285 3529; x_wconf 86' lang='lat' dir='ltr'><strong>ovans</strong></span> <span class='ocrx_word' id='word_1_291' title='bbox 301 3482 341 3549; x_wconf 75' lang='lat' dir='ltr'><strong>err</strong></span> <span class='ocrx_word' id='word_1_292' title='bbox 352 3475 477 3530; x_wconf 88' lang='lat' dir='ltr'><strong>senatus</strong></span> <span class='ocrx_word' id='word_1_293' title='bbox 492 3468 634 3530; x_wconf 88' lang='lat' dir='ltr'><strong>consulto</strong></span> <span class='ocrx_word' id='word_1_294' title='bbox 649 3467 756 3531; x_wconf 91' lang='lat' dir='ltr'><strong>urbem</strong></span> <span class='ocrx_word' id='word_1_295' title='bbox 771 3476 819 3530; x_wconf 89' lang='lat' dir='ltr'><strong>est</strong></span> <span class='ocrx_word' id='word_1_296' title='bbox 832 3467 1001 3541; x_wconf 73' lang='lat' dir='ltr'><strong>ingressus.</strong></span> <span class='ocrx_word' id='word_1_297' title='bbox 1027 3464 1095 3526; x_wconf 86' lang='lat' dir='ltr'><strong>tulit</strong></span> 
     </span>
    </p>
   </div>
   <div class='ocr_carea' id='block_1_5' title="bbox 0 0 1304 4000">
    <p class='ocr_par' dir='ltr' id='par_1_5' title="bbox 0 0 1304 4000">
     <span class='ocr_line' id='line_1_40' title="bbox 0 0 1304 4000; baseline 0 0"><span class='ocrx_word' id='word_1_298' title='bbox 0 0 1304 4000; x_wconf 95' lang='lat' dir='ltr'><strong> </strong></span> 
     </span>
    </p>
   </div>
  </div>
 </body>
</html>
