2600 4000
219 229 284 294 mo
362 227 477 290 irena
492 226 653 289 mviii.
675 226 757 287 cnr.
771 235 837 289 aa
860 230 1056 301 [numana]

219 384 376 462 philochia
396 389 655 458 recepta—nam
675 381 774 442 luerat
796 379 952 456 quondam
970 379 1202 443 Aetolorum*

219 469 328 531 eadem
352 484 411 545 spe
436 465 468 527 in
486 463 687 541 Aperantiam
710 463 980 526 transcenderuntz
1011 479 1050 524 ea
1075 483 1202 542 quoque

220 568 332 630 magna
351 568 390 614 ex
411 556 499 627 parte
514 550 581 610 sine
595 549 760 609 certamine
773 549 804 608 in
819 547 1006 609 deditionem
1019 549 1112 609 venit
1142 550 1202 612 Do-

220 642 308 713 lopes
323 650 488 711 numquam
497 634 678 694 Aetolorum
691 633 819 704 inerant,
836 630 967 708 Philippi
978 640 1073 693 erant
1096 632 1128 693 hi
1143 632 1202 709 pri-

218 738 269 783 mo
290 721 330 782 ad
349 735 433 780 arma
448 722 684 779 concurrerunt:
712 721 847 777 ceterum
861 722 1028 791 postquam
1042 717 1202 791 Amphilo

219 806 296 868 ehos
318 820 389 869 cum
401 802 521 864 Aetolis
542 815 613 861 esse
633 801 799 876 iugumque
820 815 859 859 ex
873 798 1056 867 Athamania
1068 799 1202 878 Philippi

220 896 251 951 et
264 888 392 949 caedem
413 884 560 962 praesidii
581 884 649 945 eius
663 899 829 959 accepero,
851 889 883 944 et
895 881 958 958 ipsi
971 898 991 942 a
1003 882 1147 960 Philippo
1163 887 1202 947 ad

217 969 347 1035 Aetolos
361 970 516 1032 deliciunt
540 969 651 1045 quibus
667 965 870 1029 circumiectis
883 966 1028 1041 gentibus
1042 967 1103 1028 iam
1112 970 1199 1030 undi

218 1071 277 1132 que
291 1072 327 1117 se
342 1053 593 1115 ablacedonibus
604 1058 687 1114 tutos
699 1051 893 1113 credentibus
904 1065 978 1111 esse
988 1051 1107 1113 Aetolis
1121 1053 1203 1115 iarna

217 1137 355 1200 adfertur
366 1137 553 1199 Antiochum
572 1137 604 1197 in
618 1137 696 1197 Asia
713 1134 829 1197 victum
843 1134 881 1196 ab
896 1133 1052 1196 Romanis.
1086 1151 1147 1198 nec
1161 1138 1202 1198 ita

217 1222 311 1284 multo
335 1228 409 1297 post
427 1222 519 1296 legati
539 1222 579 1283 ab
592 1221 691 1282 Roma
710 1219 832 1281 rediere
850 1218 918 1281 sine
939 1234 997 1294 spe
1010 1219 1116 1295 pacis,
1130 1221 1200 1283 Fu-

215 1306 362 1381 viumqne
374 1307 534 1366 consulem
545 1304 720 1366 nuntiantes
732 1320 801 1365 cum
813 1302 1019 1364 exercituiam
1028 1304 1199 1367 traiecisse.

216 1388 266 1449 his
279 1388 384 1463 territi,
399 1386 486 1464 prins
502 1389 541 1448 ab
555 1388 667 1449 Rhodo
682 1395 713 1448 et
725 1387 854 1450 Athenis
864 1387 1068 1463 legationibus
1080 1388 1200 1463 excitis,

215 1480 250 1534 ut
268 1489 327 1548 per
345 1472 556 1534 auctoritatem
577 1486 683 1532 earum
703 1471 867 1532 civitatium
882 1487 957 1533 suae
973 1487 1085 1547 preces
1100 1488 1201 1549 nuper

216 1557 396 1633 repudiatae
409 1556 578 1617 faciliorem
592 1555 708 1617 aditum
722 1556 762 1616 ad
776 1563 917 1617 senatum
931 1555 1094 1631 haberent,
1116 1558 1198 1633 prin-

216 1642 302 1717 cipes
321 1641 419 1717 gentis
435 1641 475 1701 ad
489 1639 696 1716 temptandam
711 1654 801 1716 spem
814 1641 948 1702 ultimam
961 1641 1091 1701 Romam
1104 1641 1198 1702 mise-

215 1731 294 1802 runt,
309 1724 398 1801 nihil,
412 1741 452 1786 ne
466 1726 578 1787 bellum
591 1723 754 1798 haherent,
769 1724 950 1800 priusquam
964 1739 1063 1799 paene
1076 1725 1108 1785 in
1123 1741 1198 1787 con-

215 1817 327 1885 spectu
339 1808 439 1870 hostis
454 1816 533 1883 erat,
555 1808 774 1885 praemeditati.
800 1807 861 1868 iam
873 1809 913 1868 Μ.
929 1808 1054 1870 Fulvius
1067 1811 1197 1885 Apollo·

215 1892 297 1953 niarn
317 1894 456 1954 exercitu
474 1893 600 1954 traiecto
620 1908 691 1954 cum
703 1891 897 1967 Epirotarum
918 1890 1109 1968 principibus
1124 1909 1198 1954 con·

216 1974 361 2049 saltabat,
389 1977 472 2038 unde
499 1977 612 2039 bellum
641 1975 798 2052 inciperet.
838 1975 973 2053 Epirotis
1000 1976 1198 2038 Ambraciam

216 2058 357 2138 placebat
370 2059 506 2136 adgredi,
527 2077 606 2135 quae
621 2069 684 2123 tum
700 2060 904 2123 contribuerat
919 2077 954 2121 se
967 2061 1096 2122 Aetolis.
1131 2062 1198 2122 sive

215 2144 255 2205 ad
275 2146 422 2207 tuendam
442 2161 510 2206 eam
532 2146 670 2208 venirent
682 2145 799 2220 Aetoli,
819 2151 945 2220 apertos
967 2144 1049 2205 circa
1065 2160 1197 2222 campos

214 2228 255 2289 ad
269 2228 476 2291 dimicandum
495 2245 583 2302 esse3
605 2231 673 2291 sive
687 2230 890 2291 detrectarent
904 2234 1072 2305 certamen,
1095 2245 1197 2307 oppu-

214 2313 390 2389 gnationem
410 2314 477 2374 iore
497 2315 580 2377 haud
600 2314 770 2375 difficilem:
794 2329 864 2374 nam
884 2319 916 2374 et
936 2314 1058 2388 copiam
1077 2313 1109 2374 in
1124 2331 1196 2390 pro-

213 2397 330 2472 pinquo
351 2398 494 2459 materiae
515 2398 556 2458 ad
575 2414 705 2474 aggeres
725 2396 906 2459 excitandos
926 2406 958 2459 et
977 2406 1078 2459 cetera
1100 2413 1197 2475 opera

212 2495 299 2550 esse;
333 2488 363 2541 et
382 2480 583 2555 Arachthum,
605 2480 808 2555 navigabilem
828 2497 962 2556 amnem,
984 2488 1195 2558 opportunum

212 2562 253 2622 ad
279 2564 500 2638 comportanda
525 2578 605 2638 quae
629 2565 700 2625 usui
725 2565 801 2638 sint,
831 2572 954 2642 praeter
978 2564 1049 2641 ipsa
1072 2567 1197 2628 moenia

213 2644 325 2716 tluere;
347 2654 378 2707 et
397 2653 544 2707 aestatem
564 2656 666 2723 aptam
679 2648 723 2708 rei
739 2651 894 2724 gerendae
907 2650 1030 2711 adesse.
1061 2650 1110 2710 bis
1125 2667 1195 2727 per-

212 2739 383 2803 suaserunt,
398 2737 432 2792 ut
444 2745 501 2807 per
510 2730 635 2807 Epirum
651 2734 785 2794 duceret.
806 2734 860 2794 IV.
880 2735 999 2796 consuli
1014 2734 1194 2797 adAmbro-

211 2812 291 2873 eiam
313 2815 487 2876 advenienti
507 2817 609 2892 magni
625 2819 730 2893 operis
746 2815 935 2893 oppugnatio
950 2817 1019 2879 visa
1033 2826 1091 2879 est
1120 2822 1194 2880 Am-

211 2896 315 2958 bracia
335 2902 451 2961 tumulo
473 2916 586 2976 aspero
607 2900 746 2962 subiecta
766 2909 828 2963 est:
857 2901 1054 2963 Perranthem
1073 2902 1196 2964 incolae

210 2988 330 3041 vocant.
358 2984 447 3057 urbs,
465 3002 527 3060 qua
539 3002 645 3046 miuus
661 2988 757 3062 vergit
770 2987 801 3046 in
817 3002 944 3061 campos
958 2994 989 3047 et
1002 2985 1126 3061 flumen,
1142 3001 1193 3047 oc·

203 3063 376 3141 uidentem,
397 3084 467 3143 arx,
487 3084 568 3143 quae
587 3069 733 3144 imposita
746 3078 793 3131 est
807 3072 935 3146 tumulo,
958 3069 1107 3131 orientem
1121 3087 1194 3145 spe

211 3154 279 3208 ctat.
303 3151 400 3211 amnis
411 3151 586 3212 Arachthus
598 3168 638 3212 ex
647 3153 829 3214 Athamania
843 3152 943 3216 fluens
955 3153 1038 3216 cadit
1047 3154 1078 3213 in
1090 3154 1194 3214 sinum

210 3229 302 3292 maris
323 3233 363 3293 ab
383 3235 506 3295 nomine
526 3236 720 3313 propinquae
739 3238 824 3299 urbis
838 3237 1034 3299 Ambracium
1053 3239 1193 3313 appella·

209 3324 282 3375 tum.
314 3325 530 3393 praeterquam
552 3322 637 3396 quod
659 3321 731 3382 hinc
750 3323 849 3382 amnis
868 3323 966 3383 munit
985 3321 1056 3381 hinc
1073 3320 1193 3394 tumuli,

210 3415 297 3460 muro
313 3417 439 3478 quoque
453 3401 540 3464 firmo
556 3412 665 3480 saepta
679 3413 753 3480 erat,
768 3412 892 3481 patente
906 3407 936 3466 in
953 3405 1079 3468 circuitu
1095 3404 1192 3481 paulo

209 3483 340 3558 amplius
353 3486 411 3546 tria
424 3486 505 3546 milia
519 3503 677 3562 passuum.
697 3487 823 3550 Fulvius
837 3489 910 3550 bina
925 3504 1064 3565 acampo
1074 3498 1189 3550 castra
