2600 4000
312 303 561 364 teramum.
584 301 724 363 caran.
748 301 783 378 p.
798 305 906 382 onor]
1049 300 1091 367 sa

112 463 236 534 posset:
270 469 328 515 uec
352 459 503 532 tyrannus
530 451 681 523 abnuere;
713 453 771 513 sed
794 453 936 515 deductis
959 470 999 515 ex
1017 453 1094 516 urbe

111 536 277 617 praesidiis
297 536 424 597 liberam
445 536 633 612 contionem,
655 553 717 598 non
732 535 876 598 immixtis
890 538 1093 599 Lacedaemo-

111 622 170 687 niis
191 622 431 695 declaraturam,
454 618 528 695 quid
547 620 655 696 Argivi
675 621 804 695 vellent,
824 620 966 697 praeberi
980 620 1095 682 debere

111 704 235 769 dicebat
253 720 325 765 rcxz
346 711 498 783 tyrannus
520 704 644 780 negavit
658 704 870 765 deducturum.
903 702 980 765 haec
996 705 1094 765 disce

112 791 207 866 putto
229 788 297 850 sinc
318 788 403 848 exitu
424 788 487 849 luit.
521 789 560 849 dc
576 789 732 863 colloquio
750 787 923 850 discessum
939 789 1093 849 sexcentis

112 871 1096 950 mmmmmucbmmmmdmhRmmmumhmhmmmoer
1164 903 1166 908 ·

110 959 315 1019 Nicostratum
336 963 510 1030 praetorem
522 955 719 1016 Achaeorum
739 955 1094 1018 ethaoedaemoniorum

111 1051 276 1121 tyrannum
290 1040 321 1100 in
336 1044 480 1115 quattuor
494 1053 617 1099 menses
632 1039 731 1100 lactis.

195 1125 271 1186 inde
287 1121 443 1198 Quinctius
459 1121 633 1183 Corinthum
655 1130 703 1183 est
721 1123 894 1199 proiectus,
916 1132 946 1185 et
965 1125 1006 1186 ad
1020 1140 1092 1199 por·

112 1216 172 1270 tam
193 1225 263 1270 cum
284 1207 472 1268 cretensium
494 1205 621 1267 cohorte
641 1206 789 1280 accessit,
810 1214 843 1267 ut
856 1207 983 1269 Philocli
1005 1224 1086 1284 prae·

112 1294 192 1355 lecto
207 1291 293 1353 urbis
308 1295 472 1368 appareret
485 1297 650 1369 tyrannum
665 1289 837 1367 aPhilippo
853 1291 1003 1354 descisse.
1024 1291 1091 1352 Phi-

111 1379 209 1438 locles
229 1381 262 1437 et
279 1376 349 1451 ipse
369 1375 408 1436 ad
429 1374 644 1450 imperatorem
662 1375 834 1436 Romanum
853 1374 885 1435 in
906 1377 1092 1454 colloquium

114 1461 215 1533 venit,
235 1459 444 1535 hortantique,
464 1464 499 1519 ut
518 1460 672 1535 extemplo
694 1458 837 1520 transiret
851 1460 1020 1536 urbemque
1033 1466 1091 1520 tra-

112 1545 215 1618 deret,
234 1542 276 1603 ila
294 1543 469 1618 respondit,
489 1547 523 1603 ul
543 1542 702 1604 distulisse
720 1559 786 1603 rem
807 1544 905 1619 magis
927 1561 1019 1620 quam
1039 1560 1091 1604 ne

111 1642 206 1703 gasse
221 1626 382 1688 videretur.
405 1625 582 1688 acorinthc
597 1626 755 1701 Quinctius
770 1627 950 1703 Anticyram
964 1627 1092 1697 traiecit,
1131 1671 1132 1674 ,

111 1711 184 1786 inde
208 1711 336 1771 tratrem
355 1711 395 1770 ad
418 1711 625 1787 temptandam
644 1711 841 1771 Acarnanum
861 1716 983 1786 gentem
1003 1710 1091 1770 misit.

111 1796 231 1855 Attalus
252 1794 291 1854 ab
310 1794 403 1871 Argis
426 1793 594 1872 Sicyonem
614 1801 663 1856 est
684 1794 852 1871 profectus.
884 1794 926 1855 ibi
941 1801 971 1854 ct
985 1793 1091 1855 ciuitas

113 1877 201 1939 novis
214 1877 383 1939 honoubus
397 1884 519 1939 veteres
532 1879 614 1954 regis
629 1878 764 1940 honores
779 1878 872 1953 auxit,
895 1885 925 1940 et
937 1893 994 1939 rex
1009 1877 1091 1937 adid

113 1962 197 2038 quod
217 1978 341 2024 sacrum
354 1961 507 2038 Apollinis
528 1977 635 2037 agrum
655 1962 764 2038 grandi
785 1963 940 2039 quondam
961 1961 1092 2040 pecunia

110 2047 283 2108 redemerat
307 2045 361 2120 iis,
386 2052 450 2105 tum
471 2061 597 2120 quoque
615 2061 656 2105 nc
677 2047 744 2107 sine
765 2047 869 2124 aliqua
888 2047 1093 2108 munificentia

112 2131 292 2206 praeteriret
305 2128 457 2188 civitatem
470 2127 587 2187 sociam
600 2133 694 2203 atque
707 2129 844 2201 amicam,
860 2130 968 2190 decom
980 2132 1093 2189 talenta

109 2214 232 2288 argenti
253 2212 335 2271 dono
360 2208 444 2269 dedit
464 2216 494 2269 ct
514 2208 622 2268 decem
641 2208 725 2268 milia
742 2211 928 2272 medimnum
942 2212 1097 2271 humenti:

108 2304 207 2371 atquc
221 2295 263 2355 ita
273 2292 445 2353 cenchreas
460 2293 501 2352 ad
512 2306 608 2351 naves
619 2290 708 2352 redit.
727 2298 758 2352 et
767 2291 860 2354 Nabis
872 2294 992 2356 firmato
1004 2308 1091 2369 prac-

110 2379 193 2442 sidio
214 2376 308 2453 Argis
332 2375 595 2438 Lacedaemonem
618 2391 799 2452 regressus,
825 2378 984 2454 cumipse
1008 2377 1092 2438 viros

111 2462 293 2539 spoliasset,
312 2461 353 2522 ad
366 2458 496 2521 laminas
511 2459 691 2536 spoliandas
705 2476 835 2523 uxorem
849 2463 952 2539 Argos
966 2460 1091 2522 remisit.

111 2562 150 2607 ea
164 2562 245 2607 nunc
265 2545 402 2622 singulas
419 2542 554 2606 illustres
567 2561 650 2606 nunc
665 2544 754 2606 simul
767 2547 874 2622 plures
888 2562 1002 2622 genere
1015 2546 1093 2606 inter

112 2646 149 2691 se
167 2630 286 2693 iunctas
314 2630 502 2690 arcessendo
527 2627 775 2704 blandiendoque
799 2646 837 2692 ac
860 2631 1004 2692 minando
1028 2646 1091 2691 non

112 2731 221 2776 curum
228 2714 321 2775 modo
332 2714 370 2775 iis
382 2711 440 2774 scd
451 2718 605 2789 postremo
616 2720 735 2774 uestem
747 2730 870 2791 quoquc
881 2715 1091 2789 mundumque

112 2814 234 2860 omnem
246 2797 424 2859 muliebrem
440 2797 560 2856 ademit.

436 3063 577 3159 I'I'II
620 3061 763 3156 ltvt

360 3216 418 3278 AB
450 3213 580 3276 URBE
612 3210 843 3273 CONDITA

465 3327 577 3390 LIBER
597 3324 731 3388 XXXIII.

126 3497 277 3552 uerrutis.
305 3500 335 3549 Τ.
347 3498 477 3559 Quinctius
486 3497 640 3548 Flamlninua
650 3493 786 3560 proconsul
801 3510 858 3545 cam
865 3494 984 3558 Philippo
999 3493 1034 3544 ad
1043 3492 1088 3559 ⁰5·

164 3566 332 3635 noacephalaa
348 3565 515 3617 in'l'hcaaalia
531 3566 585 3616 acle
601 3565 667 3615 victo
680 3561 823 3615 deballavit.
848 3563 878 3612 L.
893 3560 1023 3620 Quinctius
1031 3560 1088 3608 Fla-

839 3629 881 3693 6*
