2600 4000
227 261 291 325 aot
375 262 623 354 urnunmtxv.
646 262 841 363 cananea.
856 264 1060 335 nomem]

226 419 375 480 adversus
391 416 473 492 rchs
488 418 619 490 legatum
634 414 792 475 auderent
812 413 1018 474 Athenienses
1029 411 1161 472 maxime
1172 411 1202 475 in

227 518 295 563 enm
308 516 373 561 rem
387 500 489 560 idonei
503 499 562 559 visi
577 504 649 560 sunt
662 504 788 574 propter
805 503 835 558 et
845 496 973 558 civitatIs
986 495 1162 569 dignitatem
1172 503 1202 559 et

227 592 377 647 vetustam
397 583 573 644 societatem
588 597 658 642 cum
671 581 799 642 Aetolis.
828 581 866 640 ab
887 578 924 640 iis
939 578 1096 654 Quinctius
1117 579 1201 653 petit

227 677 260 731 ut
278 671 396 745 legatos
417 665 457 728 ad
474 666 706 727 Panaetolicum
723 663 885 725 concilium
908 663 1069 724 mitterent
1101 661 1202 730 Thoas

227 754 343 830 primus
365 753 395 812 iu
416 767 454 813 eo
476 749 605 811 concillo
625 747 810 809 renuntiavit
823 747 1015 823 legationem.
1036 745 1202 821 Menippus

227 844 383 914 postcom
398 834 594 895 intromissus
606 833 752 908 optimum
773 831 871 891 luisse
885 830 1026 907 omnibus
1042 829 1094 904 qui
1109 829 1201 889 Grae-

227 922 303 982 ciam
318 918 487 998 Asiamque
501 917 670 978 incolerent
682 916 739 990 ait,
752 914 878 990 integris
892 914 987 974 rebus
1000 912 1132 988 Philippi
1146 928 1202 988 po-

227 1005 323 1065 tuisse
343 1000 525 1062 intervenIre
547 1000 745 1061 Antiochum
777 1015 836 1060 sua
856 1013 1011 1074 quemque
1024 996 1202 1060 ,habiturum

228 1086 339 1158 hulsse,
359 1099 460 1160 neque
481 1084 583 1145 omnIa
603 1084 661 1144 sub
682 1091 785 1144 numm
807 1082 1020 1157 dicionemque
1035 1082 1201 1159 Romanam

227 1174 419 1244 perventura
447 1183 547 1243 „nunc
569 1172 715 1243 quoque“
734 1165 844 1242 inquit,
866 1165 915 1241 „si
935 1165 1028 1226 modo
1043 1180 1100 1224 voe
1122 1179 1204 1240 quae

227 1251 393 1312 inchoastis
415 1252 543 1312 consilia
563 1257 738 1313 constanter
757 1248 923 1326 perducitis
936 1248 1119 1321 adexitum,
1145 1264 1200 1323 po

227 1334 296 1396 terit
309 1335 368 1395 dlis
388 1334 561 1396 iuvantibus
576 1342 608 1395 et
616 1334 738 1396 AetoIIs
759 1334 853 1395 sociis
868 1332 1041 1393 Antiochus
1061 1331 1202 1406 quemvis
1223 1356 1228 1362 ·

226 1418 385 1479 inclinatos
398 1418 544 1479 Graeciae
556 1434 608 1479 res
621 1419 784 1479 restituere
797 1417 827 1477 in
844 1415 1001 1493 pristinem
1016 1415 1200 1490 dignitatem

226 1518 264 1563 ea
284 1508 384 1563 autem
404 1498 435 1562 in
455 1502 593 1562 libertate
612 1502 714 1576 posita
733 1508 795 1576 est,
817 1516 898 1576 quae
917 1500 983 1560 suis
1000 1506 1061 1559 stat
1074 1498 1198 1575 viribus,

226 1603 288 1647 uon
303 1602 343 1646 ex
357 1586 457 1647 alieno
473 1584 596 1645 arbitrlo
612 1585 756 1660 pendet.“
776 1584 998 1657 Athenienses,
1014 1583 1125 1658 quibus
1142 1582 1200 1658 pri-

226 1671 284 1730 mis
299 1677 371 1747 post
384 1670 499 1746 regiam
512 1667 695 1744 legationem
710 1667 832 1728 dIceudi
849 1684 929 1744 quoe
940 1669 1053 1728 vellent
1063 1673 1202 1742 potestas

227 1755 306 1815 iacta
331 1761 392 1828 est,
417 1753 570 1816 mentione
595 1752 677 1813 omni
701 1752 782 1827 regts
809 1752 1027 1828 praetermissa
1045 1753 1203 1823 Romanae

226 1838 382 1898 societatis
396 1839 524 1899 Aetolos
546 1835 785 1912 meritorumque
805 1836 835 1895 ln
855 1835 1029 1896 uniuersam
1043 1834 1203 1895 Graeciam

224 1920 258 1978 Τ.
273 1921 402 1995 Quinctii
417 1922 653 1991 admonuerunt,
680 1935 720 1981 ue
733 1928 847 1981 temere
862 1936 929 1980 earn
943 1918 1034 1979 nimio
1049 1918 1203 1979 celeritate

227 2005 423 2086 consiliorum
437 2013 615 2066 everterent.
644 2005 773 2066 consilia
793 2004 893 2064 calida
911 2011 942 2070 ct
961 2003 1090 2063 audacIa
1106 2003 1204 2078 prima

227 2087 332 2163 speeie
353 2091 445 2162 laeta,
468 2095 596 2151 tractatu
617 2090 709 2163 dura,
731 2095 845 2149 eventu
864 2088 962 2148 tristia
971 2103 1056 2147 esse.
1085 2089 1203 2161 legatos

226 2174 392 2249 Romanos,
407 2179 437 2234 et
446 2173 478 2233 in
488 2173 537 2234 his
547 2176 580 2234 Τ.
588 2173 767 2248 Quinctium,
782 2172 865 2231 haud
876 2172 985 2247 procul
995 2169 1068 2232 inde
1078 2171 1202 2231 abesse.

227 2257 298 2319 dum
312 2258 431 2333 integra
445 2258 545 2319 omnin
559 2264 679 2332 essent,
701 2255 802 2317 verbIs
820 2256 922 2331 potius
938 2255 978 2316 de
992 2255 1029 2315 ils
1045 2269 1125 2330 quoe
1140 2270 1204 2314 arn·

228 2341 401 2416 olgerentur
425 2342 647 2416 disceptarent,
675 2337 766 2415 quam
791 2341 897 2400 Asiam
921 2339 1140 2415 Europamque
1164 2336 1206 2397 etl

159 2428 164 2438 ⁴
227 2426 380 2486 funestum
395 2430 548 2484 armarent
560 2423 682 2483 bellurn.
711 2424 843 2484 XXXIII.
866 2423 1024 2484 multitudo
1043 2422 1205 2482 avidano

228 2507 323 2587 nandi·
338 2524 390 2568 res
405 2505 546 2565 Antiochi
568 2510 630 2565 tota
650 2513 730 2580 erat,
750 2513 782 2566 et
801 2523 840 2566 ne
860 2503 1064 2568 admittendos
1081 2505 1206 2580 quidem

227 2588 256 2648 ln
273 2589 434 2650 concillum
448 2589 604 2648 Romanos
620 2589 801 2649 censebant:
825 2591 996 2667 principum
1009 2590 1141 2650 maxirne
1156 2603 1206 2648 se

227 2671 329 2732 niores
342 2670 521 2732 auctoritate
535 2670 708 2744 obtinuere,
723 2673 890 2735 uideretur
902 2675 939 2736 iis
952 2674 1122 2735 concilium.
1145 2671 1208 2732 hoc

226 2755 382 2815 decretum
396 2753 602 2815 Athenienses
618 2772 687 2817 eum
699 2758 904 2833 rettulissent,
920 2758 1052 2820 eundum
1067 2757 1098 2817 in
1110 2758 1206 2816 Aeto

227 2838 295 2923 llam
310 2838 448 2912 QuInctIo
464 2840 563 2900 visum
578 2848 641 2911 est;
667 2848 720 2901 aut
740 2841 819 2920 enim
833 2849 985 2903 moturum
999 2840 1131 2917 aliquid,
1154 2844 1209 2899 aut

226 2920 325 2983 omnIs
347 2922 486 2984 homiues
507 2930 603 2985 testes
624 2926 691 2985 lore
716 2940 812 3001 penes
833 2928 961 2988 Aetolos
987 2927 1109 3001 culpam
1132 2922 1210 2983 belli
1291 2951 1294 2956 ·

130 3074 133 3078 ,
226 3021 306 3081 esse,
318 3008 474 3068 Romanos
485 3008 565 3068 iusta
576 3024 612 3069 ac
625 3025 724 3084 prope
734 3010 911 3070 necessarla
922 3017 1099 3085 sumpturos
1110 3022 1209 3067 arma.

227 3097 388 3165 postquam
407 3099 531 3153 ventum
552 3100 600 3152 est
619 3107 673 3165 eo,
700 3092 858 3166 Quinctius
879 3093 910 3153 ln
932 3089 1062 3156 concilio
1080 3107 1174 3153 orsus
1190 3107 1212 3150 a

226 3174 376 3249 principio
392 3174 548 3237 socletatIs
562 3177 742 3236 Aetolorum
756 3194 827 3238 cum
840 3178 1002 3251 Romanis,
1017 3185 1048 3238 et
1063 3175 1211 3253 quotiens

225 3257 264 3316 ab
279 3257 316 3317 iis
330 3258 409 3319 ddes
423 3265 506 3320 mota
521 3259 656 3319 loederIs
672 3268 770 3335 esset,
786 3273 886 3342 pauco
900 3262 941 3322 de
951 3262 1017 3322 iure
1029 3260 1210 3329 civitatium,

141 3357 143 3360 ’
226 3340 266 3400 de
280 3341 391 3416 quibus
406 3342 609 3416 ambigeretur
623 3340 776 3405 disseruit.
809 3346 837 3405 si
857 3345 932 3419 quid
946 3353 1046 3408 tamen
1062 3342 1156 3419 aequi
1173 3357 1212 3403 sc

224 3423 338 3484 habere
352 3425 582 3499 arbitrarentur,
605 3435 721 3502 quanto
742 3441 814 3489 esse
835 3429 931 3489 satius
946 3430 1075 3490 Romam
1089 3427 1213 3488 mittere

226 3507 353 3582 legatos,
370 3524 426 3569 seu
437 3508 612 3585 disceptare
626 3526 685 3571 seu
694 3526 804 3581 rosere
816 3519 957 3573 senatum
968 3512 1101 3581 mallent,
1115 3523 1213 3586 qnam
