2600 4000
213 213 218 222 ’
264 243 379 305 trena
392 244 513 304 mcxv.
537 243 619 302 our.
631 251 676 304 aa.
688 252 731 305 n.
755 248 790 319 la·
805 249 837 301 c.
851 249 912 323 192]
1016 243 1075 307 too

100 412 178 473 opus
194 399 261 454 erat
273 394 313 453 ad
329 394 478 453 tenendos
493 392 649 454 sociorum
665 392 799 466 animos,
813 396 845 455 Τ.
863 395 1031 467 Quinctium
1046 407 1076 459 et

99 480 152 541 Cn.
176 477 334 539 Octavium
354 484 385 537 et
405 475 457 535 Cn.
480 475 640 536 Servilium
661 485 691 537 et
711 477 742 537 P.
763 474 886 538 Villium
908 481 1024 554 legatos
1045 483 1075 540 iu

99 561 259 624 Graeciam
274 560 371 631 misit;
386 568 416 621 et
429 567 462 620 ut
471 560 511 619 Μ.
525 561 658 620 Baebius
673 576 713 621 ex
726 559 851 622 Bruttiis
866 562 904 621 ad
916 561 1075 624 Tarentum

100 657 131 708 et
142 644 337 706 Brundisium
354 650 549 719 promoveret
563 645 700 718 legiones
716 644 866 718 decrevit,
882 645 967 719 inde,
984 648 1076 707 sires

101 734 261 807 posceret,
276 729 305 788 in
320 725 532 788 Macedoniam
544 727 700 798 traiceret;
716 735 745 787 et
756 736 789 788 ut
799 727 839 787 M.
851 729 976 789 Fulvius
989 744 1075 805 prae

100 823 149 876 tor
164 816 295 873 classem
315 810 437 871 navium
459 811 562 886 viginti
581 809 711 872 mitteret
730 812 770 871 ad
790 812 934 872 tuendam
956 812 1077 874 Siciliae

101 913 202 966 oram3
232 902 263 956 et
281 903 315 957 ut
335 910 403 954 cum
423 893 551 973 imperio
573 901 657 956 esset
676 894 728 969 qui
748 897 879 956 classem
901 911 968 957 eam
984 897 1075 957 duce·

101 988 149 1043 ret
161 1018 202 1026 —
217 979 305 1040 duxit
317 980 351 1039 L.
367 976 484 1055 Oppius
500 979 666 1050 Salinator,
689 979 741 1052 qui
756 978 858 1054 priore
873 996 952 1040 anno
969 979 1077 1040 aedilis

103 1064 204 1143 plebei
218 1064 317 1124 iuerat
330 1088 387 1133 -;
409 1072 439 1123 et
454 1070 489 1124 ut
507 1063 588 1122 idem
605 1069 727 1137 praetor
747 1063 780 1121 L.
795 1064 918 1124 Valerio
940 1066 1078 1139 collegae

102 1148 250 1211 scriberet
275 1145 445 1221 periculum
466 1162 552 1222 esse,
579 1163 618 1206 ne
636 1144 751 1206 classis
772 1148 854 1222 regis
875 1147 1017 1208 Antiochi
1038 1163 1078 1208 ex

102 1231 223 1295 Aetolia
243 1230 274 1290 in
289 1227 423 1290 Siciliam
443 1230 599 1291 traicerem
632 1229 736 1305 itaque
759 1232 880 1305 placere
901 1231 1018 1292 senatui
1038 1231 1079 1291 ad

103 1333 171 1376 eum
192 1312 373 1385 exercitum,
396 1330 487 1389 quem
508 1313 648 1387 haberet,
674 1314 934 1375 tumultuariorum
955 1314 1079 1384 militum

103 1400 144 1460 ad
159 1397 322 1460 duodecim
347 1397 430 1457 milia
454 1404 484 1458 et
509 1397 750 1473 quadringentos
778 1398 897 1474 equites
922 1397 1078 1471 scriberet,

105 1482 215 1560 quibus
228 1498 313 1543 oram
324 1479 501 1542 maritimam
516 1481 709 1560 provinciae,
723 1498 784 1558 qua
793 1489 934 1557 vergeret
943 1480 974 1542 in
986 1483 1077 1542 Grae·

104 1565 197 1641 eiam,
218 1563 294 1635 tueri
308 1572 425 1641 posset.
458 1582 526 1627 eum
541 1565 684 1628 dilectum
707 1572 831 1641 praetor
844 1583 905 1627 non
921 1581 960 1626 ex
976 1564 1081 1625 Sicilia

104 1654 174 1727 ipsa
188 1657 300 1711 tuntum
315 1649 373 1710 sed
387 1648 475 1710 etiarn
491 1667 529 1711 ex
542 1648 826 1711 circumiacentibus
838 1647 948 1709 insulis
959 1646 1079 1717 habuit3

105 1734 282 1811 oppidaque
293 1732 395 1795 omnia
406 1734 568 1808 maritima,
582 1750 662 1809 quae
673 1732 705 1793 in
714 1732 870 1792 Graeciam
882 1746 974 1791 versa
986 1738 1080 1805 erant

105 1817 267 1894 praesidiis
282 1817 421 1879 firmavit.
449 1818 568 1879 addidit
582 1818 725 1876 alimenta
741 1814 915 1875 mmoribus
930 1815 1080 1875 adventus

104 1902 196 1963 Attali
216 1900 361 1961 Eumenis
383 1900 499 1974 trahis,
526 1899 589 1981 qui
603 1896 754 1959 nuntiavit
773 1897 959 1959 Antiochum
977 1914 1081 1975 regern

104 1986 336 2062 Hellespontum
357 1999 426 2043 cum
446 1981 582 2044 exercitu
600 1980 766 2053 transisse,
789 1989 820 2043 et
832 1984 960 2062 Aetolos
985 1982 1026 2044 ita
1047 1998 1082 2044 se

105 2085 229 2144 parare,
244 2074 278 2126 ut
291 2066 348 2125 sub
364 2067 528 2135 adventurn
543 2065 610 2125 eius
625 2066 656 2123 in
671 2064 764 2124 armis
779 2073 892 2127 essent.
914 2075 945 2127 et
954 2064 1083 2127 Eumeni

105 2149 269 2211 absentiat
282 2148 436 2223 praesenti
448 2149 551 2208 Attalo
564 2146 680 2222 gratiae
695 2152 795 2219 actae,
815 2155 846 2207 et
859 2150 954 2209 aedes
969 2149 1083 2208 liberae

106 2237 194 2295 locus
215 2230 308 2291 lautia
332 2231 469 2304 decreta,
495 2237 526 2292 et
549 2245 677 2291 munera
702 2230 787 2302 data,
814 2230 886 2307 equi
908 2232 985 2305 duo,
1011 2230 1083 2291 bina

2 2383 3 2386 ,
106 2315 263 2393 equestria
277 2331 376 2389 arma,
398 2320 429 2374 et
441 2330 518 2374 vasa
532 2320 678 2389 argentea
691 2320 811 2375 centum
826 2317 930 2390 pondo
946 2322 976 2376 et
990 2331 1084 2376 aurea

106 2398 212 2476 viginti
226 2400 341 2476 pondo.

189 2484 294 2544 XXIV.
324 2483 398 2543 Cum
413 2480 464 2543 alii
486 2490 577 2558 atque
598 2481 648 2542 alii
663 2481 760 2543 nuntii
773 2483 886 2543 bellurn
899 2481 1015 2544 instare
1029 2483 1082 2543 ad·

108 2571 235 2642 terrent,
256 2569 374 2628 adrem
390 2566 542 2642 pertinere
556 2564 655 2625 visum
670 2574 719 2627 est
732 2569 877 2628 consules
892 2566 990 2643 prirno
1007 2583 1082 2642 quo-

108 2668 167 2729 que
181 2661 319 2727 ternpore
334 2647 440 2711 creari.
463 2648 565 2724 itaque
580 2652 889 2711 senatusconsultum
903 2653 1082 2726 factumest,

106 2743 140 2797 ut
151 2735 332 2795 M..Fulvius
348 2738 470 2808 praetor
484 2732 599 2792 litteras
615 2733 768 2807 extemplo
789 2735 829 2794 ad
844 2736 1002 2795 consulem
1016 2734 1082 2795 rnil-

108 2826 198 2892 teret‚
225 2816 335 2892 quibus
360 2815 471 2876 certior
495 2816 581 2874 heret
607 2814 728 2875 senatui
753 2817 891 2891 placere,
924 2819 1083 2893 provincia

107 2899 306 2974 exercituque
324 2899 435 2960 tradito
457 2898 578 2972 legetis,
600 2898 728 2958 Romam
748 2901 860 2960 reverti
882 2916 966 2978 eum,
994 2910 1084 2963 etex

106 2986 214 3047 itinere
226 2981 418 3061 praemittere
429 2982 569 3054 edictum,
583 2998 644 3056 quo
655 2982 777 3043 comitia
788 2984 966 3045 consulibus
978 2999 1082 3045 crean-

108 3069 157 3129 dis
172 3068 314 3129 ediceret.
337 3065 436 3142 paruit
448 3066 485 3124 iis
500 3065 605 3125 litteris
618 3068 741 3138 consul,
758 3073 788 3127 et
799 3069 970 3143 praemisso
982 3068 1082 3129 edicto

107 3153 234 3212 Romam
248 3149 341 3211 venit
364 3166 402 3211 eo
419 3164 543 3224 quoque
557 3165 639 3210 anno
654 3165 766 3225 magna
780 3149 903 3212 ambitio
919 3150 983 3226 luit,
999 3153 1082 3226 quod

108 3236 225 3311 patricii
246 3243 306 3296 tres
329 3234 358 3294 ln
379 3250 473 3293 unum
493 3234 594 3294 locum
615 3234 780 3308 petierunt,
800 3234 833 3293 P.
855 3234 1012 3296 cornelius
1029 3235 1082 3296 (ln.

11 3348 12 3362 κ
107 3317 141 3379 F.
156 3316 275 3393 Scipio,
298 3318 349 3393 qul
364 3316 467 3393 priore
480 3333 560 3379 anno
574 3319 730 3392 repulsam
744 3320 862 3393 tulerat,
878 3326 909 3379 et
920 3320 954 3379 L.
970 3318 1081 3379 Corne·

109 3402 168 3462 lius
183 3400 285 3477 Scipio
300 3406 330 3461 et
343 3399 395 3461 Cn.
410 3400 542 3461 Manlius
556 3402 666 3461 Vulso.
688 3400 721 3460 P.
737 3400 889 3478 Scipioni,
909 3409 943 3462 ut
958 3400 1081 3461 dilatum

108 3482 175 3546 viro
197 3484 262 3557 tali,
284 3500 344 3543 non
365 3491 507 3558 negatum
526 3484 674 3546 honorem
698 3491 874 3602 appareret:
902 3483 1080 3544 consulatus

818 3574 852 3624 ra
