2600 4000
240 268 303 332 840
355 268 480 329 'Lista
495 266 655 329 xxxviii
678 266 762 327 CAP.
776 272 819 327 23.
831 274 874 327 24.
897 271 934 338 [a.
946 270 980 324 U.
993 287 1019 324 c.
1030 274 1094 338 tos]

242 418 443 497 quadraginta
456 418 539 479 milia
548 416 704 479 hominum
714 422 822 477 auctor
832 421 881 476 est
891 429 992 487 caesa,
1002 415 1148 478 Valerius
1160 423 1217 478 ltn-

241 502 309 578 tias,
325 504 379 579 qui
391 502 489 577 magis
504 501 684 578 immodicus
698 499 729 559 in
744 513 872 560 numero
886 498 1028 573 augendo
1045 512 1119 559 esse
1131 502 1221 572 solet

242 603 303 650 non
322 588 394 664 plus
414 586 521 646 decern
540 583 631 645 milia.
665 599 810 651 numerus
824 582 1015 658 captivorum
1029 581 1113 643 haud
1128 583 1223 645 dubie

241 671 324 732 milia
337 667 538 746 quadraginta
552 666 695 745 explevit,
711 667 784 742 quia
798 665 898 727 omnis
911 666 1034 741 generis
1049 667 1223 744 aetatisque

241 755 361 817 turbam
384 767 490 814 secum
509 751 679 826 buerant,
704 750 937 825 demigrantium
956 749 1055 833 magis
1077 755 1172 826 quam
1193 753 1223 812 in

241 839 353 900 bellum
368 835 502 898 euntium
516 836 619 897 modo.
641 836 750 896 consul
767 835 860 895 armis
875 834 1008 895 hostium
1022 834 1132 896 inuno
1148 851 1223 897 con·

208 989 212 996 ⁴
244 921 383 983 crematis
403 921 525 983 cumulo
547 926 680 981 ceteram
693 918 840 994 praedam
855 919 994 979 conferre
1008 919 1108 979 omnis
1122 919 1224 996 iussit,

242 1015 273 1068 et
286 1015 339 1069 aut
357 1004 493 1066 vendidit
512 1004 597 1080 qaod
616 1002 684 1064 eius
704 1003 735 1062 in
755 1001 911 1077 publicum
930 1001 1133 1076 redigendum
1147 1013 1223 1078 erat,

241 1098 294 1152 aut
307 1106 377 1150 cum
392 1104 474 1162 cura,
488 1095 522 1150 ut
536 1103 627 1164 quam
641 1086 830 1162 aequissima
843 1092 936 1160 esset,
951 1101 1008 1160 per
1020 1085 1131 1148 milites
1146 1088 1224 1149 diti·

242 1172 290 1233 sit
312 1172 426 1233 laudati
447 1186 573 1248 quoque
593 1187 650 1247 pro
671 1171 812 1233 contione
827 1184 934 1230 omnes
949 1176 1035 1245 sunt,
1054 1170 1225 1247 donatique

217 1271 222 1279 ·
241 1256 425 1330 promerito
446 1254 593 1331 quisquo,
613 1262 685 1316 anto
705 1254 804 1317 omnis
818 1254 938 1315 Attalus
960 1269 1081 1315 summo
1101 1261 1223 1316 cetero—

240 1353 307 1397 rum
327 1338 478 1398 adsensu=
499 1355 570 1399 nam
591 1336 754 1413 singularis
773 1339 841 1399 eius
861 1337 981 1399 iuvenis
996 1337 1177 1400 cumvirtus
1191 1346 1224 1399 et

241 1420 392 1482 industria
400 1420 431 1480 in
444 1422 585 1483 omnibus
596 1421 753 1484 laboribus
766 1421 982 1498 periculisque,
996 1428 1059 1482 tum
1068 1423 1223 1483 modestia

241 1503 331 1565 ctiam
349 1505 455 1566 luerat.
705 1549 708 1554 -

164 1603 167 1606 ·
325 1587 431 1649 XXIV.
452 1586 619 1665 Supererat
638 1588 752 1649 bellum
771 1590 922 1666 integrum
943 1605 1011 1650 cum
1030 1590 1220 1666 Tectosagis.

242 1673 281 1733 ad
296 1689 353 1736 eos
367 1673 524 1752 proiectus
539 1671 647 1733 consul
661 1673 758 1733 tertiis
773 1674 883 1735 castris
897 1675 1064 1750 Ancyram,
1085 1673 1221 1735 nobilem

241 1757 272 1818 in
287 1757 346 1819 illis
360 1756 438 1819 locis
452 1757 572 1829 urbem,
588 1755 741 1832 pervenit,
756 1757 839 1817 unde
853 1757 960 1819 hostes
974 1758 1066 1832 paulo
1080 1759 1155 1832 plus
1170 1758 1220 1819 de

169 1834 175 1846 '
244 1857 311 1903 cem
324 1841 407 1902 milia
415 1840 558 1902 'aberant
575 1840 627 1902 abi
642 1855 710 1901 aum
725 1840 837 1901 stativa
847 1847 961 1915 essent,
974 1841 1093 1902 lacinus
1106 1856 1221 1903 memo·

241 1923 336 1985 rabile
350 1940 369 1984 a
383 1925 503 2001 captiva
517 1926 630 1986 lactum
644 1931 707 1986 est..
720 1922 903 2002 Ortiagontis
917 1925 1014 1999 reguli
1028 1939 1109 1985 uxor
1123 1924 1222 1986 torma

241 2007 353 2068 eximia
367 2008 596 2070 custodiebatur
608 2007 688 2070 inter
701 2009 805 2086 plures
821 2009 977 2084 captivos3
1000 2008 1049 2069 cui
1060 2007 1220 2070 custodiae

241 2090 378 2153 centruio
392 2098 534 2167 praeerat
548 2099 578 2153 et
591 2091 727 2153 libidinis
741 2099 772 2154 et
785 2092 932 2153 avaritiae
944 2091 1092 2173 militaris.
1114 2091 1142 2153 is
1159 2094 1220 2168 pri-

241 2191 291 2236 mo
312 2175 444 2236 animum
462 2175 635 2252 temptavit;
658 2191 748 2252 quem
768 2192 837 2237 oum
851 2176 1065 2238 abhorrentem
1079 2191 1099 2236 a
1112 2178 1220 2239 volun-

241 2259 318 2320 tario
332 2259 450 2321 videret
463 2266 587 2335 stupro,
609 2258 749 2336 corpori,
772 2258 993 2335 quod'servum
1007 2261 1131 2321 lortuna
1145 2269 1220 2333 crat

244 2343 393 2404 vimlecit.
416 2343 527 2405 deinde
538 2343 761 2404 adlenieadam
771 2342 980 2419 indignitatem·
988 2341 1118 2405 iniuriae
1131 2360 1220 2420 spem

240 2425 357 2488 reditus
372 2426 413 2486 ad
428 2442 502 2487 suos
517 2427 634 2489 mulieri
646 2427 725 2500 iacit,
740 2434 819 2488 etne
828 2443 895 2488 eam
908 2427 1042 2502 quidem,
1056 2434 1090 2489 ut
1102 2444 1219 2502 amans,

241 2510 410 2583 gratuitam.
443 2517 526 2571 certo
547 2510 613 2570 auri
633 2511 772 2584 pondere
785 2517 910 2588 pactus,
930 2525 970 2571 ne
985 2527 1078 2586 quem
1091 2528 1219 2577 suorum

242 2591 397 2655 conscium
407 2591 543 2663 haberet,
559 2590 618 2666 ipsi
632 2594 791 2669 permittit,
811 2600 846 2655 ut
859 2609 950 2670 quern
965 2595 1058 2673 vellet
1070 2611 1166 2657 unum
1181 2612 1218 2657 ex

241 2672 368 2747 captivis
389 2671 526 2734 nuntium
547 2673 587 2735 ad
607 2690 683 2737 suos
704 2676 842 2739 mitteret.
871 2679 972 2739 locum
991 2694 1090 2756 prope
1104 2678 1219 2740 flumen

240 2755 404 2832 constituit,
420 2773 481 2831 quo
496 2757 568 2832 duo,
583 2761 707 2835 neptus
721 2761 889 2822 necessarii
904 2761 1044 2837 captivae
1059 2778 1129 2824 cum
1144 2779 1218 2824 auro

239 2840 482 2903 venirentnocte
493 2841 1014 2921 insequentiadeamaccipiendam.
1030 2848 1109 2909 lortc
1120 2846 1218 2923 ipsius

240 2924 376 2986 mulieris
401 2940 515 2988 servus·
536 2926 613 2988 inter
638 2929 776 3005 captivos
802 2929 940 2990 eiusdem
961 2931 1122 2992 custodiae
1143 2939 1216 2991 erat.

240 3005 322 3068 hune
346 3009 484 3070 nuntium
509 3009 616 3086 primis
640 3013 772 3074 tenebris
797 3020 884 3088 extra
908 3014 1057 3076 stationes
1078 3015 1216 3076 centurio

240 3090 350 3153 educit.
386 3101 476 3154 nocte
500 3094 673 3169 insequenti
692 3103 723 3156 et
742 3097 803 3158 duo
828 3096 997 3158 necessarii
1021 3098 1159 3160 mulieris
1178 3098 1217 3160 ad

240 3173 436 3236 constitutum
450 3177 551 3239 locum
566 3184 596 3238 et
609 3179 745 3241 centurio
756 3196 826 3242 cum
837 3181 959 3259 captiva
974 3183 1064 3245 venit.
1084 3183 1137 3244 ubi
1148 3198 1216 3245 cum

239 3273 346 3318 aurum
367 3260 564 3333 ostenderent
585 3262 669 3335 quod
689 3264 837 3326 summam
856 3264 961 3327 talenti
980 3265 1127 3328 Attici-
1143 3265 1216 3328 tanti

239 3339 319 3401 enim
333 3342 490 3418 pepigerat
502 3377 543 3388 —
553 3346 700 3419 expleret,
715 3348 940 3424 mulier-lingua
953 3365 1019 3422 sua,
1035 3350 1216 3425 stringerent

240 3426 353 3486 terrum
368 3432 398 3486 et
412 3426 619 3505 centurionem
634 3437 815 3505 pensantem
829 3449 936 3494 aruum
950 3433 1143 3508 occiderent,
1163 3433 1212 3495 im-

134 3530 137 3536 >
240 3509 366 3585 peravit.
397 3510 522 3586 iugulati
546 3507 720 3590 praecisum
741 3523 833 3588 caput
851 3517 921 3592 ipsa
940 3516 1109 3578 involutum
1131 3525 1214 3607 veste
