2600 4000
270 223 384 286 illidit
398 224 559 286 xxxv111.
583 225 664 285 CAP.
682 238 706 287 t.
729 233 807 299 [nec.
824 236 885 301 reu]
1004 228 1065 295 atr

414 511 552 607 titt
595 513 733 607 ttvt

365 664 420 725 AB
441 663 558 726 URBE
582 663 786 728 CONDITA

430 780 540 842 LIBER
561 781 720 844 xxxviii.

503 912 654 921 —--.—-

107 1016 250 1077 senuna.
286 1017 320 1067 tt.
332 1015 435 1067 Fulvius
453 1017 541 1069 consul
559 1019 587 1069 in
602 1018 681 1084 Epiro
694 1019 888 1070 Ambracienses
904 1020 1023 1070 obsessos
1040 1022 1065 1069 io

138 1087 294 1141 deditionem
308 1086 414 1152 accepit,
426 1084 615 1152 Cephalleniam
626 1088 737 1154 subegit,
752 1087 849 1139 Aetolis
862 1088 1011 1154 perdomitis
1019 1102 1066 1153 pa·

138 1172 194 1208 cem
212 1156 291 1210 dedit.
318 1154 362 1206 Gn.
378 1153 487 1207 Manlius
504 1156 608 1222 consul,
627 1157 724 1225 collega
741 1157 805 1218 eina,
823 1156 1000 1223 Gallograecos
1017 1158 1066 1208 To-

137 1225 288 1292 listobogios
305 1231 331 1276 et
340 1223 495 1292 Tectosages
511 1232 536 1277 et
544 1226 676 1288 Trocmos,
695 1227 739 1290 qni
748 1226 848 1277 Brenno
865 1226 929 1277 duee
942 1228 969 1277 ln
978 1227 1065 1278 Asiam

136 1294 296 1355 transierant,
314 1308 372 1345 oum
388 1293 439 1345 solt
456 1295 518 1346 citra
533 1294 643 1347 Taurum
659 1304 770 1347 montem
787 1310 838 1346 non
852 1304 976 1361 parerem,
993 1296 1064 1348 vicit.

137 1378 227 1414 eornm
244 1364 325 1430 origo,
342 1370 369 1414 et
384 1379 434 1427 quo
453 1365 530 1416 modo
546 1379 578 1416 ea
594 1364 666 1432 loca,
684 1380 748 1430 quae
765 1371 863 1429 tenent,
879 1366 1066 1432 occupaverint,

136 1433 253 1484 refertur.
280 1432 427 1498 exemplum
443 1449 544 1498 quoque
559 1434 659 1486 virtutis
677 1441 702 1486 et
719 1434 857 1499 pudicitiae
869 1433 895 1483 in
910 1434 1004 1485 femine
1015 1443 1066 1485 tra·

137 1502 218 1554 ditur:
243 1517 309 1568 quae
326 1516 384 1553 eum
402 1502 557 1570 Ortiagontis
573 1504 642 1571 regis
661 1502 882 1572 Gallograecorum
899 1518 966 1553 uxor
983 1502 1066 1565 luerit,

137 1571 239 1638 captiva
254 1573 427 1624 centurionem
442 1573 583 1638 custodem,
601 1573 645 1637 qul
660 1575 684 1623 ei
699 1574 752 1622 vim
761 1572 889 1636 intulerat,
908 1571 1009 1623 occidit
1027 1570 1066 1619 lu-

138 1649 217 1691 strum
229 1654 246 1690 a
257 1641 407 1692 censoribus
425 1642 555 1693 mndltum
570 1648 622 1693 est:
642 1656 718 1692 censa
736 1652 795 1691 aunt
810 1641 903 1691 civium
921 1638 1005 1704 capita
1019 1638 1066 1688 du-

135 1719 210 1760 centa
223 1710 407 1778 qulnquaginta
422 1720 479 1763 octo
488 1712 558 1762 milia
567 1718 592 1763 et
604 1718 717 1761 trecenta
726 1710 818 1776 viginti
829 1715 894 1758 coto.
922 1722 980 1758 oum
991 1707 1067 1757 Aria-

137 1777 207 1829 rathe
224 1795 286 1847 rege
302 1778 479 1847 Cappadociae
502 1780 616 1832 amicitia
632 1779 718 1828 iuncta
736 1784 784 1828 est.
817 1775 863 1827 (ln.
882 1775 992 1826 Manlius
1007 1790 1066 1826 oon·

136 1848 319 1901 tradicentibus
342 1849 431 1900 decem
454 1848 560 1914 legatis,
585 1862 619 1897 ex
636 1859 743 1909 quorum
766 1844 872 1895 oonsilio
896 1843 988 1895 foedus
1009 1859 1066 1895 cum

136 1915 263 1968 Antiocho
281 1917 480 1981 conscripserat,
499 1916 531 1964 de
551 1914 737 1979 Gallograecis,
760 1921 817 1963 acta
833 1927 880 1978 pro
898 1928 927 1964 se
945 1928 1024 1965 cause
1040 1914 1066 1965 in

137 1991 243 2049 senatu,
260 1982 436 2048 triumpharit.
464 1981 549 2048 Scipio
569 1982 704 2032 Africanus
724 1981 766 2033 die
783 1983 807 2033 ei
823 1982 901 2042 dicta,
919 1989 947 2034 ut
964 1982 1066 2048 quidam

105 2102 108 2106 ,
135 2052 246 2113 tradunt,
264 2065 281 2101 a
298 2051 436 2110 Q.1>etnno
453 2051 553 2101 tribuno
570 2050 664 2117 plebis,
681 2060 710 2101 ut
727 2052 839 2115 qnidam
855 2051 982 2117 aNaerio,
999 2054 1066 2116 quod

134 2119 1068 2253 auctaretatnrsnntunns

137 2259 224 2326 ginem
239 2258 323 2320 vici‚“
342 2267 367 2309 et
384 2265 554 2324 prosequente
568 2257 665 2325 populo
685 2256 838 2323 Capitolium
855 2256 979 2311 ascendit.
1007 2257 1067 2307 inde

137 2343 170 2378 ne
181 2326 291 2393 amplius
306 2327 448 2379 tribuniciis
457 2327 557 2378 iniuriis
571 2336 714 2388 vexaretur,
732 2328 759 2377 ln
768 2328 939 2380 voluntarium
948 2325 1067 2378 exsilium

136 2396 268 2447 Liternum
286 2397 420 2450 concessit.
448 2396 571 2447 incertum
583 2396 621 2447 ibi
636 2396 775 2447 anitomae
791 2396 926 2448 destructos
944 2397 989 2447 stt:
1008 2410 1067 2445 nam

137 2467 192 2519 elus
210 2472 400 2518 monumentum
424 2466 559 2530 utrobique
574 2464 633 2517 snit.
668 2466 699 2517 L.
718 2465 806 2533 Scipio
820 2466 965 2532 Asiaticus,
990 2464 1068 2515 irater

135 2535 263 2602 Africani,
279 2536 369 2587 eodem
386 2534 520 2601 peculatus
537 2536 643 2586 crimine
657 2544 790 2586 accusatas
808 2536 993 2598 damnatusque
1009 2549 1068 2584 oum

133 2607 160 2655 ln
176 2604 280 2655 vincula
297 2611 322 2655 et
339 2619 464 2656 carcerem
483 2604 624 2664 duceretur,
642 2605 680 2655 Ti.
701 2604 868 2671 Sempronius
880 2602 1006 2655 Gracchus
1024 2604 1067 2653 tri-

136 2675 220 2725 bunus
236 2672 327 2738 plebis,
346 2674 390 2736 qni
407 2681 482 2723 antea
491 2672 653 2738 Scipionibus
671 2674 788 2724 inimicus
806 2674 897 2733 inerat,
915 2673 1066 2733 intercessit,

134 2748 160 2791 et
177 2741 210 2791 ob
227 2740 256 2790 id
277 2740 427 2791 beneficium
450 2739 564 2790 Africani
585 2741 663 2790 tiliam
686 2742 767 2797 duxit.
796 2758 854 2792 curn
877 2750 1025 2806 quaestores
1040 2742 1066 2790 in

135 2812 203 2859 bona
220 2809 276 2858 eins
293 2809 395 2875 publice
411 2807 567 2874 possidenda
582 2806 655 2860 missi
671 2819 765 2870 essent,
783 2825 833 2861 non
843 2810 927 2861 modo
944 2810 971 2859 in
987 2809 1019 2860 iis
1028 2809 1067 2859 ul·

135 2878 189 2929 tum
202 2878 340 2943 vestigium
356 2878 479 2944 pecuniae
496 2879 583 2944 regiae
600 2879 726 2943 apparuit,
742 2879 956 2942 sednequaquam
969 2886 1066 2928 tantum

134 2947 266 2998 redactum
281 2956 392 3012 quantae
409 2960 525 2998 summae
546 2952 599 2997 erat
616 2947 757 2997 damnatus.
788 2948 906 2999 collatam
923 2962 939 2998 a
957 2947 1066 3013 cognitis

135 3025 160 3067 et
176 3017 266 3068 amicis
283 3015 494 3067 innumerabilem
509 3016 645 3082 pecrrnlam
663 3017 779 3081 accipere
791 3016 884 3067 noluitc
904 3031 969 3081 qnae
979 3030 1065 3066 neces·

134 3085 202 3137 saria
219 3087 244 3135 ei
259 3093 332 3136 erant
348 3085 383 3137 ad
398 3083 501 3151 cultum,
520 3085 659 3151 redempta.
768 3140 772 3148 Ι

168 3218 193 3276 l.
212 3218 291 3278 Dum
305 3219 336 3277 in
350 3217 427 3279 Asia
440 3218 553 3278 bellurn
568 3216 691 3292 geritur,
708 3231 747 3277 ne
761 3216 792 3275 in
805 3212 927 3276 Aetolia
942 3215 1064 3291 quidem

85 3298 207 3375 quietae
225 3317 278 3362 res
298 3302 433 3376 fuerant,
455 3299 606 3377 principio
626 3306 750 3375 agente
763 3299 966 3367 Athamanum
987 3304 1063 3360 orto.

16 3440 20 3450 .
84 3382 267 3444 Athamania
287 3400 325 3445 ea
346 3391 529 3460 tempestate
549 3385 641 3458 pulso
655 3384 856 3459 Amynandro
872 3382 929 3443 sub
943 3380 1062 3455 praete

6 3476 8 3501 ³
84 3464 142 3527 etis
154 3465 285 3544 Philippi
300 3468 384 3544 regio
399 3469 559 3531 tenebatur
574 3465 739 3541 praesidio,
755 3465 808 3541 qui
822 3464 956 3540 superbo
972 3469 1063 3536 atque
