2600 4000
206 237 269 304 iao
323 236 438 301 LIBER
449 234 580 295 xxxiii.
598 233 681 295 clii).
694 241 737 297 aa.
749 239 792 294 44.
803 243 848 295 aa.
870 239 907 307 [a.
920 238 954 292 o.
968 239 1067 307 eser]

204 390 236 451 P.
262 387 374 450 Manlio
402 387 433 447 in
459 384 630 447 citeriorem
656 384 836 460 Hispaniam
863 383 1020 458 decretus,
1049 389 1080 445 et
1103 386 1185 462 legio

205 474 328 546 endem,
353 486 434 547 quae
457 471 557 530 iuerat
580 468 638 529 sub
664 468 698 543 Q.
718 466 851 529 Minoae
871 475 1029 543 praetore,
1051 468 1130 530 data.
1153 477 1185 532 et

205 556 236 616 P.
260 553 369 616 Porcio
394 554 513 614 Laecae
537 553 578 612 ad
599 551 750 612 Etruriam
776 552 857 612 cirea
880 551 968 612 Pisas
996 551 1104 612 decom
1128 554 1184 613 mi-

205 641 245 701 lia
260 640 395 715 peditum
416 645 447 699 et
460 635 615 713 quingenti
635 636 755 711 equites
775 650 815 696 ex
836 634 951 696 Gallico
973 635 1109 697 exercitu
1129 636 1183 696 de-

206 722 290 784 creti.
324 723 355 782 in
377 720 518 782 Sardinia
541 726 740 796 prorogatum
762 717 922 795 imperium
946 719 979 779 T.
1001 717 1184 792 Sempronio

206 807 322 882 Longo.

285 890 389 951 XLIV.
412 887 580 948 Provinciis
595 887 636 949 ita
650 886 827 961 distributis,
844 887 989 948 consules
1003 887 1183 963 priusquam

207 976 246 1035 ab
260 975 336 1035 urbe
358 971 641 1049 proficiscerentur,
663 986 719 1031 ver
739 985 860 1031 sacrum
881 985 921 1030 ex
943 971 1067 1033 decreto
1084 969 1182 1046 panti·

206 1057 299 1117 lleum
318 1055 395 1117 iussi
416 1056 533 1130 iacere,
555 1055 638 1130 quod
652 1056 691 1116 A.
707 1053 864 1116 cornelius
878 1054 1042 1115 Mammula
1060 1061 1182 1131 praetor

207 1147 332 1201 voverat
347 1141 386 1201 de
400 1144 526 1200 senatus
541 1137 692 1199 sententia
705 1138 873 1215 populique
887 1138 975 1199 iussu
987 1138 1040 1198 Gn.
1054 1139 1182 1200 Servilio
1249 1189 1252 1194 ⁴

207 1223 239 1284 c.
252 1224 399 1286 Flaminio
420 1222 606 1285 consulibus.
643 1222 730 1283 annis
745 1229 818 1298 post
831 1238 893 1284 uno
908 1228 938 1283 ct
952 1220 1057 1297 viginti
1071 1223 1182 1284 laetum

207 1315 256 1368 est
270 1323 362 1383 quarn
379 1312 491 1369 votum.
525 1322 582 1382 per
596 1307 723 1367 eosdem
737 1306 804 1367 dies
819 1306 851 1367 G.
868 1305 1012 1367 Claudius
1025 1307 1085 1383 Ap.
1101 1305 1182 1368 lilius

206 1391 336 1451 Pulcher
349 1407 446 1467 augur
460 1390 490 1450 in
506 1389 539 1464 Q.
551 1390 637 1452 Fabii
649 1388 774 1451 Maximi
789 1392 899 1464 iocum,
916 1390 968 1467 qui
982 1390 1088 1466 priore
1100 1406 1181 1452 anno

206 1480 344 1536 mortuus
358 1480 431 1548 erat,
447 1475 545 1534 iectus
559 1471 820 1550 inauguratusque
833 1479 890 1535 est.

289 1556 468 1620 Mirantibus
483 1558 542 1618 iam
556 1559 648 1633 vulgo
659 1557 843 1630 hominibus,
860 1558 1024 1633 quodcum
1033 1558 1183 1635 Hispania

207 1640 355 1704 nauseet
367 1643 478 1704 bellurn
494 1643 698 1716 neglegerent,
712 1643 828 1702 litterae
843 1641 906 1715 aQ.
918 1641 1052 1702 Minucio
1064 1643 1182 1706 adlatae

206 1734 277 1789 sunt
291 1742 326 1789 se
340 1727 380 1788 ad
393 1727 524 1789 'liuham
538 1725 685 1802 oppidum
700 1740 769 1786 curn
782 1725 904 1787 Budare
918 1732 950 1787 et
961 1726 1114 1787 Besadine
1128 1727 1183 1787 im·

208 1809 398 1891 pernionibus
413 1808 576 1885 Hispanis,
597 1809 695 1885 signis
710 1809 828 1871 collatis
843 1824 994 1887 prospere
1007 1826 1181 1887 pugnaseee

206 1894 370 1956 duodecim
396 1892 477 1954 milia
501 1893 632 1954 hostiurn
659 1908 765 1969 caesa,
792 1894 944 1956 Budarem
969 1894 1182 1969 imperatorem

206 1984 338 2054 captum,
353 1983 472 2040 ceteros
487 1977 574 2040 iusos
590 1977 783 2054 togatosque.
803 1977 850 2038 his
864 1977 970 2039 litteris
984 1978 1071 2040 lectis
1083 1978 1183 2040 minus
1298 1975 1299 1978 ’

205 2061 331 2123 terroris
353 2062 393 2122 ab
405 2059 550 2139 Hispanis
571 2069 651 2134 erat,
672 2064 755 2123 unde
770 2062 879 2138 ingens
893 2061 1006 2124 bellum
1021 2070 1181 2140 exspecta·

205 2154 269 2208 tum
289 2146 396 2207 iuerat.
425 2161 532 2208 omnes
553 2161 660 2219 curae,
682 2146 789 2222 utique
809 2154 881 2222 post
897 2147 1061 2208 adventum
1076 2147 1183 2208 decem

205 2230 390 2307 legatorum,
412 2230 443 2291 in
456 2229 640 2293 Antiochum
655 2246 760 2306 regem
775 2245 954 2297 conversae.
984 2230 1015 2290 hi
1033 2231 1182 2307 expositis

205 2316 292 2390 prius
315 2330 394 2392 quac
415 2329 484 2376 oum
502 2313 644 2390 Philippo
666 2320 733 2375 acta
755 2321 861 2375 essent
880 2321 911 2375 et
931 2314 1041 2389 quibus
1061 2315 1182 2390 iegibus

206 2399 276 2458 data
297 2414 374 2474 pax,
397 2413 458 2459 nan
478 2396 625 2457 minorem
639 2395 711 2457 belli
724 2397 835 2458 moiem
849 2398 963 2459 instare
976 2398 1015 2459 ab
1029 2398 1182 2459 Antiocho

205 2482 382 2542 docuerunt
418 2478 531 2554 ingenti
555 2479 671 2553 classe,
696 2480 820 2555 egregio
841 2481 976 2542 terrestri
995 2483 1131 2543 exercitu
1151 2481 1182 2542 in

204 2563 358 2638 Europam
372 2577 442 2623 eurn
457 2559 628 2635 traiecisse,
650 2570 680 2623 et
693 2560 753 2623 nisi
767 2564 929 2626 avertisset
941 2580 1021 2626 vana
1034 2581 1124 2642 spes,
1141 2580 1181 2625 ex

206 2646 331 2706 vaniore
341 2659 465 2705 rumore
475 2649 551 2718 orta
558 2644 695 2723 Aegypti
704 2645 905 2723 invadendae,
915 2665 989 2710 mox
999 2649 1080 2711 bello
1090 2650 1182 2711 Grae·

205 2728 282 2789 ciam
294 2743 431 2789 arsuram
443 2725 550 2788 tuisse.
566 2743 667 2803 neque
679 2729 759 2789 enim
770 2746 809 2791 ne
819 2731 947 2794 Aetolos
959 2733 1083 2809 quidem
1096 2730 1181 2808 quie·

205 2804 880 2889 turos,cumingenioinquietamcaminatam
891 2817 1037 2878 Romanis
1050 2824 1181 2891 gentem.
1297 2814 1298 2889 ζ

204 2896 333 2956 haerere
356 2903 387 2958 et
407 2895 491 2959 aliud
512 2895 543 2957 in
563 2895 735 2959 visceribus
758 2898 904 2961 Graeciae
928 2900 1036 2975 ingens
1058 2900 1180 2977 malurn,
1297 2898 1298 2943 ἶ

204 2978 312 3039 Nabim
325 2993 406 3040 nunc
419 2974 746 3057 Lacedaemoniorum,
760 2998 849 3059 mox,
864 2982 892 3044 si
905 2983 1003 3055 liceat
1018 2983 1182 3044 universae

205 3059 353 3124 Graeciae
366 3064 498 3124 futurum
514 3069 686 3143 tyrannum,
705 3066 831 3126 avaritia
845 3072 875 3127 et
889 3067 1067 3129 crudelitate
1082 3067 1182 3129 omnis

203 3147 285 3207 iama
303 3147 474 3208 celebratos
491 3154 640 3227 tyrannos
655 3156 845 3225 aequantem.
877 3150 926 3211 cui
941 3150 969 3212 si
983 3152 1084 3228 Argos
1098 3151 1183 3213 velut

203 3245 305 3292 arcem
314 3229 530 3307 Peloponneso
545 3231 720 3307 impositam
734 3240 838 3294 tenere
850 3233 949 3311 liceat,
960 3232 1136 3312 deportatis
1150 3234 1181 3294 in
1296 3270 1298 3283 ι

201 3312 318 3374 ltaliam
331 3314 478 3375 Romanis
499 3313 684 3376 exercitibus
705 3317 891 3393 nequiquam
902 3319 1065 3379 'liberatam
1080 3336 1099 3379 a
1112 3317 1181 3378 Phi·

202 3397 288 3474 iippo
304 3397 462 3458 Graeciam
477 3398 557 3473 iore,
578 3414 740 3475 marego,
762 3401 790 3461 si
804 3399 878 3461 nihil
892 3401 989 3476 aliud,
1011 3402 1181 3478 longinquo

200 3480 334 3543 ricinum
350 3486 512 3579 tyrannum
528 3482 684 3543 dominum
696 3483 876 3544 habituram.
908 3485 997 3544 XLV.
1019 3485 1097 3545 haec
1111 3500 1180 3545 curn
