2600 4000
234 246 276 310 dl
414 244 529 305 LIBER
542 243 661 303 XXXII.
683 242 820 303 cnam.
842 248 879 315 [ι.
892 244 1037 312 ussus]

234 416 307 473 rem,
319 397 350 459 si
367 396 504 472 privatus
519 411 637 456 essemz
659 411 739 455 nunc
753 400 876 471 praetor
888 393 981 454 video
997 400 1122 455 autnon
1133 393 1206 455 dan-

235 486 308 545 dum
322 481 484 543 concillum
496 480 604 555 legatis
619 479 732 554 luisse,
753 486 806 540 aut
818 479 889 539 inde
903 478 971 538 sine
983 492 1138 553 responso
1153 493 1207 540 eos

236 584 297 630 non
312 565 508 626 dimittendos
522 579 603 624 esse.
636 564 826 638 respondere
840 570 956 636 autem,
976 561 1036 621 nisi
1050 577 1090 621 ex
1104 568 1208 626 vestro

235 654 374 725 decreto,
397 648 448 725 qui
465 653 614 724 possumt
634 653 665 708 et
679 646 822 722 quoniam
836 661 925 707 nemo
939 652 1089 717 vestrum,
1112 646 1210 721 quiin

235 737 294 797 hoc
308 733 469 796 concillum
483 730 623 792 advocati
637 731 726 805 estis,
748 747 804 807 pro
820 731 971 791 sententia
984 728 1149 806 quicquam
1164 729 1209 789 di·

236 835 306 882 cere
319 819 384 879 vult
398 821 450 876 aut
464 816 564 890 audet,
580 814 733 876 orationes
747 815 916 891 legatorum
929 814 1073 875 hesterno
1088 814 1138 873 die
1152 830 1210 888 pro

236 901 393 964 sententiis
415 900 514 960 dictas
527 913 780 974 percenseamus,
802 897 930 974 perinde
945 913 982 958 ac
996 915 1058 960 non
1072 899 1209 972 postula-

236 988 333 1047 verint
347 998 427 1059 quae
440 999 458 1042 e
471 998 506 1043 re
520 998 579 1043 sua
591 990 705 1057 essent,
717 983 774 1044 sed
785 983 937 1043 suaserint
949 998 1028 1058 quae
1038 980 1126 1043 nobis
1138 996 1210 1042 cen·

236 1075 341 1130 serent
358 1066 442 1127 utilia
456 1081 536 1128 esse.
571 1067 701 1128 Romani
714 1066 887 1142 Rhodiique
901 1071 931 1126 et
943 1067 1065 1126 Attalus
1079 1063 1209 1127 societa-

235 1161 296 1213 tem
317 1150 540 1226 amicitiamque
560 1152 696 1212 nostram
710 1157 830 1226 petunt,
852 1157 882 1211 et
895 1151 925 1211 in
939 1150 1036 1223 beNo,
1057 1148 1142 1225 quod
1155 1148 1210 1208 ad·

235 1252 345 1296 versus
365 1235 537 1310 Philippum
562 1242 686 1309 gerunt,
711 1251 746 1296 se
765 1252 784 1296 a
804 1234 893 1296 nobis
918 1233 1055 1294 adiuvari
1077 1248 1211 1309 aequum

236 1325 372 1382 censent.
403 1317 563 1394 Philippus
585 1319 740 1380 societatis
761 1335 867 1382 secmn
888 1318 1032 1379 admonet
1045 1323 1075 1378 et
1088 1315 1211 1377 iurisiu-

237 1403 340 1472 randi;
362 1407 393 1463 ct
405 1403 498 1464 modo
513 1404 663 1478 postulat,
685 1411 719 1464 ut
732 1419 837 1464 secum
851 1410 975 1477 stemus,
989 1402 1097 1472 modo,
1112 1415 1151 1460 ne
1165 1400 1211 1460 in·

236 1488 377 1553 torsimus
398 1486 506 1560 armis,
532 1492 705 1547 contentum
726 1486 767 1548 ait
786 1502 822 1547 se
836 1503 917 1547 esse.
952 1485 1065 1546 nulline
1083 1484 1212 1545 venitin

236 1579 382 1646 mentem,
405 1586 460 1631 cur
479 1570 532 1646 qui
552 1571 686 1631 nondum
708 1570 785 1631 socii
804 1577 889 1644 sunt,
910 1573 980 1646 plus
1002 1574 1106 1645 petant
1120 1585 1213 1645 quam
1290 1639 1291 1654 χ

237 1657 363 1719 sociusl
383 1671 445 1716 uon
459 1654 494 1715 llt
506 1653 567 1715 boc
580 1670 682 1730 neque
695 1654 846 1715 modestia
855 1654 986 1730 Philippi
1000 1668 1101 1729 neque
1114 1654 1213 1729 impu·
1290 1699 1291 1702 ,

200 1752 204 1757 ’
238 1741 339 1802 dentia
352 1740 574 1812 Romanorum,
593 1737 726 1800 Achaei:
748 1739 869 1799 fortuna
889 1743 920 1798 et
933 1739 986 1798 dat
999 1736 1142 1798 fiduciam
1157 1754 1213 1812 po·

238 1824 420 1887 stulantlbus
444 1830 475 1883 et
494 1822 595 1882 demit.
628 1821 759 1898 Philippi
778 1828 899 1898 praeter
919 1823 1052 1904 legatum
1070 1821 1214 1881 videmus

235 1904 325 1969 nihil:
348 1907 486 1967 Romana
500 1905 609 1967 classis
621 1907 661 1966 ad
673 1904 844 1967 cenchreas
856 1912 924 1981 stat
935 1907 1056 1968 urbium
1065 1904 1215 1966 Euboeae

237 1991 337 2067 spolia
353 2007 426 2067 prae
442 2007 477 2050 se
490 1990 607 2063 lerens;
631 1992 787 2052 consulem
798 1989 997 2068 legionesque
1008 1990 1085 2061 eius,
1100 1989 1215 2064 exiguo

238 2075 330 2136 maris
342 2074 442 2151 spatio
456 2074 616 2150 diiunctus,
627 2074 791 2136 Phocidem
801 2075 1005 2137 acLocridem
1016 2074 1215 2150 pervagantis

237 2161 392 2221 videmus=
424 2158 586 2233 miramini,
613 2174 668 2221 cur
692 2160 863 2220 diffidenter
884 2159 1069 2221 Cleomedon
1093 2159 1215 2233 legatus

237 2244 376 2321 Philippi,
391 2252 426 2305 ut
438 2259 494 2320 pro
509 2259 583 2319 rege
596 2260 681 2305 arma
693 2259 872 2320 caperemus
884 2244 1034 2305 adversus
1045 2243 1216 2316 Romanos,

237 2330 330 2389 modo
352 2327 468 2403 egerite
499 2328 566 2404 qui,
588 2329 615 2388 si
630 2344 670 2387 ex
685 2329 794 2389 eodem
814 2328 939 2389 loedere
957 2343 994 2388 ac
1007 2325 1216 2401 iureiurando,

238 2414 325 2472 cuius
346 2411 435 2472 nobis
454 2411 632 2484 religionem
653 2409 806 2483 iniciebat,
827 2426 971 2486 rogemus
993 2425 1077 2482 eum,
1098 2417 1132 2470 ut
1153 2425 1214 2471 nos

236 2494 395 2569 Philippus
416 2499 446 2553 et
465 2493 503 2552 ab
518 2492 634 2552 Nabide
651 2509 687 2552 ac
700 2493 952 2556 Lacedaemoniis
967 2501 998 2555 et
1011 2495 1049 2554 ab
1064 2495 1214 2562 Romanis

238 2578 396 2649 delendat,
417 2592 480 2636 non
494 2576 585 2635 modo
600 2576 865 2653 praesidiumque
881 2585 1000 2640 tueatur
1013 2594 1087 2649 nos,
1103 2577 1217 2638 sedne

240 2661 312 2735 quid
332 2659 520 2734 respondeat
540 2658 664 2733 quidem
683 2659 772 2722 nobis
793 2661 832 2722 sit
851 2661 1045 2736 inventurus,
1065 2662 1127 2722 n'on
1144 2660 1216 2722 her·

239 2745 307 2804 cule
326 2743 423 2817 magis
445 2758 536 2818 quam
556 2741 625 2818 ipse
638 2741 795 2820 Philippus
817 2745 919 2821 priore
939 2762 1035 2818 anno,
1058 2745 1110 2821 qui
1126 2744 1216 2820 polli-

238 2829 336 2888 cendo
359 2842 394 2888 se
416 2827 565 2888 adversus
584 2826 731 2888 Nabidem
750 2829 863 2891 bellum
882 2836 1039 2905 gesturum
1057 2845 1125 2889 cum
1139 2836 1217 2889 tem·

239 2918 357 2987 piasset
376 2918 512 2973 nostram
533 2911 717 2972 iuventutem
736 2912 808 2974 hinc
827 2913 858 2973 ln
871 2914 1028 2975 Euboeam
1042 2911 1215 2984 extrahere,

239 3001 402 3072 postquam
423 3012 481 3058 nos
496 3011 597 3073 neque
611 2996 777 3057 decernere
791 2997 822 3057 id
838 2998 896 3058 sibi
909 2997 1098 3073 praesidium
1112 3011 1217 3072 neque

238 3081 317 3141 velle
336 3079 444 3156 illigari
463 3081 602 3142 Romano
623 3080 705 3141 hello
724 3082 813 3153 vidit,
835 3081 947 3144 oblitus
969 3080 1125 3144 societatis
1147 3079 1216 3140 eius
1290 3132 1291 3153 ,

240 3180 331 3240 quam
344 3181 425 3224 nunc
439 3165 538 3240 iactat,
558 3165 726 3226 vastandos
742 3166 1042 3243 depopulandosque
1055 3163 1164 3226 Nabidi
1178 3178 1217 3223 ae

237 3248 487 3310 Lacedaemoniis
508 3249 637 3325 reliquit
672 3266 708 3309 ac
729 3249 800 3309 mihi
821 3250 943 3326 quidem
963 3250 1087 3310 minime
1102 3262 1217 3309 conve

238 3332 327 3393 niens
354 3332 431 3394 inter
456 3349 491 3393 se
517 3333 612 3394 oratio
639 3333 862 3396 Cleomedontis
890 3334 958 3395 visa
985 3341 1041 3395 est.
1075 3330 1219 3393 elevabat

240 3418 410 3478 Romanum
432 3417 560 3487 bellum,
589 3423 794 3493 eventumque
817 3419 883 3479 eius
912 3418 1044 3480 eundem
1068 3419 1136 3477 lore
1163 3413 1216 3489 qui

241 3498 351 3578 prioris
365 3500 451 3576 belli,
474 3501 558 3577 quod
573 3517 641 3563 cum
656 3500 794 3577 Philippo
809 3502 973 3576 gesserint,
995 3501 1125 3562 dicebat.
1159 3512 1215 3558 cur
