2600 4000
191 241 255 305 202
341 240 453 302 LIBER
467 240 586 300 XXXV.
610 240 694 299 cAP.
706 247 750 301 30.
762 246 807 301 31.
830 241 865 317 [a.
880 245 914 297 U.
927 261 951 297 e.
964 239 1026 316 560]

192 397 272 457 saltu
285 391 475 468 recipiebant
488 409 539 453 se:
561 394 660 468 primo
681 408 811 469 vespere
832 400 866 454 ut
886 393 999 454 lumina
1013 393 1045 453 in
1060 394 1171 455 castris

191 479 323 541 hostium
339 492 547 552 conspexere,
562 492 580 536 e
593 477 721 552 regione
735 492 842 538 eorum
858 476 987 538 occultis
1003 478 1119 537 semitis
1135 495 1172 539 se

172 566 174 571 ’
191 568 367 632 tenuerunt;
388 561 441 622 ubi
455 576 493 621 ea
507 560 682 636 praegressi
697 568 782 635 sunt,
808 561 869 621 iam
889 567 984 621 tutum
998 561 1054 621 rati
1070 560 1101 620 in
1116 578 1170 636 pa·

190 649 281 710 tentis
295 645 363 707 tias
383 644 616 706 descenderant.
641 644 684 704 ibi
705 644 828 719 excepti
849 644 888 705 ab
908 644 1061 706 insidente
1080 645 1171 706 hoste

191 732 308 810 passim
325 730 366 790 ita
380 729 464 789 multi
479 727 563 789 caesi
578 728 722 803 captique
735 735 822 803 sunt,
843 735 877 790 ut
898 729 950 788 vix
965 735 1074 804 quarta
1096 745 1171 804 pars

192 817 232 877 de
245 821 310 877 toto
325 813 461 873 exercitu
471 812 612 872 evaserit
633 810 850 887 Philopoemen
862 813 982 877 incluso
994 820 1126 890 tyranno
1138 814 1169 871 in
1262 826 1266 831 ’

192 900 300 961 urbem
324 896 515 972 insequentis
540 895 606 956 dies
632 891 740 971 prope'
755 895 877 971 triginta
899 896 1059 956 vastandis
1087 896 1169 971 agris

190 985 346 1045 Laconum
361 979 546 1055 absumpsit,
569 979 795 1055 debilitatisque
816 996 852 1040 ac
874 994 972 1055 prope
996 979 1100 1040 fractis
1121 986 1165 1056 ty·

191 1066 278 1126 ranni
289 1062 406 1122 viribus
418 1062 541 1123 domum
553 1063 649 1137 rediit,
665 1063 866 1143 aequantibus
879 1078 948 1123 enm
960 1061 1057 1138 gloria
1068 1078 1170 1124 rernm

191 1147 325 1210 Aetnaeis
340 1146 516 1222 imperatori
526 1147 681 1218 Romano,
698 1153 729 1207 et
742 1147 827 1223 quod
839 1146 878 1206 ad
889 1146 1044 1208 Laconum
1056 1148 1169 1208 bellum

192 1230 345 1301 attineret,
363 1229 606 1305 praeferentibus
622 1230 721 1291 etiam.

276 1313 380 1374 XXXI.
403 1315 481 1374 Dum
495 1314 574 1373 inter
586 1313 732 1375 Achaeos
746 1322 777 1375 et
790 1322 955 1391 tyrannum
968 1314 1079 1375 bellum
1093 1321 1167 1386 erat,

191 1397 282 1474 legati
302 1398 508 1458 Romanorum
528 1397 655 1457 circuire
676 1397 831 1458 sociomm
855 1398 950 1458 urbes
970 1398 1105 1471 solliciti,
1128 1413 1170 1458 ne

192 1481 293 1542 Aetoli
308 1482 403 1557 partis
425 1479 553 1541 alicuius
573 1480 693 1541 animos
716 1482 757 1542 ad
769 1480 956 1542 Antiochum
976 1481 1168 1543 avertissent.

192 1565 346 1627 minimum
373 1579 486 1640 operae
511 1562 542 1623 in
566 1562 701 1623 Achaeis
726 1565 877 1625 adeundis
904 1573 1168 1641 consumpserunt,

194 1667 290 1725 quos,
312 1649 384 1725 quia
397 1647 507 1708 Nabidi
521 1647 621 1707 infesti
642 1655 743 1722 erant,
764 1648 805 1707 ad
825 1655 928 1710 cetera
948 1664 1072 1725 quoque
1092 1649 1169 1711 satis

194 1734 273 1796 lidos
289 1734 456 1794 censebant
471 1747 551 1792 esse.
574 1731 712 1792 Athenas
733 1730 877 1807 primum
899 1733 971 1793 inde
986 1731 1168 1807 chalcidem,

193 1817 265 1878 inde
286 1818 316 1877 in
336 1816 524 1877 Thessaliam
544 1816 622 1888 iere,
647 1815 845 1890 adlocutique
867 1817 996 1879 coneilio
1018 1817 1169 1893 frequenti

194 1902 358 1961 'thessalos
373 1899 595 1960 Demetriadem
609 1899 667 1959 iter
681 1898 805 1959 flexere.
826 1914 864 1961 eo
878 1899 1053 1975 Magnetum
1067 1901 1169 1961 conei-

197 1982 265 2045 inm
275 1983 421 2044 indictum
432 1989 488 2044 est.
510 1984 682 2046 accuratior
692 1984 733 2045 ibi
743 1982 885 2044 habenda
896 1984 993 2047 oratio
1006 1985 1070 2059 fult
1086 1984 1170 2061 quod

195 2083 266 2143 pars
286 2066 458 2143 principum
472 2068 594 2129 alienati
609 2068 755 2130 Romanis
770 2068 886 2142 totique
899 2069 1042 2131 Antiochi
1064 2078 1096 2131 et
1108 2070 1168 2128 Ae-

194 2153 322 2213 tolorum
342 2160 443 2227 erant,
465 2152 538 2228 quia
557 2169 626 2213 cum
645 2152 734 2213 reddi
755 2151 893 2212 obsidem
914 2152 1009 2213 filium
1028 2152 1169 2229 Philippo

193 2238 326 2299 adlatum
340 2245 425 2298 esset
439 2235 688 2312 stipendiumque
702 2235 877 2312 impositum
887 2237 1012 2320 remitti,
1028 2237 1106 2297 inter
1120 2252 1168 2297 ee-

193 2328 257 2382 tera
276 2338 356 2381 vana
377 2322 511 2381 adlatum
531 2327 596 2379 erat
608 2320 832 2381 Demetriadem
847 2336 972 2396 quoqne
987 2321 1015 2381 ei
1034 2320 1167 2381 redditu·

192 2422 245 2466 ros
265 2407 421 2466 Romanos
446 2418 528 2463 esse.
560 2402 591 2461 id
613 2418 651 2460 ne
676 2403 777 2479 lieret,
803 2404 998 2483 Eurylochus
1024 2405 1169 2480 princeps

192 2487 367 2561 Magnetum
382 2485 586 2559 factionisque
605 2483 672 2545 eins
688 2484 812 2558 quidam
834 2490 935 2548 omnia
955 2489 1062 2549 novari
1076 2489 1169 2549 Aeto·

192 2580 290 2630 rorum
304 2567 509 2642 Antiochique
533 2567 667 2629 adventu
689 2570 850 2635 malebant.
882 2572 1033 2633 adversus
1059 2587 1114 2633 eos
1129 2572 1170 2632 ita

193 2651 407 2713 disserendum
423 2657 503 2726 erat,
524 2666 563 2710 ne
581 2651 720 2713 timorem
740 2669 854 2715 vanum
875 2656 913 2716 iis
928 2657 1078 2716 demendo
1094 2670 1168 2730 spes

192 2736 289 2797 ineisa
302 2735 472 2811 Philippum
488 2733 688 2813 abalienaret,
714 2736 744 2797 in
766 2755 827 2814 quo
849 2740 919 2814 plus
933 2741 973 2800 ad
989 2740 1090 2800 omnia
1104 2755 1169 2800 mo-

192 2818 284 2881 menti
299 2836 389 2895 qnam
404 2820 434 2880 in
449 2820 641 2895 Magnetibus
657 2828 749 2883 esset.
779 2821 830 2882 illa
849 2829 965 2884 tantum
986 2838 1169 2885 commemo·

192 2912 272 2977 rata,
295 2920 363 2968 curn
383 2912 476 2967 totam
492 2905 650 2967 Graeciam
669 2906 820 2966 beneflcio
841 2906 986 2968 libertatis
1006 2908 1170 2969 obnoxiam

191 2988 338 3049 Romanis
363 3005 450 3064 esse,
474 2998 538 3051 tum
564 3004 630 3049 eam
653 2989 802 3051 civitatem
823 2992 1006 3066 praecipuea
1027 2991 1070 3052 ibi
1090 2991 1170 3050 enim

192 3088 254 3133 non
278 3072 465 3147 praesidium
489 3073 581 3134 modo
606 3073 810 3134 Macedonum
835 3074 946 3151 fuisse,
973 3077 1029 3137 scd
1054 3075 1169 3149 regiam

192 3156 437 3231 exaedificatam,
462 3162 496 3218 ut
517 3172 667 3231 praesens
687 3173 811 3233 semper
829 3158 860 3218 in
887 3157 984 3220 oeulis
1009 3158 1170 3218 habendus

192 3247 276 3300 essct
296 3239 447 3301 dominus.
479 3246 613 3300 ceterum
639 3241 825 3317 nequiquam
851 3257 888 3302 ea
910 3242 1004 3318 faeta,
1025 3242 1051 3303 si
1069 3241 1171 3305 Aetolt

191 3323 375 3384 Antiochum
390 3324 419 3382 in
433 3322 565 3399 Philippi
576 3324 692 3399 regiam
703 3325 905 3398 adducerent,
921 3334 951 3388 et
965 3343 1066 3387 novus
1081 3331 1112 3386 et
1125 3326 1167 3385 in·

193 3407 333 3483 cognitus
354 3423 410 3483 pro
425 3414 528 3467 vetere
549 3415 579 3467 et
598 3415 726 3482 experto
742 3408 903 3470 habendus
920 3426 975 3470 rex
990 3416 1084 3470 esset.
1105 3408 1170 3470 Ma·

192 3492 377 3563 memrchen
398 3506 548 3551 summum
569 3491 776 3565 magistratum
797 3499 917 3553 vocant.
946 3492 974 3553 is
994 3501 1057 3553 tum
1070 3492 1169 3569 Eury-
