2600 4000
280 264 397 326 arasa
410 264 574 325 rnrxvtn.
598 263 681 323 cnr.
697 229 822 335 aare
835 271 867 322 c.
883 271 941 338 raa]
1038 253 1100 330 aaa

121 419 203 481 velut
228 415 340 494 prodlti
366 416 405 477 ab
428 414 493 476 suis
515 412 676 491 segniores
697 414 737 474 ad
758 414 895 490 pericula
915 423 1010 479 erant
1043 420 1103 484 iam

120 517 213 564 nemo
228 497 449 577 eruptionibus,
463 505 498 560 ut
511 504 590 573 ante,
605 499 636 558 in
652 498 801 558 stationes
812 496 956 574 bostium,
971 502 1029 562 sed
1041 502 1103 564 dis·

121 584 214 663 positi
229 599 286 660 per
298 599 402 645 muros
418 589 450 643 et
463 589 563 643 turres
578 597 617 642 ex
631 588 696 643 tuto
711 582 900 658 pugnabant

205 668 270 729 Vll.
292 667 425 729 Perseus
439 666 491 728 ubi
506 666 618 727 adesse
632 667 762 727 Aetolos
777 665 902 742 audivit,
918 666 1035 728 omissa
1049 671 1103 731 ob·

16 745 19 750 ’
124 754 245 815 aldione
270 752 371 827 urbis,
398 765 490 827 quam
514 749 729 826 oppugnabat,
755 750 961 826 depopulatus
989 758 1103 814 tantum

120 853 213 914 agros
229 834 447 912 Amphilochia
467 834 604 896 excessit
623 841 716 910 atque
736 834 767 894 in
781 833 995 896 Macedoniam
1014 836 1103 897 redit.

120 928 151 983 et
163 921 292 982 Aetolos
307 919 379 980 inde
393 917 534 980 avocavit
547 918 706 994 populatio
721 917 889 979 maritimae
903 933 986 980 orae.
1015 919 1103 981 Pleu-

119 1012 204 1066 ratus
217 1004 391 1083 lllyriarum
411 1017 467 1064 rex
482 1016 551 1063 cum
566 1001 726 1077 sexaginta
740 1002 849 1063 lembis
864 1002 1049 1064 corinthium
1062 1006 1103 1065 si-

120 1106 193 1151 num
206 1088 346 1148 invectus
367 1086 518 1147 adiunctis
532 1085 728 1151 Achaeorum
744 1101 824 1162 quae
837 1085 935 1146 Patris
950 1094 1037 1148 erant
1051 1105 1103 1148 na-

95 1196 98 1204 ¹
120 1173 210 1234 vibus
236 1169 544 1233 maritimaAetoliae
568 1169 718 1231 vastabat.
750 1170 901 1232 adversus
923 1187 1002 1248 quas
1023 1172 1104 1233 mille

123 1255 224 1318 Aetoli
237 1254 334 1329 missi,
351 1269 545 1331 quacumque
560 1270 595 1315 se
611 1255 722 1315 classis
735 1253 957 1329 circumegerat
966 1271 1023 1331 per
1036 1256 1101 1318 lito-
1144 1257 1150 1264 '

120 1356 187 1402 rum
199 1339 372 1412 amfractus,
381 1337 922 1401 brevioribussemitisoccurrebant.
937 1346 967 1402 et
974 1339 1102 1402 Romani

121 1425 161 1485 ad
176 1422 371 1484 Ambraciam
393 1422 531 1497 pluribus
552 1421 629 1484 lacis
651 1423 816 1499 quatiendo
837 1421 982 1485 arietibus
997 1441 1101 1488 muros
1218 1471 1221 1478 .

121 1508 310 1585 aliquantum
323 1505 409 1567 urbis
424 1506 629 1582 nudaverant,
645 1523 702 1568 nec
715 1514 817 1568 tamen
831 1513 993 1584 penetrare
1007 1509 1037 1568 in
1053 1526 1101 1570 ur·

119 1594 190 1653 bem
210 1597 366 1669 poterant=
398 1606 469 1651 nam
489 1596 518 1651 et
538 1591 605 1666 pari
626 1590 781 1653 celeritate
801 1607 902 1652 novus
923 1607 980 1666 pro
1002 1592 1101 1653 diruto

121 1692 226 1738 murus
252 1674 454 1750 obiciebatur,
479 1681 510 1735 et
530 1676 637 1736 armati
657 1676 753 1736 ruinis
764 1671 985 1749 'superstantes
1007 1675 1104 1752 instar

121 1758 297 1821 munimenti
311 1768 407 1822 erant.
432 1758 619 1836 itaque'cum
634 1765 742 1834 aperta
756 1758 787 1817 vi
801 1772 909 1833 pamm
923 1758 1103 1832 procederet

120 1845 239 1912 consuli
253 1860 313 1919 res,
329 1843 502 1905 cuniculum
515 1845 670 1903 occultum
681 1839 779 1900 vineis
793 1846 863 1899 ante
877 1846 1017 1903 contecto
1033 1843 1102 1902 laco

120 1929 212 2006 age're
237 1926 373 1987 instituit.
411 1933 441 1986 et
462 1924 664 1999 aliquamdiu,
692 1938 759 1984 cum
786 1922 853 1992 dies
877 1930 1047 2002 noctesque
1071 1926 1102 1986 in

120 2026 216 2089 opere
230 2013 351 2082 essent,
375 2024 437 2069 non
453 2009 553 2068 solum
568 2007 627 2068 sub
642 2013 724 2068 terra
739 2008 890 2070 fodientes
905 2010 961 2071 scd
975 2026 1101 2085 egeren-
1136 2084 1138 2089 Ι

120 2102 166 2154 tes
181 2093 272 2153 etiam
281 2092 407 2151 humum
417 2090 553 2151 fefellere
563 2090 692 2151 hostem.
716 2093 855 2153 cumulus
864 2100 993 2169 repente
1004 2101 1102 2155 terrae

2 2164 3 2241 l
121 2177 259 2238 eminens
280 2174 373 2249 index
393 2172 496 2249 operis
518 2173 684 2250 oppidanis
705 2175 777 2248 fulta
795 2175 962 2253 pavidique
983 2193 1022 2237 ne
1041 2178 1101 2237 iam

120 2259 256 2321 subrutis
270 2258 366 2319 muris
379 2258 460 2319 facta
472 2256 503 2317 in
516 2258 623 2319 urbem
640 2259 689 2319 via
703 2266 796 2336 esset,
814 2260 931 2321 fossam
946 2260 1023 2321 intra
1036 2277 1101 2320 mu·
1178 2265 1182 2273 '

120 2360 188 2405 rum
202 2358 221 2404 e
234 2342 361 2419 regione
385 2341 452 2403 eius
478 2341 583 2417 operis
609 2343 694 2418 quod
718 2343 817 2404 vineis
844 2350 1017 2404 contectum
1037 2353 1101 2404 erat

120 2429 236 2489 ducere
250 2426 418 2490 instituunt.
451 2425 538 2487 cuius
555 2425 605 2487 ubi
619 2428 660 2487 ad
675 2434 788 2488 tantam
802 2427 990 2489 altitudinem
1006 2442 1101 2504 quan-

121 2520 170 2574 tae
194 2527 267 2574 esse
291 2511 389 2574 solum
413 2510 549 2571 infimum
570 2508 704 2572 cuniculi
724 2517 860 2588 poterat,
886 2519 1100 2588 pervenerunt,

120 2596 240 2658 silentio
255 2596 346 2671 iacto,
361 2595 501 2671 pluribus
514 2595 593 2656 locis
605 2610 680 2657 aure
690 2596 822 2672 admota,
839 2598 971 2658 sonitum
982 2597 1099 2657 fodien-

119 2681 194 2742 tium
208 2680 380 2755 captabant.
405 2694 497 2754 quem
510 2679 563 2739 ubi
578 2687 773 2756 acceperunt,
788 2681 929 2755 aperiunt
941 2688 1056 2742 rectam
1069 2681 1099 2739 in
1205 2754 1207 2757 ι

121 2763 294 2825 cuniculum
315 2761 405 2822 vlam
439 2777 497 2822 nec
518 2761 574 2822 luit
592 2762 694 2838 magni
710 2764 830 2839 operis=
851 2771 1005 2825 momento
1020 2764 1100 2824 enim

121 2847 160 2908 ad
182 2845 287 2920 inane,
309 2859 465 2919 suspenso
488 2844 614 2906 furculis
628 2844 668 2905 ab
683 2844 823 2908 hostibus
837 2863 935 2922 muro,
951 2863 1100 2923 perrene-

5 2964 6 3015 4
119 2936 196 2993 runt
228 2928 270 2989 ibi
294 2927 467 2990 commlssis
487 2926 634 3004 operibus
655 2944 724 2990 cum
739 2945 757 2989 e
771 2932 858 2991 fossa
877 2931 908 2990 in
930 2931 1100 3007 cuniculum

120 3021 238 3092 pateret
250 3013 323 3099 iter,
340 3013 438 3088 primo
453 3011 531 3088 ipsis
546 3013 753 3088 ferramentis,
770 3012 882 3089 quibus
896 3013 927 3074 in
942 3031 1037 3091 opere
1050 3015 1100 3076 nsi

6 3104 7 3109 ’
120 3105 214 3174 erant,
230 3096 301 3158 dein
316 3096 456 3157 celeriter
468 3096 574 3157 armati
588 3096 678 3158 etiam
693 3098 861 3160 subeuntes
876 3101 1027 3160 occultam
1041 3100 1099 3161 sub

120 3191 200 3245 terra
212 3181 374 3244 ediderunt
384 3195 526 3257 pugnam.
544 3180 671 3256 segnior
681 3182 839 3244 deindeea
849 3182 929 3243 facta
940 3190 996 3258 est,
1008 3183 1099 3243 inter·
1173 3226 1175 3235 .

120 3264 328 3342 saepientibus
345 3265 527 3340 cuniculum,
541 3263 594 3325 ubi
609 3268 731 3341 vellent,
745 3282 828 3327 nunc
842 3266 948 3329 ciliciis
961 3274 1097 3349 praeten-

121 3348 159 3409 tis
179 3365 260 3410 nunc
279 3348 397 3410 foribus
411 3348 521 3424 raptim
536 3348 674 3411 obiectis.
702 3364 785 3411 nova
798 3350 889 3412 ctiam
902 3351 986 3411 haud
999 3349 1100 3424 magni

120 3431 225 3507 operis
244 3433 396 3494 adversus
413 3447 469 3494 eos
485 3432 537 3508 qut
551 3432 582 3491 in
597 3433 738 3494 cuniculo
753 3440 841 3494 erant
853 3437 1030 3509 excantata
1038 3446 1099 3492 res.

8 3532 9 3537 ¹
120 3515 235 3577 'lolium
248 3530 268 3574 a
282 3515 377 3578 fundo
392 3524 563 3592 pertusum,
588 3531 649 3590 qua
663 3515 766 3577 fistula
779 3516 902 3577 modica
918 3516 1012 3576 inseri
1025 3530 1098 3590 pos·

841 3598 897 3660 21*
