2600 4000
210 242 253 306 58
366 240 481 301 LIBER
495 238 613 300 xxxll.
636 237 719 298 CAP.
735 246 777 299 14.
791 246 834 300 lt.
855 242 892 312 [a.
904 242 940 296 U.
951 259 976 295 c.
987 241 1050 310 554]

211 409 283 455 sese
303 393 355 468 qui
371 393 506 467 Argenta
527 391 641 465 quique
655 388 828 449 Pherinium
842 394 873 448 et
886 387 1036 448 Timarum
1051 395 1083 448 et
1095 388 1187 468 Ligy-

209 493 264 538 nas
286 484 317 538 et
336 475 503 537 Stimonem
525 483 556 535 et
574 474 740 548 Lampsum
765 472 892 547 habent,
917 472 1037 546 aliaque
1061 476 1189 534 castella

208 562 292 622 iuxta
305 559 459 636 ignobilia.

291 644 369 705 unm
392 643 579 704 Athamanes
605 642 771 716 Aetolique
799 646 951 701 summoto
982 640 1188 703 Macedonum

208 737 289 789 metu
302 729 331 788 in
346 727 446 787 aliena
459 727 588 788 victoria
603 741 690 786 suam
705 725 852 798 praedam
865 723 992 796 iaciunt,
1013 724 1187 786 Thessalia-

209 830 270 889 que
290 813 329 872 ab
349 811 446 873 tribus
472 810 561 871 simul
585 809 783 881 exercitibus,
810 809 926 869 incerta
950 823 1041 884 quem
1065 808 1188 871 hostem

209 911 340 973 quemve
355 895 473 956 socium
487 895 640 965 crederet,
658 898 809 967 vastatur,
824 893 932 954 consul
948 892 1090 955 lancibus
1106 910 1186 968 quas

168 1046 172 1055 ,
208 983 281 1055 luga
298 979 431 1040 hostium
451 985 614 1055 aperuerat
634 979 665 1037 in
685 977 842 1052 regionem
855 976 939 1052 Epiri
959 983 1186 1054 transgressus,

208 1065 265 1125 etsi
281 1064 377 1138 probe
392 1063 468 1138 scit,
491 1061 542 1125 cui
560 1061 637 1140 parti
656 1062 798 1136 Charopo
812 1060 952 1136 principe
967 1069 1098 1137 excepto
1113 1063 1186 1138 Epi·

208 1155 293 1209 rotae
312 1146 476 1220 lavissent,
490 1154 591 1208 tamen
606 1146 679 1220 quia
692 1146 730 1205 ab
746 1143 955 1205 satisfaciendi
972 1162 1097 1220 quoque
1112 1162 1187 1209 crue

203 1233 356 1308 ‘imperata
372 1231 461 1291 enixe
475 1231 577 1290 lacem
591 1229 683 1304 videt,
695 1246 733 1289 ex
745 1228 899 1305 praesenti
909 1243 965 1289 eos
977 1228 1081 1304 potius
1093 1247 1185 1306 quam

209 1332 247 1376 ex
264 1315 426 1391 praeterito
441 1314 580 1375 aestimat
595 1313 714 1387 habitu,
739 1321 769 1373 ct
782 1329 820 1373 ea
832 1314 903 1389 ipsa
919 1312 1062 1375 facilitate
1074 1315 1186 1377 veniae

208 1400 326 1460 anirnos
347 1414 453 1460 eorum
466 1399 497 1458 in
513 1403 671 1473 posterum
685 1397 834 1457 conciliat.
861 1396 965 1458 missis
981 1397 1093 1458 deinde
1107 1417 1184 1461 nun·

209 1484 257 1544 tiis
273 1483 447 1561 Corcyram,
463 1489 497 1543 ut
513 1482 673 1542 onerariae
688 1497 783 1542 naves
798 1480 829 1540 in
844 1480 944 1542 sinum
958 1482 1098 1544 venirent
1110 1485 1184 1544 Arn-

208 1568 357 1643 bracium,
379 1568 447 1642 ipse
468 1581 654 1641 progressus
676 1565 804 1626 modicis
824 1565 983 1626 itineribus
1004 1574 1115 1642 quarto
1135 1568 1185 1629 die

209 1652 239 1713 in
253 1659 355 1713 mente
370 1649 505 1712 Cercetio
519 1648 624 1726 posuit
638 1656 753 1721 castra,
774 1648 884 1710 eodem
896 1651 1099 1729 Amynandro
1115 1668 1186 1713 cum

209 1737 274 1797 suis
292 1735 413 1797 auxiliis
428 1734 540 1810 accito,
556 1729 695 1817 nentem
709 1732 818 1792 virium
835 1733 901 1794 eius
916 1748 1028 1809 egene,
1045 1752 1138 1811 quam
1152 1744 1186 1798 ut

211 1820 304 1883 duces
319 1820 349 1879 in
363 1819 552 1879 Thessaliam
566 1817 700 1877 haberet.
726 1817 765 1876 ab
780 1818 889 1878 eodem
904 1819 1033 1881 consilio
1048 1827 1080 1880 et
1093 1821 1184 1896 pleri·

212 1911 270 1978 que
283 1902 477 1977 Epirotarum
490 1901 652 1962 voluntarii
666 1900 744 1960 inter
759 1901 871 1961 onuba
884 1904 1012 1978 accepti.
1034 1904 1100 1965 XV.
1123 1906 1185 1981 pri·

209 2003 288 2047 maru
313 1986 433 2048 urbium
453 1985 629 2047 Thessaliae
653 1984 823 2046 Phaloriam
842 1991 891 2047 est
909 1986 1087 2062 adgressus.
1122 1990 1184 2052 duo

209 2071 290 2131 milia
299 2070 503 2132 Macedonum
516 2071 546 2131 in
561 2071 716 2146 praesidio
730 2070 871 2143 habehat,
888 2070 940 2147 qui
954 2073 1053 2146 primo
1065 2090 1184 2138 summa

209 2157 239 2216 vi
253 2156 436 2228 restiterunt,
452 2163 598 2232 quantum
612 2171 705 2229 arma,
723 2161 865 2231 quantum
877 2156 1000 2216 moenia
1009 2159 1087 2218 tueri
1097 2166 1184 2233 pote

208 2249 284 2301 rant.
301 2241 358 2302 sed
370 2242 557 2316 oppugnatio
570 2241 722 2312 continua
735 2256 795 2301 non
808 2245 897 2301 nocte
908 2254 970 2299 non
983 2241 1033 2301 die
1043 2243 1183 2318 remissa,

210 2341 280 2385 cum
301 2326 411 2385 consul
432 2325 462 2384 in
478 2339 516 2386 eo
538 2325 615 2384 verti
629 2323 768 2384 crederet
782 2330 952 2384 ceterorum
965 2324 1184 2388 Thessalorum

209 2409 342 2481 animos,
364 2409 391 2467 si
412 2408 500 2482 primi
520 2407 580 2465 vim
595 2408 762 2466 Romanam
782 2421 842 2467 non
858 2408 1092 2484 sustinuissent,
1112 2412 1185 2473 vicit

209 2491 408 2567 pertinaciam
421 2490 633 2549 Macedonum.
667 2497 757 2564 capta
769 2488 909 2552 Phaloria
928 2493 1019 2568 legati
1039 2495 1183 2557 allenn-

209 2574 273 2651 poli
294 2580 324 2633 et
343 2570 472 2632 acierio
484 2572 632 2632 dedentes
653 2572 746 2632 urbes
766 2582 922 2635 venerunt.
956 2578 1047 2637 venia
1066 2579 1185 2639 eisdem

210 2657 382 2733 petentibus
404 2656 502 2716 datm.
534 2654 674 2716 Phaloria
694 2656 819 2717 incensa
841 2673 877 2718 ae
891 2659 1010 2734 direpta
1023 2669 1079 2722 est.
1112 2663 1185 2724 inde

209 2741 371 2816 Aeginium
390 2742 473 2815 petit.
507 2756 597 2815 quem
616 2741 719 2802 locum
739 2756 807 2802 curn
826 2744 876 2802 vel
890 2744 1011 2805 modico
1026 2746 1183 2821 praesidio

181 2857 185 2865 ·
210 2832 306 2887 tutum
326 2841 362 2886 ac
382 2839 481 2900 prope
502 2825 768 2900 inexpugnabilem
788 2825 931 2899 vidisset,
953 2829 1060 2903 paucis
1076 2831 1106 2890 in
1121 2837 1183 2891 sta-

210 2910 321 2971 tionem
336 2910 506 2984 proxirnam
518 2908 584 2969 telis
599 2910 744 2970 coniectis
756 2910 796 2970 ad
808 2910 1015 2986 Gomphorum
1026 2915 1185 2988 regionem

210 3009 318 3069 agmen
337 2994 436 3055 vertit
468 2995 696 3069 degressusque
716 2993 746 3052 in
761 3010 887 3070 compos
901 2995 1092 3073 Thessaliae,
1114 3015 1183 3060 cum

210 3078 269 3138 iam
290 3079 391 3139 omnia
410 3076 557 3139 exercitui
578 3078 737 3152 deessent,
765 3078 838 3155 quia
857 3079 1050 3155 Epirotarum
1070 3097 1182 3159 peper-

210 3167 294 3223 cerat
313 3163 412 3237 agris,
431 3163 590 3238 explorato
611 3170 695 3235 ante,
716 3169 816 3224 utrum
829 3163 1000 3225 Leucadem
1022 3182 1061 3225 an
1082 3165 1185 3227 sinum

209 3246 405 3307 AmbracIum
430 3246 587 3307 onerariae
611 3246 794 3321 tenuissent,
820 3247 1031 3309 frumentatum
1052 3251 1184 3311 Ambra-

211 3330 288 3390 ciam
301 3330 331 3390 in
345 3331 445 3391 vicem
460 3330 602 3391 cohortes
618 3331 707 3391 misit
739 3340 769 3392 et
782 3336 830 3392 est
844 3332 900 3393 iter
912 3347 932 3392 a
947 3332 1093 3408 Gomphis
1108 3335 1185 3395 Arn-

210 3415 344 3475 braciam
363 3415 442 3475 sicut
460 3414 636 3490 impeditum
650 3430 687 3474 ac
701 3415 837 3487 difficile,
860 3416 900 3475 ita
915 3417 1014 3491 spatio
1030 3419 1185 3492 perbrevi.

213 3493 290 3559 intre
308 3513 426 3562 naucos
448 3499 551 3575 itaque
566 3499 631 3559 dies
645 3497 825 3559 transvectis
840 3514 859 3558 a
873 3499 949 3560 mari
964 3503 1183 3565 commeatibus
1294 3488 1295 3529 ¹
