2600 4000
205 198 267 264 168
292 195 408 257 LIBER
420 194 554 256 XXXIV.
570 191 654 255 cAP.
664 202 708 257 53.
720 202 763 257 54.
780 200 817 268 [a.
825 198 860 253 U.
869 218 893 254 c.
900 202 963 259 MS.
974 217 999 255 a.
1008 201 1040 254 c.
1050 200 1109 268 rat]

204 349 304 427 plebis
325 361 364 408 ex
384 353 511 407 senatus
536 345 679 406 consulto
704 344 772 406 tulit
790 345 831 406 ad
855 346 991 422 plebem,
1018 347 1192 425 plebesque

204 433 302 508 scivit,
317 437 351 493 ut
362 428 489 492 Latinae
503 429 584 490 duae
598 429 749 503 coloniae,
765 446 827 490 una
840 429 871 489 in
885 430 1030 505 Bruttios,
1047 430 1142 492 altera
1156 430 1190 494 in

203 517 367 581 Thurinum
382 529 488 591 agrum
503 513 739 574 deducerentur.
766 513 815 574 his
832 514 1023 577 deducendis
1040 515 1190 578 triumviri

204 600 306 674 creati
323 599 435 676 quibus
451 598 481 657 in
495 596 658 659 triennium
671 597 832 673 imperium
847 605 940 670 essct,
956 600 987 659 in
1000 599 1137 661 Bruttios
1153 600 1191 675 Q.

203 685 335 749 Naevius
349 683 389 744 M.
403 681 556 744 Minucius
569 681 669 743 Rufus
682 681 723 742 M.
737 680 848 743 Furius
864 682 1041 759 Crassipes,
1062 683 1094 743 in
1107 683 1190 746 Tbu-

202 770 302 832 rinum
315 784 423 844 agrum
438 765 491 828 cn.
507 764 639 827 Manlius
654 765 688 840 Q.
704 765 811 828 Aelius
825 765 859 826 L.
874 768 1036 842 Apustius.
1065 767 1191 829 sabina
1294 772 1295 803 ³

204 853 325 916 comitia
339 851 391 914 cn.
407 850 556 912 Domitius
571 855 697 926 praetor
710 848 846 912 urbanus
860 850 892 911 in
908 849 1057 927 capitolio
1072 850 1190 913 habuit.

286 936 392 997 Aedes
414 949 453 997 eo
468 949 549 996 anno
564 934 682 1010 aliquot
696 933 856 995 dedicatae
870 942 957 997 sunt:
984 952 1048 996 una
1062 934 1190 998 Iunonis

202 1023 335 1084 Matutae
350 1019 380 1079 in
394 1020 462 1080 toro
478 1017 613 1092 olitorio,
636 1024 709 1080 vota
721 1019 883 1094 locataque
898 1019 1101 1095 quadriennio
1116 1027 1191 1082 ωηο

202 1106 267 1168 ac.
283 1102 423 1165 Cornelio
446 1103 574 1164 conside
589 1101 705 1163 Gallico
719 1100 817 1172 bellos
841 1117 953 1164 censor
967 1103 1050 1164 idem
1065 1103 1190 1164 dedica·

202 1190 259 1260 vit;
280 1188 376 1248 altera
388 1186 500 1248 Fannia
525 1186 642 1246 aediles
658 1202 726 1247 eam
740 1186 864 1247 biennio
878 1192 949 1247 ante
966 1203 1006 1247 ex
1020 1187 1189 1250 multaticio

202 1277 328 1348 argento
344 1270 514 1332 taciendam
528 1271 667 1331 locarant
680 1270 712 1331 c.
725 1268 905 1332 Scribonius
920 1279 950 1332 et
962 1269 1015 1331 cn.
1028 1271 1178 1333 Domitius

203 1357 255 1432 qui
278 1360 400 1430 praetor
420 1355 556 1416 urbanus
576 1369 644 1413 eam
667 1353 830 1416 dedicavit.
861 1361 892 1416 et
906 1355 1016 1416 aedem
1029 1355 1188 1417 Fortunae

203 1437 401 1514 primigeniae
417 1440 448 1499 in
464 1439 543 1499 colle
558 1436 704 1511 Quirinali
719 1437 874 1499 dedicavit
888 1438 922 1513 Q.
936 1438 1072 1501 Marcius
1087 1440 1187 1511 Ralla,

204 1523 344 1586 dumnvir
364 1523 404 1583 ad
424 1523 455 1583 id
474 1522 577 1597 ipsum
591 1528 730 1581 creatusa
750 1527 879 1583 voverat
892 1537 960 1583 earn
975 1523 1083 1585 decem
1096 1523 1187 1584 annis

203 1616 272 1670 ωηο
291 1606 406 1669 Punico
426 1607 506 1667 bello
527 1603 558 1663 P.
580 1602 782 1679 Sempronius
803 1605 930 1682 Sophus
952 1607 1077 1677 consul;
1103 1608 1187 1668 loca·

203 1700 289 1754 verat
308 1692 390 1753 idern
410 1706 531 1753 censor.
563 1694 594 1749 et
606 1688 637 1748 in
653 1689 753 1750 insula
768 1689 850 1752 Iovis
866 1691 973 1752 aedem
989 1691 1020 1752 c.
1036 1689 1187 1752 Servilius

203 1775 343 1838 duumvir
358 1775 525 1837 dedicavita
547 1780 619 1834 vota
633 1779 700 1834 erat
713 1787 771 1834 sex
785 1773 874 1835 annis
891 1780 962 1835 ante
974 1774 1089 1836 Gallico
1103 1775 1187 1836 bello

203 1861 241 1920 ab
256 1861 288 1920 L.
302 1859 394 1920 Furio
409 1857 601 1934 Purpurione
622 1864 780 1933 praetore,
802 1858 841 1918 ab
863 1858 973 1920 eodem
988 1866 1099 1934 postea
1112 1874 1172 1920 con

203 1945 270 2005 sule
283 1944 394 2005 locata.
415 1941 492 2004 baec
506 1956 544 2005 eo
560 1957 640 2003 anno
656 1950 733 2004 aeta.

286 2027 364 2088 LIV.
383 2024 415 2088 P.
432 2025 537 2103 Scipio
552 2042 592 2088 ex
607 2027 767 2102 provincia
783 2026 880 2088 Gallia
894 2028 934 2088 ad
952 2027 1097 2090 consules
1112 2028 1187 2089 sub·

203 2112 357 2187 rogandos
378 2110 476 2173 rediit.
511 2111 633 2173 comitia
654 2113 815 2173 consulum
835 2111 936 2185 fuere,
960 2111 1074 2188 quibus
1091 2112 1186 2173 creati

203 2204 273 2259 sunt
283 2196 316 2258 L.
328 2194 487 2259 cornelius
498 2195 615 2257 Merula
626 2202 658 2257 et
668 2196 701 2271 Q.
713 2194 865 2258 Minucius
876 2195 1036 2258 Thermus.
1058 2202 1187 2272 postero

202 2280 252 2341 die
272 2279 366 2343 creati
386 2286 458 2342 sunt
477 2287 635 2356 praetores
656 2279 690 2339 L.
706 2280 864 2341 Cornelius
883 2278 988 2356 Scipio
1002 2279 1044 2340 Μ.
1057 2280 1186 2342 Fulvius

201 2364 338 2427 Nobilior
352 2365 383 2426 c.
399 2363 579 2425 Scribonius
592 2364 633 2425 M.
645 2363 788 2425 Valerius
802 2363 938 2425 Messala
950 2364 984 2426 L.
995 2362 1122 2426 Porcius
1137 2365 1185 2425 Li-

202 2448 289 2509 cinus
304 2448 375 2508 etc.
387 2446 560 2507 Flaminius.
582 2446 751 2520 Megalesia
763 2448 855 2509 ludos
870 2449 1014 2510 scenicos
1024 2450 1063 2510 A.
1073 2448 1186 2509 Atilius

201 2530 353 2591 Serranus
368 2528 401 2589 L.
417 2527 597 2591 Scribonius
613 2528 690 2590 Libo
711 2531 827 2592 aediles
847 2534 970 2593 curules
992 2532 1082 2608 primi
1103 2532 1185 2593 lece
1293 2555 1294 2568 2

200 2619 280 2674 runt.
307 2612 417 2673 horum
438 2611 580 2673 aedilium
601 2613 693 2674 ludos
707 2614 864 2677 Romanos
879 2616 1010 2692 primum
1024 2623 1151 2678 senatus
1166 2632 1187 2676 a

200 2697 316 2774 populo
337 2701 475 2757 secretus
497 2697 663 2773 spectavit,
686 2699 888 2775 praebuitque
906 2715 1084 2771 sermones,
1106 2700 1186 2761 sicut

200 2781 300 2844 onmis
314 2778 434 2842 novitas
448 2782 536 2857 solet,
551 2782 619 2845 aliis
636 2783 768 2856 tandem,
785 2784 869 2860 quod
880 2785 974 2847 munito
987 2790 1058 2846 ante
1069 2784 1183 2846 debue

199 2867 245 2940 rit,
260 2862 404 2927 tributum
417 2864 661 2930 existimantibus
678 2866 868 2944 amplissimo
881 2868 997 2937 ordini;
1020 2868 1087 2929 aliis
1101 2868 1182 2929 dem-

199 2959 284 3026 ptum
304 2965 344 3010 ex
364 2949 510 3026 dignitate
531 2953 638 3029 populi
662 2951 813 3028 quidquid
828 2952 977 3014 maiestati
995 2959 1116 3029 patrum
1130 2959 1182 3013 ad·

198 3034 308 3096 iectum
328 3041 413 3097 esset
431 3035 717 3112 interpretantibus,
739 3041 770 3097 et
790 3035 892 3097 omnia
912 3035 1089 3097 discrimina
1103 3036 1184 3110 talia,

199 3118 310 3194 qulbus
325 3118 449 3182 ordines
464 3119 729 3193 discernerentur,
744 3128 777 3182 et
792 3120 977 3182 concordiae
991 3126 1023 3181 et
1036 3119 1184 3180 libertatis

198 3217 297 3279 aeque
317 3202 500 3265 minuendae
521 3219 603 3265 esse.
636 3205 678 3264 ud
695 3203 975 3280 quingentesimum
993 3203 1185 3280 quinquage

198 3286 307 3348 simum
332 3293 473 3348 octavum
497 3304 610 3350 annum
633 3286 666 3347 in
689 3289 869 3364 promiscuo
899 3295 1070 3365 spectatum
1097 3302 1186 3348 esses

199 3371 272 3447 quid
290 3377 417 3447 repente
438 3372 565 3447 lactum,
587 3387 643 3432 cur
663 3372 830 3434 immisceri
850 3371 910 3433 sibi
924 3373 955 3432 in
970 3387 1067 3433 cavea
1080 3378 1186 3447 patrea

198 3454 319 3529 plebem
338 3456 467 3530 nollent,
490 3471 545 3516 cur
565 3454 652 3517 dives
673 3471 847 3534 pauperem
867 3469 1085 3519 consessorem
1099 3454 1185 3519 lasti·
