2600 4000
207 232 270 298 roc
343 229 605 290 elsuaxxxvn
626 228 824 290 CAP.1l.15.
846 219 1051 311 [au'acen
1153 194 1156 199 ’

206 384 304 461 regis,
328 381 452 459 quaein
467 378 629 456 praesidiis
644 378 816 441 deditorum
831 393 886 455 per
900 394 956 440 eos
971 378 1038 441 dies
1053 380 1192 455 oppido·

206 485 273 542 rum
287 468 399 538 iuerat,
414 463 554 539 Philippo
568 463 679 525 tradita
691 463 757 539 regi
771 469 835 524 ests
857 462 943 523 luere
957 468 1058 523 autem
1073 464 1115 523 ad
1126 464 1191 524 tria

207 552 289 613 milla
301 550 467 612 hominum.
487 547 596 608 consul
606 544 743 607 Larisam
754 552 802 606 est
815 547 981 622 proiectus,
997 546 1038 605 ibi
1050 547 1090 607 de
1102 563 1189 607 sum-

207 653 256 698 ma
275 633 347 695 belli
367 631 604 693 consultaturus.
636 630 667 690 in
686 629 793 690 itinere
812 628 851 690 ab
866 627 963 690 Cierio
979 636 1009 690 ct
1021 628 1189 706 Metropoli

207 717 297 797 legati
314 716 469 778 tradentes
482 715 576 775 urbes
591 729 671 778 suas.
681 719 888 774 occurrerunt.
910 712 1075 789 'Philippus
1089 714 1187 776 Atha
1244 786 1247 790 ,

206 818 328 865 manum
343 799 510 877 praecipue
524 795 654 874 captivis
668 796 861 872 indulgenter
873 795 994 872 habitis,
1009 804 1044 857 ut
1057 813 1114 873 per
1128 814 1188 860 eos

207 885 382 950 conciliaret
391 889 521 959 gentem,
530 888 639 943 nactus
651 879 1187 956 spemAthamaniaepotiundaeex·

207 971 332 1032 ercitum
352 982 390 1028 eo
411 966 513 1040 duxit,
534 964 713 1041 praemissis
728 964 759 1023 in
775 963 911 1024 civitates
927 962 1066 1039 captivis.
1099 971 1131 1025 et
1143 965 1189 1025 illi

105 1109 107 1112 .
206 1067 346 1127 magnam
369 1049 577 1110 auctoritatem
592 1048 854 1125 apud-populares
869 1046 1040 1109 habuerunt
1053 1049 1187 1109 clemen·

206 1136 278 1197 tiam
291 1149 365 1208 erga
383 1149 418 1195 se
432 1132 515 1209 regis
529 1132 828 1208 munificentiamque
842 1138 1131 1203 commemorantem
1156 1138 1189 1193 et

206 1216 413 1297 Amynander,
426 1217 513 1278 cuiu's
523 1215 696 1292 praesentis
707 1215 853 1277 maiestas
862 1215 985 1289 aliquos
996 1214 1027 1276 in
1037 1215 1100 1276 ilde
1111 1231 1187 1277 con·

206 1303 354 1374 tinuisset,
368 1299 492 1375 veritus,
507 1316 547 1361 ne
560 1299 731 1360 traderetur
741 1298 880 1375 Philippo
896 1299 955 1359 iam
971 1298 1089 1374 pridem
1102 1298 1188 1361 hosti

207 1393 238 1446 et
246 1383 393 1447 Romanis
408 1384 515 1444 merito
530 1390 603 1445 tunc
613 1390 739 1459 propter
751 1383 950 1444 delectionem
961 1383 1098 1457 intensis,
1113 1387 1188 1443 cum

208 1469 339 1543 coniuge
358 1482 395 1527 ac
414 1465 518 1527 liberis
532 1482 628 1543 regno
644 1466 780 1528 excessit
792 1465 1048 1541 Ambraciamque
1062 1481 1098 1527 se
1112 1481 1188 1528 con·

207 1554 281 1616 tulit.
314 1552 356 1613 ita
375 1550 564 1612 Athamania
582 1550 681 1610 omnis
702 1549 732 1609 in
754 1550 802 1610 ius
822 1549 1035 1626 dicionemque
1053 1549 1188 1627 Philippi

208 1635 371 1700 concessit.
391 1631 512 1696 vconsul
526 1634 565 1694 ad
578 1633 747 1693 reficienda
759 1633 891 1693 maxime
905 1633 1046 1709 iumenta,
1062 1650 1142 1709 quae
1157 1641 1189 1694 et

209 1720 400 1797 navigatione
412 1726 442 1781 et
455 1725 565 1795 postea
578 1715 736 1778 itineribus
751 1716 876 1792 fatigata
889 1723 983 1791 erant,
1000 1733 1117 1793 paucos
1128 1717 1188 1778 La-

208 1806 290 1867 risae
303 1811 438 1866 moratus
454 1804 529 1878 dies,
544 1803 628 1862 velut
642 1807 789 1867 renovato
803 1801 925 1862 modica
937 1800 1038 1875 quiete
1049 1800 1189 1862 exercitu

208 1889 378 1949 cranonem
400 1894 449 1947 est
461 1901 657 1963 progressus.
683 1883 817 1964 venienti
830 1884 1001 1964 Pharsalus
1009 1890 1041 1945 et
1054 1883 1189 1946 Scotusa

210 1979 240 2032 et
258 1969 374 2031 Pherae
400 1968 543 2047 quaeque
566 1970 597 2030 in
618 1969 664 2029 eis
688 1967 842 2045 praesidia
860 1968 1003 2051 Antiochi
1024 1976 1111 2030 erant
1133 1968 1188 2029 de-

210 2056 328 2115 duntur.
365 2070 404 2114 ex
425 2053 463 2114 ils
483 2053 691 2129 interrogatis,
717 2054 769 2130 qui
789 2068 912 2113 manere
936 2068 1042 2114 secum
1066 2053 1188 2126 vellent,

209 2139 290 2200 mille
310 2137 440 2199 volentis
454 2138 595 2214 Philippo
616 2138 722 2211 tradit,
740 2143 862 2197 eeteros
876 2135 1008 2198 inermes
1022 2135 1189 2198 Demetria-

211 2224 279 2284 dem
300 2222 431 2286 remittit.
458 2222 621 2283 Proernam
644 2221 716 2282 inde
734 2221 864 2296 recepit,
886 2227 916 2280 et
931 2236 1011 2296 quaa
1025 2221 1190 2281 circaeam

211 2308 336 2368 castella
347 2312 441 2367 erant.
457 2308 570 2367 ducere
581 2312 644 2365 tum
656 2321 749 2381 porro
760 2304 791 2364 in
802 2304 1068 2366 sinumltlaliacum
1077 2304 1190 2381 eoepit.

211 2389 470 2467 appropinquanti
493 2388 633 2449 saucibus
655 2404 750 2463 super
772 2388 915 2464 quaesiti
928 2389 1092 2450 Thaumaci
1107 2399 1188 2464 suut,

210 2474 333 2533 deserta
353 2472 429 2531 urbe
450 2472 592 2531 iuventus
614 2471 713 2539 omnis
734 2479 850 2532 armata
869 2472 962 2533 silvas
978 2478 1009 2534 et
1022 2473 1129 2534 itinera
1143 2473 1190 2533 in·

211 2555 304 2627 sedit,
319 2561 350 2613 et
363 2555 393 2612 in
409 2568 515 2628 agmen
530 2555 702 2614 Romanum
716 2569 755 2613 ex
770 2555 980 2632 superioribus
996 2556 1073 2618 locis
1088 2557 1189 2618 ineur-

210 2637 297 2697 savit.
319 2637 427 2698 consul
440 2636 537 2712 primo
547 2637 664 2697 mittere
676 2637 728 2712 qui
739 2652 778 2697 ex
790 2640 965 2716 propinquo
977 2640 1189 2716 colloquentes

211 2721 397 2781 deterrerent
410 2734 466 2781 eos
482 2719 562 2781 atali
573 2720 692 2781 lurore:
713 2729 877 2798 postquam
888 2725 1129 2799 perseverarem
1143 2725 1188 2784 in-

138 2818 146 2826 ’
211 2810 301 2879 cepto
319 2803 409 2877 vidit,
430 2804 550 2865 tribuno
574 2820 641 2865 cum
657 2805 786 2867 duorum
801 2807 963 2882 signorum¹
971 2809 1115 2870 militibus
1131 2809 1188 2868 cir·

212 2888 377 2950 commisso
398 2889 567 2951 interclusit
586 2889 627 2950 ad
646 2889 753 2950 urbem
767 2890 824 2950 iter
838 2891 975 2967 armatis,
997 2907 1190 2968 vacuamque

161 3039 165 3045 ,
211 2986 278 3032 eam
294 2972 383 3047 cepit.
411 2984 474 3034 tum
489 2975 621 3034 clamore
636 2973 774 3048 ab-tergo
791 2981 899 3051 captae
912 2974 998 3037 urbis
1012 2976 1125 3051 audito,
1140 2991 1189 3036 re

210 3055 387 3129 fugientium
401 3056 538 3133 undique
548 3072 587 3117 ex
598 3057 684 3118 silvis
695 3056 905 3119 insidiatorum
916 3059 1028 3121 caedes
1040 3060 1121 3120 lacta
1131 3066 1189 3121 est

211 3137 249 3199 ab
269 3138 449 3201 Thaumacis
473 3142 568 3201 altero
593 3140 643 3200 die
671 3141 780 3210 consul
800 3142 840 3202 ad
860 3139 1049 3219 Spercheum
1069 3158 1188 3204 amnem

211 3223 358 3297 pervenit,
376 3223 447 3284 inde
460 3223 690 3301 Hypataeorum
704 3240 795 3299 agros
810 3226 950 3287 vastavit.
1277 3299 1280 3306 ,

293 3306 358 3367 XV.
387 3306 461 3366 Cum
474 3306 551 3367 haee
566 3306 748 3382 agebantur,
771 3309 913 3370 chalcide
928 3316 995 3371 erat
1006 3310 1187 3388 Antiochus

212 3389 270 3449 lam
283 3396 346 3451 tum
362 3405 490 3457 cernens
505 3389 578 3451 nihil
592 3406 628 3452 se
638 3406 679 3452 ex
691 3391 817 3452 Graecia
829 3399 950 3469 praeter
961 3409 1090 3456 amoena
1102 3395 1189 3456 chal-

94 3515 96 3517 >
211 3474 279 3533 cide
294 3473 422 3534 hiberna
435 3478 466 3534 et
485 3474 613 3534 infames
628 3472 749 3551 nuptias
763 3474 888 3549 petisse.
923 3483 995 3538 tunc
1009 3478 1188 3540 Aetolorum
