2600 4000
228 281 343 344 LIBER
356 281 489 342 XXXIII.
512 280 594 342 CAP.
609 290 654 343 22.
666 290 710 343 23.
722 290 766 343 al.
790 289 827 356 [a.
842 288 874 340 C.
889 290 951 356 197]
1018 284 1082 347 103

98 451 271 516 paucorum
284 448 323 493 ae
333 430 473 494 vieornm
487 432 582 494 lalsas
597 438 628 493 et
646 431 678 492 in
699 440 821 509 tempus
836 431 993 496 simulatas
1011 436 1080 498 siue

98 521 163 583 ullo
178 520 310 595 pignore
325 514 498 577 deditiones
513 517 610 577 laetas
625 531 707 577 esse.
742 517 820 577 haee
840 514 920 577 inter
934 520 1079 580 eonsules

99 603 305 678 tribunosque
335 598 549 661 altereationes
577 597 705 660 biduum
733 608 915 672 tenuerunt,
944 599 1080 677 victique

98 683 332 766 perseverantia
344 684 534 745 tribunorum
549 684 696 745 eonsules
711 682 878 759 separatim
891 684 1080 746 rettulemnt

97 770 205 832 XXlll.
221 769 252 830 (l.
265 767 405 830 Cornelio
422 767 555 841 omnium
569 783 727 828 consensu
741 769 884 829 decretus
899 766 1080 842 triumphus.

98 863 131 915 et
149 851 316 914 Placentini
339 851 625 925 Cremonensesque
645 850 829 914 addiderunt
849 853 987 913 levorem
1007 869 1077 914 eon-

99 936 176 1011 smi,
198 936 312 1012 gratias
326 942 454 1010 agentes
475 934 992 1011 commemorantesqueobsidione
1007 953 1080 997 sese

98 1022 190 1083 abeo
205 1020 361 1092 liberatos,
377 1016 518 1094 plerique
532 1017 637 1091 etiam,
658 1034 728 1080 eum
742 1019 826 1095 apud
840 1019 948 1080 hostes
963 1028 1078 1094 essent,

99 1104 247 1168 servitute
267 1110 438 1177 exemptos.
479 1102 513 1176 Q.
526 1100 680 1180 blinueius
700 1110 846 1178 temptata
867 1111 982 1164 tantum
1001 1105 1079 1164 rela-

98 1188 191 1261 tione,
208 1204 279 1249 eum
294 1186 459 1247 adversum
475 1201 596 1246 omnem
611 1195 751 1248 senatum
771 1185 903 1261 videret,
924 1186 955 1247 iu
976 1195 1079 1249 monte

98 1273 220 1333 Albano
243 1285 277 1332 se
298 1268 551 1345 triumphatmum
572 1278 602 1331 et
621 1270 687 1333 iure
709 1269 829 1347 impen'i
853 1270 1026 1332 eonsulanis
1048 1278 1080 1331 et

97 1356 262 1417 multorum
277 1354 429 1415 clarorum
441 1352 577 1416 virorum
591 1355 734 1431 exemplo
750 1352 835 1416 dixit.
872 1355 902 1414 c.
919 1354 1079 1416 cornelius

99 1440 141 1499 de
159 1436 340 1499 Insubribus
361 1437 606 1514 Cenomanisque
622 1439 654 1499 in
675 1437 853 1514 magistratu
872 1437 1078 1515 triumphavit

99 1521 197 1582 multa
211 1519 300 1596 signa
318 1519 457 1583 militaria
471 1520 552 1595 tulit,
574 1524 668 1584 multa
689 1520 804 1582 Gallica
824 1521 926 1598 spolia
946 1520 1078 1598 captiuis

99 1602 255 1679 carpentis
266 1604 544 1679 transvexit3multi
554 1606 675 1668 nobiles
683 1604 761 1666 Galli
773 1613 843 1667 ante
851 1621 973 1666 emtum
985 1604 1080 1679 ducti,

98 1685 180 1750 inter
200 1705 279 1765 quos
301 1688 425 1765 quidam
444 1688 647 1752 Hamilcarem
667 1692 779 1752 ducem
791 1688 964 1748 Poenorum
980 1687 1079 1748 luisse
1178 1721 1182 1730 ‚

98 1778 240 1833 auctores
257 1780 338 1834 sunt.
360 1782 495 1836 ceterum
512 1774 610 1850 magis
624 1773 657 1834 in
673 1790 708 1836 se
723 1770 874 1833 convertit
888 1772 996 1833 oeulos
1008 1770 1078 1831 Cre-

98 1855 291 1918 monensium
302 1857 610 1934 Placentinorumque
631 1858 811 1918 colonorum
825 1855 924 1933 turba,
935 1853 1078 1930 pilleato-

95 1954 162 2002 rum
189 1957 312 2003 currum
326 1940 529 2017 sequentium.
565 1940 646 2003 aeris
658 1940 724 2004 tulit
737 1940 768 2001 iu
781 1939 934 2016 triumpho
946 1940 1080 2002 ducenta

94 2023 217 2100 triginta
231 2033 351 2100 septem
365 2025 492 2107 miliaet
506 2024 699 2099 quingentos,
716 2023 834 2101 argenti
844 2024 937 2099 bigati
951 2034 1078 2101 septua-

94 2108 179 2184 ginta
192 2122 306 2168 novem
320 2104 412 2167 milia.
447 2107 630 2180 septuageni
644 2107 725 2166 aeris
740 2107 884 2167 militibus
899 2108 1005 2178 divisi,
1023 2108 1077 2167 dn-

93 2193 170 2267 plex
185 2187 282 2262 equiti
297 2186 540 2262 centurionique.
564 2187 598 2261 Q.
613 2187 767 2249 Minucius
783 2190 894 2249 eonsul
908 2190 947 2248 de
959 2188 1078 2263 Liguri·

91 2276 155 2335 bus
179 2268 330 2346 Boiisque
356 2268 450 2330 Gallis
475 2269 506 2330 in
529 2278 632 2332 monte
653 2270 775 2331 Albano
802 2269 1007 2346 triumphavit.
1050 2270 1078 2330 is

92 2352 268 2430 triumphus
282 2363 316 2416 ut
330 2354 399 2417 loeo
415 2361 445 2415 et
458 2355 539 2415 lama
552 2371 655 2415 rerum
670 2362 836 2430 gestarum,
852 2361 882 2414 et
896 2356 981 2431 qnod
995 2370 1076 2416 sum-

93 2449 182 2518 ptum
196 2453 259 2499 non
274 2447 432 2515 erogatum
446 2455 486 2499 ex
500 2438 618 2500 aerario
640 2454 748 2500 omnes
770 2437 922 2512 sciebant,
947 2437 1077 2500 inhono-

93 2521 189 2584 ratior
204 2520 268 2597 luit‚
283 2521 326 2584 ita
341 2521 438 2599 signis
455 2523 674 2599 carpentisque
688 2531 719 2583 et
733 2521 842 2598 spoliis
855 2522 951 2585 lerme
962 2539 1077 2599 aequa-

95 2606 156 2669 bat.
190 2605 342 2681 peeuniae
357 2606 447 2668 etiarn
462 2623 518 2682 par
532 2623 630 2683 prope
646 2623 765 2667 summa
780 2605 851 2667 luit:
872 2606 954 2669 aeris
968 2609 1077 2669 tralata

95 2693 228 2752 ducenta
243 2689 465 2767 quinquaginta
480 2698 623 2766 quattuor
637 2689 735 2764 milia,
749 2689 866 2766 argenti
877 2690 971 2768 bigati
987 2690 1076 2768 quin-

95 2771 242 2850 quaginta
261 2773 319 2836 tria
339 2773 422 2834 milia
442 2781 473 2834 et
493 2773 626 2836 ducenti.
667 2773 813 2836 militibus
831 2775 1076 2837 centurionibus·

95 2874 157 2934 que
178 2865 209 2918 et
229 2856 383 2934 equitibus
404 2856 486 2918 idem
506 2857 537 2918 in
559 2858 699 2933 singulos
720 2859 824 2919 datum
845 2861 929 2933 quod
949 2859 1094 2925 dederat

95 2940 224 3016 collega.

176 3025 283 3086 XXIV.
306 3022 483 3086 Secundum
497 3023 683 3100 triumphum
695 3023 871 3086 consularia
886 3024 1008 3086 comitia
1022 3026 1075 3085 ha·

93 3107 166 3169 bita.
206 3106 301 3169 creati
322 3109 468 3169 eonsules
482 3109 516 3168 L.
529 3108 640 3170 burim
661 3106 811 3184 Purpurio
830 3116 860 3171 et
872 3109 914 3167 Μ.
930 3108 1075 3170 claudius

93 3191 266 3252 Marcellus.
301 3200 463 3266 praetores
482 3200 609 3268 postero
631 3191 683 3253 die
704 3191 776 3253 laeti
796 3192 831 3266 Q.
848 3191 962 3253 Fabius
976 3194 1075 3254 Buteo

92 3273 136 3334 Ti.
153 3273 355 3351 Sempronius
369 3276 494 3351 Longus
511 3276 544 3351 Q.
559 3275 714 3338 Minucius
727 3276 876 3338 Thermus
889 3276 941 3336 Μ’.
956 3275 1075 3336 Acilius

93 3356 216 3421 Glabrio
231 3360 264 3420 L.
279 3358 431 3435 Apustius
445 3360 532 3421 Fullo
549 3361 581 3421 C.
595 3359 729 3421 Laelius.

175 3441 268 3504 Exitu
282 3443 377 3505 ferme
392 3442 465 3503 anni
479 3443 597 3504 litterae
611 3461 630 3503 a
642 3443 675 3501 Τ.
692 3441 830 3518 Quinctio
853 3457 1016 3514 venerunt,
1038 3458 1076 3501 se

92 3521 190 3599 agnis
212 3525 331 3588 eollatis
352 3544 422 3588 enm
441 3543 515 3603 rege
528 3524 669 3603 Philippo
689 3526 721 3586 in
734 3524 893 3587 Thessalia
906 3537 1073 3601 pugnasses
