2600 4000
207 247 268 310 190
325 247 443 309 LIBER
455 248 576 309 XXXV.
599 248 683 307 cnP.
698 256 742 311 16.
754 257 797 313 17.
809 257 852 312 18.
873 256 910 323 [a.
926 255 963 308 U.
976 271 1001 307 c.
1015 255 1079 322 569]

207 417 394 478 quemquam
408 400 520 462 ioedns
533 400 731 475 mutaverint,
752 401 799 462 sic
811 401 909 462 Asiae
922 400 1185 476 civitates,utse·
1297 414 1298 435 i

205 486 266 546 mel
277 492 426 547 venerunt
435 484 467 544 in
479 484 628 546 maiorum
637 483 782 545 Antiochi
793 491 985 560 potestatem,
997 483 1029 544 in
1039 492 1192 561 perpetua
1297 516 1298 575 ᾗ

206 568 411 648 possessione
424 568 513 644 regni
525 568 621 629 vestri
636 568 856 644 permansisse,
870 573 902 629 et
914 583 978 629 non
992 568 1069 628 alias
1084 583 1191 630 earum
1296 580 1298 631 l

205 655 237 715 in
250 650 382 730 Philippi
403 652 479 714 alias
500 653 530 712 in
543 650 709 715 Ptolemaei
729 652 827 712 irrisse
846 657 1015 728 potestate,
1036 652 1113 713 abas
1134 669 1193 729 per

206 739 318 800 multos
335 752 436 798 annos
451 737 535 797 nullo
549 735 721 812 ambigente
734 736 902 797 libertatem
911 742 1106 810 usurpasset
1119 753 1190 798 nam

206 823 244 899 si,
259 821 345 898 quod
355 820 521 896 aliqnando
533 820 713 895 servierunt,
727 826 900 895 temporum
909 819 1067 894 iniquitate
1077 821 1187 895 pressi,

206 907 255 968 ius
280 911 352 982 post
376 909 422 965 tot
439 905 545 965 secula
570 903 735 967 adserendi
760 919 817 964 cos
835 904 867 964 in
887 905 1065 965 servitutem
1089 903 1190 980 faciet,

207 989 283 1066 quid
303 989 407 1060 abest,
433 987 507 1061 quin
529 994 631 1049 actum
651 988 741 1049 nobis
761 986 836 1047 nibil
855 988 896 1049 sit
916 987 1001 1064 qnod
1015 1002 1034 1047 a
1046 986 1190 1064 Philippo

206 1072 402 1136 liberavimus
419 1071 586 1144 Graeciam,
602 1080 633 1132 et
644 1077 787 1148 repetant
799 1069 916 1148 posteri
931 1072 998 1133 eius
1014 1071 1189 1133 corinthum

207 1155 380 1217 chalcidem
385 1155 610 1217 Demetriadem
617 1156 869 1217 ethessalorum
875 1161 969 1217 totam
975 1162 1118 1231 gentem?
1131 1156 1190 1217 sed

207 1238 283 1316 quid
289 1254 347 1315 ego
356 1254 482 1300 cansam
488 1239 653 1302 civitatium
659 1256 728 1316 ago,
737 1255 828 1315 quam
834 1238 912 1315 ipsis
924 1238 1087 1316 agentibus
1093 1246 1189 1301 einos

207 1331 237 1385 et
249 1338 353 1398 regem
374 1323 476 1398 ipsum
497 1338 687 1399 cognoscere
707 1324 838 1400 aequius
853 1328 941 1385 estl“
966 1323 1060 1385 XVII.
1082 1324 1190 1385 vocari

207 1406 321 1468 deinde
340 1406 504 1468 civitatium
518 1407 688 1482 legationes
702 1408 807 1484 iussit,
827 1414 1028 1485 praeparatas
1042 1406 1102 1468 iam
1117 1414 1190 1468 ante

206 1498 237 1552 et
250 1491 414 1552 instructas
430 1490 469 1550 ab
482 1490 627 1566 Eumene,
643 1493 696 1568 qui
712 1498 992 1568 quantumcumque
1005 1491 1115 1552 virium
1124 1491 1189 1552 An·

206 1574 309 1641 tlocbo
335 1574 538 1649 decessisset,
564 1591 622 1636 suo
647 1576 680 1637 id
702 1591 902 1638 accessurum
923 1591 1020 1652 regno
1045 1575 1189 1636 ducebat

208 1658 334 1721 admissi
348 1660 463 1736 plures,
479 1657 551 1719 dum
563 1675 637 1720 suas
649 1659 782 1734 quisquc
792 1675 875 1721 nunc
886 1661 1029 1736 querelas
1041 1675 1125 1721 nnnc
1134 1674 1185 1719 ex·

209 1743 430 1821 postulationes
437 1742 551 1815 inserit,
560 1750 591 1804 et
601 1758 703 1819 aequa
713 1742 826 1818 iniquis
836 1743 974 1817 miscent,
983 1759 1023 1803 ex
1034 1740 1188 1820 discepta-

207 1828 289 1890 tione
309 1826 536 1889 altercationem
555 1829 702 1890 iecerunt.
735 1826 838 1903 itaque
857 1843 916 1889 nec
935 1827 1067 1889 remissa
1079 1829 1142 1889 ulla
1153 1843 1189 1887 re

207 1927 264 1972 nec
284 1911 459 1986 impetrata,
481 1927 580 1988 aeque
600 1928 637 1974 ac
656 1918 804 1973 venerant
823 1911 957 1973 omniurn
976 1911 1085 1972 incerti
1097 1911 1188 1987 legati

208 1995 336 2056 Romam
351 1994 515 2057 redierunt.

289 2079 358 2139 Rex
378 2078 514 2140 dimissis
534 2079 572 2141 iis
593 2080 756 2143 consilium
769 2081 810 2142 de
823 2081 905 2142 bello
919 2081 1059 2142 Romano
1070 2079 1188 2141 babuit.

206 2160 248 2223 ibi
263 2163 342 2227 alius
357 2163 417 2226 alio
433 2163 583 2239 ferocius,
607 2165 758 2242 quiaque
772 2164 906 2241 quisque
920 2164 1062 2241 asperius
1077 2163 1187 2224 adver

206 2263 262 2308 sus
275 2249 433 2311 Romanos
454 2249 577 2312 locutus
600 2256 700 2322 esset,
720 2265 759 2310 eo
779 2263 854 2324 spes
869 2248 985 2324 gratiam
999 2247 1097 2310 maior
1112 2254 1188 2320 erat,

205 2332 284 2394 alius
299 2332 476 2409 superbiam
490 2334 711 2409 postulatorum
725 2333 895 2408 increpare,
909 2338 1065 2409 tamquam
1077 2331 1190 2393 Nabidi

204 2417 302 2489 victo,
317 2416 363 2476 sic
376 2416 545 2489 Antiocho,
567 2417 700 2476 maximo
714 2417 810 2478 Asiae
823 2432 945 2493 regum,
966 2415 1189 2493 imponentium

205 2501 300 2573 leges.
322 2515 508 2575 quamquam
521 2497 630 2559 Nabidi
643 2506 744 2559 tamen
759 2500 995 2561 dominationem
1010 2499 1042 2560 in
1055 2498 1188 2577 patriam

204 2596 292 2642 suam
313 2589 344 2642 ct
362 2581 492 2656 patriam
505 2581 768 2642 Lacedaemonem
787 2585 963 2645 remissam
990 2582 1143 2646 Antiocho
1158 2583 1189 2644 si

205 2663 338 2741 Smyrna
351 2671 382 2725 et
393 2664 585 2740 Lampsacus
599 2663 748 2740 imperata
761 2668 887 2744 iaciant,
906 2667 1064 2744 indignum
1077 2663 1187 2727 videri.

204 2746 255 2808 alii
275 2763 389 2823 parvas
404 2754 435 2809 et
448 2750 502 2809 vix
519 2748 602 2810 dictu
616 2749 725 2827 dignas
740 2751 812 2814 belli
827 2767 938 2814 causas
952 2757 1036 2814 tanto
1050 2750 1116 2828 regi
1131 2765 1188 2811 eas

204 2830 342 2893 civitates
358 2847 439 2894 esse.
473 2834 531 2896 sed
544 2831 661 2905 initium
675 2850 831 2911 sempera
845 2837 949 2912 parvis
963 2836 1077 2898 iniusta
1090 2834 1187 2910 impe·

203 2914 293 2976 randi
306 2916 389 2994 lieri,
410 2918 469 2980 nisi
484 2919 645 2980 crederent
658 2919 785 2993 Persas,
802 2934 870 2982 cum
885 2936 997 2996 aquam
1011 2928 1187 2993 terramque
1299 2924 1300 2927 ’

203 2997 242 3059 ab
256 3000 509 3065 Lacedaemoniis
524 3001 682 3078 petierint,
703 3003 793 3080 gleba
807 3010 907 3066 terrae
917 3010 948 3067 et
961 3004 1075 3066 haustu
1086 3017 1188 3078 aquae

202 3082 336 3157 eguisse.
366 3103 423 3163 per
443 3087 571 3147 similem
591 3088 818 3163 temptationem
835 3087 984 3150 Romanis
1005 3089 1045 3149 de
1064 3086 1186 3150 duabus

202 3166 373 3231 civitatibus
384 3169 443 3247 agi.
465 3179 496 3232 et
505 3171 581 3231 alias
594 3171 741 3247 civitates,
754 3172 843 3233 simui
855 3173 933 3233 duas
944 3171 1048 3248 iugum
1060 3168 1189 3234 exuisse

202 3249 367 3328 vidissent,
397 3254 438 3315 ad
461 3254 655 3315 liberatorem
681 3257 828 3331 populum
853 3257 1036 3318 defecturas.
1071 3254 1188 3318 sinon

202 3331 327 3397 libertas
350 3338 496 3400 servitute
516 3336 619 3414 potior
639 3340 693 3415 sit,
715 3346 816 3401 tamen
836 3340 918 3402 omni
933 3339 1089 3415 praesenti
1104 3347 1188 3399 statu

203 3435 291 3496 spem
306 3421 457 3498 cuiusque
472 3423 606 3484 novandi
620 3438 672 3484 ros
687 3439 761 3485 suas
774 3423 965 3486 blandiorem
979 3439 1060 3485 esse.

247 3589 249 3592 ι
285 3505 393 3565 XVIII.
415 3505 593 3566 Alexander
606 3508 749 3567 Acarnan
764 3506 794 3568 in
811 3508 940 3570 consilio
955 3514 1029 3583 erat,
1043 3506 1187 3582 Phiiippo
