2600 4000
288 262 404 325 trane
417 264 522 325 xxxi.
545 264 627 324 cnr.
644 273 687 326 ιι.
702 274 744 326 ιι.
766 266 802 343 [ι.
815 273 848 324 c.
862 268 927 346 roo]
1077 267 1098 329 e

118 410 176 475 citu
191 413 377 487 substiterat,
392 413 577 476 Placentiam
591 414 784 487 invaserant;
800 422 830 477 et
843 414 963 492 direpta
972 419 1048 480 urbe
1058 436 1096 479 ac

115 494 259 572 perirem
273 513 385 574 magna
399 514 440 559 ex
453 507 540 574 parte
553 497 691 573 incensa,
704 499 755 558 vix
769 499 891 560 duobus
905 500 1027 564 milibus
1040 504 1093 565 ho·

115 580 226 641 minum
239 581 321 645 inter
333 582 476 644 incendia
489 582 659 659 ruinasque
672 580 800 657 relictis,
818 581 944 645 traiecto
958 585 1040 646 Pado
1056 588 1095 648 ad

115 662 294 727 Cremonam
307 665 512 744 diripiendam
526 675 666 743 pergunt.
690 665 811 728 vicinae
824 665 910 727 urbis
922 667 1026 730 audita
1036 671 1095 730 cla·

113 748 167 809 des
182 750 320 827 spatium
334 750 454 813 colonis
475 751 560 813 dedit
579 751 831 813 ad-claudendas
853 759 959 826 portas
980 752 1095 828 praesi-

112 832 222 909 diaque
247 852 308 912 per
331 852 437 898 muros
461 835 674 912 disponenda,
699 844 734 896 ut
759 833 974 896 obsiderentur
996 843 1095 898 umen

111 915 204 993 prius,
218 936 314 995 quam
325 929 581 996 expugnarentur,
594 917 783 995 nuntiosque
793 917 945 981 mitterent
955 919 997 979 ad
1008 936 1096 995 prae·

109 1007 204 1062 torem
215 1004 401 1065 Romanum.
415 1004 449 1063 L.
459 1003 569 1066 liuius
580 1001 731 1079 Purpurio
741 1011 803 1064 tum
815 1001 995 1079 provinciae
1007 1020 1081 1079 prae

109 1093 171 1147 erat
191 1095 299 1149 cetero
315 1105 356 1149 ex
371 1095 498 1149 senatus
519 1087 661 1150 consulto
676 1087 814 1149 exercitu
828 1086 957 1149 dimisso
971 1095 1095 1163 praeter

109 1166 245 1248 quinque
265 1170 351 1232 milia
371 1170 491 1234 socium
510 1187 547 1232 ac
561 1169 660 1233 Latini
674 1169 822 1242 nominis;
842 1187 912 1231 curn
932 1169 971 1232 iis
992 1170 1093 1248 copiis

108 1249 137 1311 in
152 1254 299 1328 proxima
312 1254 440 1333 regione
459 1253 638 1331 provinciae
657 1254 740 1316 circa
759 1252 929 1317 Ariminum
949 1253 1093 1317 substite-

107 1345 160 1398 rat.
208 1339 237 1401 is
260 1349 327 1402 tum
347 1337 468 1400 senatui
488 1338 625 1416 scripsit,
648 1357 712 1416 quo
732 1337 763 1399 in
784 1342 913 1409 tumultu
933 1337 1094 1415 provincia

108 1431 198 1484 esset
237 1426 371 1485 duarum
391 1422 593 1497 coloniarum,
616 1440 698 1499 quae
713 1421 867 1499 ingentem
881 1422 962 1484 illam
976 1430 1092 1499 tempe

109 1511 216 1568 statem
230 1506 341 1570 Punici
353 1505 426 1569 belli
441 1505 708 1584 subterfugissent,
723 1508 849 1568 alteram
865 1515 986 1583 captam
1000 1523 1037 1567 ac
1046 1505 1093 1566 di-

109 1597 225 1665 reptam
241 1594 283 1654 ab
297 1592 448 1665 hostibus,
463 1593 588 1653 alteram
603 1589 786 1667 oppugnari.
823 1606 881 1651 nec
902 1590 934 1651 in
955 1587 1090 1650 exercitu

111 1688 164 1733 suo
180 1675 259 1738 satis
274 1674 421 1752 praesidii
435 1675 554 1736 colonis
568 1673 780 1736 laborantibus
795 1675 871 1746 lore,
883 1672 944 1734 nisi
955 1671 1092 1748 quinque

107 1755 189 1819 milia
203 1759 325 1822 socium
341 1759 542 1836 quadraginta
555 1757 679 1820 milibus
693 1756 828 1819 hostium
848 1789 891 1801 -
908 1765 953 1818 tot
966 1754 1047 1817 enim
1061 1753 1092 1816 in

107 1840 199 1904 armis
215 1861 345 1905 esse-
359 1842 539 1905 trucidanda
553 1842 679 1904 obicere
693 1840 776 1914 velit,
791 1849 822 1902 et
836 1849 919 1903 tanta
932 1857 990 1903 sua
1004 1839 1092 1902 clade

107 1921 167 1985 iam
191 1926 318 1990 inflatos
343 1924 466 1988 excidio
492 1925 633 1989 coloniae
647 1927 807 1988 Romanae
828 1925 933 2004 augeri
957 1921 1093 1987 hostium

107 2007 237 2073 animos.
270 2014 322 2074 Xl.
343 2011 391 2073 his
406 2010 513 2073 litteris
527 2011 663 2073 recitatis
678 2013 889 2084 decreverunt,
904 2019 937 2073 ut
951 2010 983 2071 (l.
993 2011 1092 2070 Aure·

108 2090 166 2154 lius
183 2097 295 2157 consul
308 2093 492 2164 exercitum,
513 2093 563 2155 cui
583 2092 615 2153 in
628 2093 778 2154 Etruriam
793 2095 834 2155 ad
848 2093 1092 2155 conveniendrun

107 2174 191 2235 diem
208 2177 361 2246 edixerat,
382 2173 511 2234 Arimini
531 2176 639 2236 eadem
655 2175 705 2235 die
719 2177 833 2236 adesse
845 2175 978 2250 iuberet,
998 2182 1029 2235 et
1042 2181 1094 2234 aut

107 2256 190 2332 ipse,
207 2259 235 2320 si
248 2276 305 2335 per
319 2258 513 2320 commodum
528 2256 573 2318 rei
583 2256 726 2332 publicae
739 2266 855 2333 posset,
867 2260 907 2318 ad
919 2256 1093 2332 opprimen-

109 2340 183 2403 dum
192 2342 339 2405 Gallicum
353 2342 510 2404 tumultum
523 2339 781 2418 proficisceretur,
796 2342 891 2404 autL.
903 2339 994 2402 Furio
1006 2356 1094 2416 prae·

108 2424 168 2487 tori
183 2427 346 2501 scriberet,
361 2434 409 2499 ut,
426 2443 495 2488 cum
510 2427 551 2488 ad
566 2443 637 2487 eum
650 2423 789 2501 legiones
804 2443 844 2487 ex
856 2424 977 2488 Etruria
991 2422 1092 2485 venis-

111 2517 192 2582 sent,
213 2511 317 2575 missis
337 2509 369 2572 in
391 2509 489 2573 vicem
504 2527 610 2573 earum
626 2510 764 2587 quinque
783 2509 905 2573 milibus
927 2508 1094 2581 sociorum,

111 2609 190 2668 quae
211 2594 331 2659 interim
351 2593 490 2657 Etruriae
515 2593 672 2671 praesidio
698 2603 818 2667 essent,
844 2593 1095 2671 proficisceretur

111 2672 179 2752 lpse
193 2681 234 2741 ad
249 2679 400 2742 coloniam
414 2678 604 2740 liberandam
619 2679 790 2741 obsidione.
813 2681 932 2755 legatos
943 2680 1014 2740 item
1026 2676 1092 2738 mit·

112 2763 219 2826 tendos
234 2763 265 2824 in
280 2763 415 2824 Africam
430 2770 624 2834 censuerunt,
640 2764 768 2825 eosdem
787 2761 1008 2839 Carthaginem,
1023 2777 1093 2822 eos·

112 2843 178 2908 dem
191 2847 224 2909 in
238 2845 409 2909 Numidiam
424 2848 464 2909 ad
477 2845 683 2920 Masinissam,
697 2845 916 2921 Carthaginem,
930 2854 964 2907 ut
975 2843 1090 2906 nuntia·

112 2939 175 2993 rent
189 2931 289 2994 civem
303 2947 409 2993 eorum
420 2929 622 2992 Hamilcarem
633 2930 773 2992 relictum
783 2928 815 2990 in
826 2929 931 3003 Gallia
946 2930 1030 2990 haud
1044 2943 1094 2988 sa·

114 3009 149 3073 tis
164 3013 246 3077 scire
260 3032 300 3077 ex
313 3014 516 3076 Hasdrubalis
531 3013 618 3090 prius
632 3031 673 3074 an
694 3031 735 3075 ex
747 3013 888 3090 Magonis
909 3021 1020 3088 postea
1039 3027 1093 3073 ex·

113 3096 220 3172 ercitu,
245 3099 359 3160 bellum
380 3105 487 3160 contra
501 3099 612 3161 loedus
628 3099 746 3170 lacere,
768 3096 922 3159 exercitus
938 3095 1095 3157 Gallorum

112 3175 317 3257 Ligurumque
338 3180 493 3244 excivisse
513 3182 554 3243 ad
574 3199 659 3243 arma
687 3188 793 3252 contra
813 3181 962 3256 populum
981 3180 1093 3242 Roma-

114 3277 192 3327 num.
228 3282 314 3340 eum,
334 3264 362 3326 si
382 3282 445 3341 pax
466 3266 615 3340 placeret,
636 3266 846 3326 revocandum
859 3262 919 3325 illis
934 3271 965 3324 et
979 3262 1094 3323 deden·

115 3345 183 3410 dum
192 3350 315 3429 populo
328 3352 467 3411 Romano
483 3364 565 3412 esse.
594 3348 685 3411 simul
699 3347 840 3409 nuntiare
854 3344 932 3409 iussi
947 3346 1096 3421 perfugas

116 3427 170 3494 sibi
184 3450 246 3494 non
262 3432 362 3496 omnis
376 3431 516 3495 redditos
532 3449 619 3505 esse,
641 3449 679 3493 ac
699 3448 841 3508 magnam
856 3437 973 3506 partem
988 3441 1094 3489 eorum

116 3517 211 3577 balam
226 3515 399 3590 Carthagini
415 3517 573 3579 obversari
589 3515 667 3587 dici,
690 3530 771 3589 quos
787 3508 1007 3584 comprehendi
1021 3521 1094 3565 con-
