2600 4000
203 219 246 296 'es
360 228 475 289 LlBloR
486 223 604 288 ΧΧΧΗ.
622 224 707 286 cAP.
718 234 744 285 a.
755 232 782 286 a.
793 232 820 285 4.
836 230 872 298 p.
886 231 1032 302 uaeas]

204 400 266 445 non
288 396 360 442 esse
374 385 405 440 et
418 377 570 440 immixtos
587 374 739 452 quosdam
753 391 815 437 non
830 376 877 437 sui
891 377 1013 450 generis
1027 393 1085 451 pro
1101 378 1180 441 colo

204 467 252 527 nis
268 480 303 526 se
317 477 433 540 gerere,
449 477 554 522 earum
567 476 671 520 rerum
682 475 777 521 causa
791 460 939 521 tresviros
952 475 1057 520 creare
1066 461 1099 520 L.
1112 461 1173 523 Cor<
1291 521 1292 524 ,

203 549 303 611 neilus
318 548 427 608 consul
441 546 556 606 iussus.
585 544 679 605 creati
693 542 724 602 P.
741 548 772 603 et
786 541 856 603 Sex.
871 543 951 603 Aelii
960 575 1005 588 -
1014 543 1115 605 Paetis
1130 546 1183 607 tuit

205 632 355 694 ambobus
377 635 641 705 cognomen—et
662 626 714 688 Cn.
731 625 889 687 Cornelius
910 627 1066 688 Lentulus.
1100 631 1181 704 quod

204 715 424 777 Narniensibus
445 714 548 773 datum
569 718 647 785 erat,
673 716 706 771 ut
726 712 905 771 colonomm
925 726 1069 772 numerus
1091 728 1181 788 auge—

203 808 295 873 retur,
311 799 344 858 id
358 796 470 858 Cosani
486 802 625 871 petentes
640 811 702 855 non
717 795 964 869 impetravemnt.

287 882 339 942 ΙΙΙ.
358 880 463 941 Rebus
476 894 556 955 quae
567 879 684 939 Romae
695 878 835 952 agendae
845 883 932 938 erant
942 879 1095 954 perlectis,
1111 895 1182 942 con·

205 970 291 1029 sulas
310 965 341 1024 in
355 962 531 1039 provincias
549 961 689 1038 proiecti.
720 961 752 1021 P.
768 961 908 1036 Villium,
929 962 960 1021 in
973 961 1184 1025 Macedoniam

206 1067 274 1111 cum
293 1047 445 1120 venisset,
468 1052 556 1107 atrox
576 1044 686 1107 seditio
700 1045 827 1106 militurn
840 1045 901 1104 iam
915 1052 985 1106 ante
999 1046 1114 1107 irritata
1126 1063 1184 1108 nec

205 1134 279 1194 satis
294 1131 325 1190 in
340 1131 490 1207 principio
511 1145 693 1205 compressa
711 1129 842 1204 excepit.
878 1127 940 1189 duo
961 1128 1044 1189 milia
1058 1146 1095 1192 ea
1108 1131 1183 1192 mili·

205 1225 268 1279 tum
289 1216 390 1289 luere,
414 1229 494 1289 quae
513 1228 554 1273 ex
567 1213 673 1273 Africa
686 1220 759 1289 post
773 1211 926 1272 devictum
938 1212 1139 1274 Hannibalem
1154 1215 1182 1275 in

206 1300 354 1373 Siciliam,
375 1298 447 1358 inde
467 1314 548 1359 anno
569 1298 633 1357 lere
648 1296 764 1372 postia
779 1295 990 1357 Macedoniam
1004 1312 1062 1372 pro
1077 1300 1181 1359 volun·

206 1384 289 1444 turiis
308 1387 514 1458 transportata
534 1386 630 1444 erant.
665 1380 697 1441 id
711 1381 867 1442 voluntate
887 1381 1001 1441 lactum
1021 1381 1182 1457 negabant

205 1467 243 1528 ab
258 1466 386 1528 tribunis
401 1470 581 1526 recusantes
596 1464 734 1526 innoves
746 1464 918 1539 impositos.
941 1464 999 1525 sed
1009 1472 1183 1541 utcumque,

206 1567 263 1613 seu
276 1550 411 1611 iniuncta
424 1564 481 1610 seu
496 1554 642 1623 suscepta
657 1549 735 1608 torel
745 1547 857 1622 militia,
873 1554 904 1607 et
914 1563 981 1607 eam
994 1548 1184 1626 exhaustam,

205 1643 236 1696 et
248 1635 340 1695 finem
355 1635 487 1710 aliquem
501 1632 648 1694 militandi
658 1631 725 1692 fieri
736 1647 869 1707 aequum
881 1647 962 1693 esse.
982 1633 1083 1694 multis
1095 1635 1184 1695 annis

206 1734 277 1779 sese
290 1718 407 1778 Italiam
420 1733 482 1778 non
497 1715 622 1789 vidisse,
638 1715 840 1780 consenuisse
854 1716 912 1777 sub
928 1717 1020 1776 armis
1035 1716 1066 1776 in
1081 1716 1185 1778 Sicilia
1291 1713 1292 1786 ἶ

205 1803 310 1863 Africa
322 1802 512 1863 Macedonia.
536 1801 694 1862 conlectos
708 1802 768 1860 iarn
783 1814 818 1860 se
832 1799 937 1861 labore
952 1815 1056 1875 opere,
1072 1816 1183 1862 exsan-

205 1901 282 1961 gues
301 1892 346 1947 tot
358 1886 494 1959 acceptis
508 1883 686 1946 vulneribus
702 1900 783 1945 esse
815 1886 924 1944 consul
938 1899 1064 1946 causam
1078 1893 1185 1961 postu-

205 1968 315 2030 landae
329 1968 485 2030 missionis
499 1967 699 2045 probabilem,
715 1968 742 2029 si
756 1969 895 2029 modeste
910 1974 1073 2044 peteretur,
1086 1968 1185 2031 videri

206 2052 296 2113 dixite
325 2053 484 2115 seditionis
510 2069 568 2113 nec
589 2069 657 2113 earn
677 2068 735 2114 nec
754 2054 848 2114 ullam
868 2052 958 2114 aliam
978 2054 1052 2114 satis
1073 2054 1185 2115 iustam

206 2153 331 2198 causam
351 2154 432 2200 esse.
462 2136 566 2213 itaque
586 2136 613 2199 si
633 2152 757 2197 manere
775 2136 814 2196 ad
829 2136 919 2211 signa
932 2142 963 2196 et
976 2136 1058 2199 dicto
1074 2152 1186 2212 parere

205 2222 307 2297 velint,
321 2237 356 2282 se
371 2222 571 2283 demissione
586 2237 693 2285 eorum
705 2220 746 2281 ad
760 2226 900 2282 senatum
910 2220 1103 2295 scripturum.
1118 2236 1184 2283 mo-

206 2306 305 2367 destia
318 2306 437 2367 facilius
453 2323 546 2382 quam
558 2304 727 2381 pertinacia
741 2304 825 2378 quod
839 2304 934 2365 velint
947 2303 1174 2380 impetraturos.
1291 2360 1292 2377 ,

288 2390 339 2451 lv.
371 2389 562 2450 Thaumacos
587 2404 626 2448 eo
655 2393 793 2462 tempore
819 2385 978 2464 Philippus
1007 2405 1127 2450 summa
1154 2388 1186 2449 vi
1291 2442 1292 2447 ,

205 2471 403 2549 oppugnabat
423 2471 586 2546 aggeribus
606 2470 783 2546 vineisque;
812 2476 843 2531 et
862 2470 922 2532 iam
942 2472 1067 2534 arietem
1086 2471 1185 2534 muris

205 2555 383 2617 admoturus
409 2562 483 2613 erat.
520 2560 654 2615 ceterum
677 2554 800 2629 incepto
821 2554 972 2617 absistere
992 2572 1062 2617 eum
1083 2557 1186 2632 coegit

205 2638 324 2699 subitus
343 2637 524 2698 Aetolorum
543 2636 710 2713 adventus,
728 2637 781 2714 qui
799 2638 986 2701 Archidamo
1005 2640 1087 2702 duce
1105 2641 1187 2702 inter

204 2721 361 2782 custodias
375 2721 578 2782 Macedonum
598 2720 720 2783 moenia
739 2721 871 2798 ingressi
884 2740 942 2785 nec
956 2732 1047 2786 nocte
1060 2739 1119 2785 nec
1133 2725 1187 2785 die

203 2806 296 2866 linem
314 2806 408 2866 ullum
429 2806 609 2881 erumpendi
629 2821 711 2867 nunc
731 2806 762 2865 in
777 2807 925 2874 stationes
945 2824 1027 2869 nunc
1040 2809 1072 2868 in
1087 2824 1187 2886 opera

202 2889 406 2950 Macedonum
420 2889 579 2951 iaciebant.
613 2898 644 2953 et
657 2890 821 2952 adiuvabat
835 2906 890 2953 eos
905 2898 1014 2953 natura
1027 2893 1098 2967 ipsa
1111 2891 1182 2953 loci

203 2988 336 3049 namque
356 2973 520 3034 Thaumaci
541 2973 657 3052 aPylis
678 2974 811 3051 sinuque
824 2975 954 3037 Maliaco
977 2992 1034 3052 per
1047 2975 1185 3037 Lamiam

204 3057 286 3117 eunti
305 3058 376 3119 loco
397 3059 457 3119 alto
479 3058 528 3119 siti
543 3065 628 3131 sunt,
649 3058 726 3134 ipsis
742 3059 881 3120 saucibus
896 3059 1087 3122 imminentes
1103 3076 1186 3137 quas

204 3140 297 3201 Coela
315 3148 444 3213 vocant3
465 3141 705 3218 Thessaliaeque
725 3143 893 3204 transeunti
914 3146 1099 3219 contragosa
1112 3146 1188 3205 loca
1291 3134 1292 3155 ¹

203 3223 435 3302 implicataeque
457 3224 590 3287 flexibus
603 3227 728 3288 vallium
741 3226 824 3302 vias,
844 3227 897 3288 uhi
911 3235 1035 3290 ventum
1048 3229 1089 3288 ad
1102 3228 1187 3288 hauc

201 3306 308 3368 urbem
319 3314 376 3384 est,
390 3314 517 3385 repente
527 3310 610 3372 velut
619 3311 713 3371 maris
724 3310 812 3385 vasti,
828 3312 874 3373 sic
883 3312 1028 3373 universa
1039 3312 1187 3388 panditur

202 3392 358 3467 planities,
376 3400 409 3455 ut
422 3392 579 3455 subiectos
600 3410 728 3471 campos
748 3395 911 3456 terminare
926 3395 1024 3457 oeulis
1038 3396 1123 3458 haud
1137 3395 1186 3461 ie·

202 3475 260 3536 cile
274 3491 381 3557 queas.
411 3477 450 3537 ab
465 3491 503 3538 eo
518 3477 664 3540 miraculo
678 3478 841 3540 Thaumaci
855 3480 1009 3558 appellati.
1042 3496 1100 3541 nec
1115 3477 1186 3541 alti·
