2600 4000
258 222 376 284 LIBER
388 221 521 283 XXXIII.
544 220 627 281 CAP-
640 230 686 284 32.
700 229 744 283 33.
759 230 802 284 st.
826 228 862 296 [a.
878 227 910 280 0.
926 227 988 295 196]
1053 220 1113 286 lll

134 380 264 441 tuerent
286 373 391 437 audita
399 390 483 436 uoce
491 373 655 451 praeconis
670 373 775 440 maius
783 374 928 451 gaudium
942 376 1006 453 tuit,
1022 396 1114 455 quam

135 461 220 540 qnod
232 458 414 521 universum
429 457 570 519 homiues
591 456 776 535 acciperent.
818 457 873 520 vtx
894 459 969 521 sotis
987 463 1114 525 credere

134 562 170 607 se
184 542 319 620 quisque
331 541 474 616 audisse,
497 550 528 604 et
541 540 593 604 alii
607 540 687 604 elios
697 540 823 617 intueri,
844 541 1017 627 mirabundi
1029 547 1115 608 vetut

133 629 172 690 ad
189 625 300 689 somnii
314 624 591 701 vanannspeciem:
608 626 693 702 qnod
707 626 748 687 ad
763 642 918 703 quemque
932 626 1114 703 pertinebat,

134 727 260 773 suarum
273 708 477 771 auriumddei
489 707 648 771 minimum
660 710 832 783 credentes,
848 711 1008 786 proximos
1022 712 1113 774 inter·

133 796 293 871 rogabant
305 802 473 863 revocatus
484 809 609 870 praeco,
623 809 693 855 cum
703 791 921 871 uuusquisque
932 811 996 856 nou
1006 796 1114 857 audim

132 878 226 940 modo
247 877 305 939 sed
326 877 431 937 videre
450 875 598 939 libertatis
618 894 696 939 suae
709 879 847 940 nuntium
859 886 980 954 averet,
1005 878 1114 943 iterum

131 959 341 1038 pronuntiavit
355 961 472 1021 eadem
494 968 557 1021 tum
568 963 609 1022 ab
624 969 708 1023 certo
723 960 783 1024 iam
797 960 911 1037 gaudio
926 970 1029 1026 tantus
1044 980 1113 1025 cum

133 1043 267 1107 clamore
281 1045 475 1121 plausus-est
489 1051 574 1106 ortus
588 1043 765 1121 totiensque
784 1044 949 1121 repetitus,
969 1055 1008 1109 ut
1023 1046 1113 1109 tacite

131 1136 296 1206 appareret
309 1126 384 1188 nihil
396 1128 529 1189 omnium
540 1127 691 1191 bonorum
701 1128 883 1192 multitudini
893 1129 1009 1206 gratim
1021 1148 1112 1208 quam

132 1211 398 1275 libertatemesse.
419 1209 868 1289 tudinumndeiudeitaraptim
879 1223 1107 1291 peractumest,

132 1303 166 1359 ut
179 1298 292 1359 nuntius
312 1311 370 1358 uec
390 1295 484 1356 animi
505 1312 563 1357 nec
578 1296 659 1358 oculi
674 1299 853 1373 spectaculo
868 1296 976 1360 intenti
990 1308 1110 1363 essent:

132 1381 213 1443 adeo
235 1397 331 1442 unum
355 1379 500 1456 gandium
520 1390 807 1457 praeoccupaverat
826 1380 962 1444 omnium
983 1384 1110 1445 altarum

134 1479 262 1525 sensum
274 1464 484 1542 voluptatium.
524 1465 657 1528 XXXIII.
678 1464 760 1527 ludis
774 1481 850 1527 vero
865 1465 1002 1529 dimissis
1018 1483 1110 1531 cursu

134 1548 233 1624 prope
244 1550 487 1611 omnestendere
496 1549 538 1609 ad
547 1548 763 1625 imperatorem
769 1551 949 1623 Romaumn,
962 1559 996 1611 ut
1003 1559 1111 1612 ruente

133 1632 222 1693 turba
234 1629 371 1694 inunum
385 1631 480 1707 odire,
496 1632 674 1709 contingere
688 1633 828 1695 dextram
844 1632 1042 1709 cupientium,
1059 1649 1110 1694 co-

132 1732 225 1777 ronas
252 1716 479 1792 temntseosque
506 1714 697 1790 iacientium,
726 1716 809 1777 hand
834 1716 943 1791 procui
971 1714 1110 1791 periculo

132 1800 231 1861 tuerit
272 1801 409 1862 sederat
422 1799 513 1862 trium
527 1801 623 1862 terme
636 1807 669 1862 et
680 1799 801 1876 triginta
814 1815 980 1871 annorum3
996 1807 1027 1862 et
1042 1815 1109 1860 cum

130 1884 225 1945 robur
238 1882 390 1959 iuventae,
405 1892 468 1944 tum
483 1883 628 1959 gaudium
643 1899 682 1944 ex
698 1893 759 1946 um
771 1882 884 1961 insigni
895 1884 994 1961 gloria
1004 1892 1035 1946 et
1049 1885 1110 1946 tru-
1181 1894 1185 1900 '

131 1973 199 2030 etus
212 1966 296 2029 vires
307 1966 534 2042 suppeditabat.
556 1984 614 2029 nec
626 1984 776 2043 praesens
787 1970 998 2033 tantummodo
1009 1968 1109 2032 effusa

129 2060 179 2113 est
191 2049 316 2122 laetitia,
331 2051 389 2110 sed
403 2051 585 2124 permultos
599 2051 669 2110 dies
684 2052 778 2125 gratis
790 2060 821 2113 et
831 2053 1068 2130 cogitationibus
1080 2062 1110 2114 et

130 2131 327 2196 sermonibus
337 2139 501 2191 renovatae
517 2147 591 2193 esse
600 2133 734 2206 aliquam
744 2132 875 2195 interris
886 2132 1017 2210 gentem,
1030 2151 1110 2209 quae

130 2231 189 2276 sua
202 2215 352 2290 impensa,
368 2229 426 2275 sue
438 2214 543 2276 labore
558 2229 595 2274 ac
606 2214 745 2289 periculo
759 2217 840 2276 bella
852 2226 940 2291 gerat
949 2233 1007 2293 pro
1020 2216 1109 2277 liber-

128 2306 192 2361 tate
206 2299 351 2369 aliorum;
373 2314 431 2360 nec
445 2298 506 2360 hoc
520 2298 655 2359 finitimIs
671 2305 723 2360 aut
735 2298 931 2375 propinquae
944 2298 1108 2362 vicinitatis

127 2381 304 2444 hominibus
319 2390 373 2444 aut
381 2382 475 2444 terris
489 2380 658 2444 continenti
672 2381 784 2444 iunctis
799 2392 951 2459 praestet:
973 2385 1031 2446 sed
1045 2401 1108 2445 ma-

127 2466 175 2527 n'n
194 2463 327 2540 deiciat,
349 2484 390 2528 ne
411 2468 497 2542 quod
514 2474 577 2529 toto
600 2468 837 2529 orbeterrarum
851 2467 998 2530 iniustum
1012 2466 1108 2544 impe·

127 2551 208 2611 rium
221 2550 275 2624 sit,
291 2549 470 2627 ubiqueius
486 2552 533 2612 tas
547 2552 600 2612 lex
613 2552 829 2627 potentissima
843 2550 913 2613 sint.
952 2569 1015 2613 una
1028 2567 1108 2614 voce

129 2632 293 2711 praeconis
320 2633 464 2696 liberates
481 2633 585 2696 *omnis
606 2635 753 2697 Graeciae
773 2644 868 2712 atque
882 2635 983 2698 Asiae
1003 2636 1106 2698 urbes.

127 2718 189 2778 boc
204 2734 261 2792 spe
277 2718 442 2794 concipere
455 2719 583 2780 audacis
598 2719 691 2780 animi
706 2720 818 2795 tuisse,
840 2721 881 2781 ad
894 2719 1038 2782 effectum
1052 2721 1106 2780 ad·

127 2802 242 2862 ducere
256 2809 288 2863 et
298 2801 420 2864 uirtutb
432 2812 466 2863 ct
480 2804 619 2863 fortunae
633 2802 776 2878 ingentis.

209 2885 343 2947 XXXIV.
360 2886 536 2947 Secundum
547 2885 673 2947 labinia
681 2886 838 2960 Quinctius
848 2895 880 2948 et
892 2886 1001 2949 decem
1014 2885 1106 2962 legati

126 2967 298 3043 legationes
318 2986 425 3046 regum
446 2970 643 3046 gentiumque
663 2971 821 3031 audivere.
862 2969 952 3046 primi
961 2970 1106 3033 >omnium

124 3052 209 3127 rchs
218 3052 363 3114 Antiochi
370 3054 476 3114 uocati
490 3053 581 3129 iegati
597 3062 678 3116 sunt.
693 3053 737 3116 iis
749 3054 858 3115 eadem
870 3054 943 3129 tere,
957 3056 1105 3130 quaeRo·

126 3145 349 3213 musagorem,
373 3138 467 3198 verba
485 3138 552 3198 sine
566 3138 631 3199 tide
643 3155 746 3200 rerum
758 3136 943 3200 iaemntibus
955 3136 1029 3199 nihil
1044 3138 1105 3198 iam

125 3220 273 3294 perplexe
287 3230 321 3283 ut
335 3228 415 3295 ante,
432 3221 623 3283 emndubiae
633 3220 842 3284 resincolumi
854 3221 996 3298 Philippo
1006 3228 1103 3294 erant,

127 3301 183 3362 sed
193 3311 299 3378 aperte
311 3304 528 3379 denuntiatum,
540 3312 574 3366 ut
587 3308 752 3367 excederet
761 3305 857 3367 lisiae
870 3306 1007 3377 urbibus,
1023 3320 1104 3379 quae

125 3383 256 3461 Philippi
270 3395 323 3449 eut
335 3388 500 3451 Ptolemaei
513 3405 621 3466 regumn
641 3390 788 3464 inissent,
808 3389 976 3451 abstineret
997 3386 1103 3449 liberis

125 3464 317 3539 actuosus,
339 3491 400 3537 neu
414 3495 559 3556 umquam
574 3480 742 3539 lacesseret
752 3471 863 3534 umis:
889 3478 920 3534 et
933 3472 965 3532 in
979 3484 1059 3547 paee
1072 3476 1104 3529 et
