2600 4000
273 293 389 352 LIBER
402 292 522 351 lttxv.
544 291 627 350 cal).
642 299 686 350 aa.
702 298 744 351 ts.
768 297 804 364 [a.
820 296 853 350 c.
869 297 929 362 192]
1026 292 1089 356 213

110 447 137 505 sl
148 444 290 518 classem,
303 442 330 503 si
341 444 508 504 exercitum
519 442 635 502 amittat
644 414 805 516 Hannibal,
817 442 898 502 idem
909 443 1011 503 damni
1023 446 1090 506 lore

109 529 188 590 acsi
201 543 259 603 per
273 527 365 587 alium
380 527 490 586 ducem
506 526 693 604 amittantur:
716 525 742 586 si
765 525 839 601 quid
853 542 1004 602 prospere
1019 542 1090 588 eve-

110 611 187 687 niat,
200 610 380 671 Hannibalis
394 626 476 682 eam,
493 626 555 671 non
569 609 712 671 Antiochi
727 609 856 683 gloriam
870 611 947 670 lore.
972 611 999 671 si
1014 626 1089 672 vero

110 698 254 756 universo
274 695 355 756 bello
381 695 524 764 vincendi
545 695 702 756 Romanos
725 695 846 755 lortuna
867 695 970 769 detur,
997 711 1089 769 quam

62 800 64 803 ·
110 795 198 855 spem
213 794 284 840 esse
294 780 353 839 sub
364 794 437 854 rege
448 778 598 839 victurum
609 776 825 851 Hannibalem,
842 776 896 838 uni
908 777 1087 857 subiectum,

98 863 161 939 *qui
174 862 303 938 patriam
319 878 419 939 prope
433 878 495 923 non
510 862 631 923 tuleritt
651 878 714 923 non
734 861 776 922 ita
796 877 831 921 se
847 880 865 921 a
879 861 1003 937 iuventa
1020 878 1089 922 eum

107 947 261 1023 gessisse,
278 963 336 1022 spe
349 946 514 1022 animoque
530 948 724 1021 complexum
739 946 823 1007 orbis
834 946 1089 1022 terrarumimpe·

107 1030 199 1106 rium,
225 1036 259 1091 ut
278 1031 309 1090 in
335 1036 493 1092 senectute
514 1031 671 1093 dominum
696 1031 813 1091 laturus
834 1031 982 1090 videatur.
1015 1029 1086 1090 nihil

107 1130 187 1190 opus
203 1129 275 1176 esse
289 1115 354 1189 regi
370 1116 449 1176 duce
463 1115 650 1175 Hannibale:
676 1113 786 1174 comite
800 1121 830 1175 et
845 1113 1018 1175 consiliario
1035 1130 1090 1176 eo*

107 1199 177 1258 dem
197 1199 238 1258 ad
258 1198 370 1258 bellum
390 1199 433 1260 uti
454 1215 558 1274 posse.
588 1198 743 1259 modicum
764 1198 894 1260 fructum
910 1214 950 1258 ex
964 1198 1087 1274 ingenio

108 1281 158 1342 tali
173 1297 274 1358 neque
288 1297 414 1357 gravem
428 1298 528 1358 neque
542 1283 677 1344 inutilem
691 1284 772 1341 iore:
794 1282 822 1343 si
841 1298 961 1344 summa
981 1289 1087 1359 petan-

107 1373 163 1439 tur,
180 1372 210 1427 et
224 1366 346 1427 dantem
359 1373 389 1427 et
399 1366 599 1443 accipientem
611 1373 860 1442 praegravatum.
880 1366 983 1428 XLIII.
1005 1369 1088 1428 nulla

107 1448 227 1524 ingenia
240 1456 302 1510 tam
316 1465 414 1526 prona
428 1451 467 1510 ad
488 1450 632 1511 invidiam
654 1458 727 1512 sunt
741 1466 833 1527 quant
848 1467 954 1513 eorum
969 1451 1020 1527 qui
1034 1446 1087 1527 ge-

106 1549 165 1594 nus
180 1549 217 1595 ac
231 1535 385 1595 iomanem
399 1550 486 1595 suam
499 1534 607 1595 animis
623 1551 684 1597 nou
696 1541 844 1611 aequant,
862 1535 934 1609 quia
946 1535 1086 1595 virtutem

106 1624 137 1678 et
149 1618 266 1680 bonum
280 1618 412 1679 alienum
428 1619 567 1680 oderunt.
596 1621 751 1696 extemplo
773 1619 935 1681 consilium
949 1617 1086 1677 mittendi

106 1700 298 1776 Hannibalis,
320 1703 404 1778 quod
425 1719 520 1765 unum
540 1704 572 1764 in
592 1703 744 1779 principio
759 1702 831 1764 belli
846 1702 957 1762 utiliter
972 1700 1086 1774 cogita-

107 1792 262 1860 innuerat,
283 1786 434 1849 abiectum
454 1795 512 1849 est.
544 1788 747 1848 Demetriadis
769 1784 901 1844 maxime
915 1783 1086 1845 dueouone

106 1868 144 1928 ab
155 1869 302 1931 Romanis
317 1872 358 1931 ad
368 1872 496 1933 Aetolos
512 1872 611 1932 elatus
623 1887 685 1931 nou
697 1872 775 1930 ultra
787 1867 910 1928 differre
922 1867 1085 1955 proiectio-

105 1968 175 2013 nem
195 1955 226 2014 in
247 1954 406 2015 Graeciam
427 1954 591 2017 constituit.
623 1955 804 2030 priusquam
825 1953 959 2015 solveret
977 1967 1084 2029 naves,

108 2037 190 2098 {lirun
206 2037 314 2096 amari
329 2038 482 2111 escendit,
503 2044 537 2098 ut
551 2033 708 2098 Minervae
729 2036 926 2098 sacrificaret.
953 2037 1025 2097 inde
1042 2039 1084 2099 ad

107 2120 238 2178 classem
258 2134 420 2194 regressus
442 2120 647 2194 proficiscitur
671 2120 872 2195 quadraginta
890 2120 978 2181 tectis
1000 2122 1085 2182 navi-

105 2201 179 2275 bus,
195 2201 310 2277 apertis
325 2203 501 2277 sexaginta,
517 2209 547 2262 et
562 2203 713 2263 ducentae
729 2204 887 2263 onerariae
902 2219 971 2264 cum
986 2205 1084 2265 omnis

105 2284 228 2361 generis
244 2293 416 2347 commeatu
431 2287 603 2362 bellicoque
622 2287 684 2349 alio
702 2294 852 2363 apparatu
866 2289 1084 2363 sequebantur.

105 2369 237 2431 Imbrum
252 2370 349 2446 primo
362 2370 491 2431 insulam
503 2370 613 2441 tenuit;
634 2372 707 2433 inde
720 2370 875 2433 Sciathnm
885 2372 1010 2433 traiecit.
1032 2373 1083 2433 ubi

105 2455 241 2515 collectis
252 2455 282 2514 in
295 2457 355 2516 alto
368 2472 448 2531 quae
459 2455 628 2531 dissipatae
639 2462 726 2517 eraut
736 2455 882 2531 navibus,
898 2457 938 2516 ad
948 2455 1082 2518 Pteleum

105 2537 235 2616 primum
245 2540 426 2601 continentis
438 2539 529 2601 venit.
552 2538 593 2599 ibi
602 2540 799 2620 Eurylochus
811 2541 838 2601 ei
849 2540 1083 2615 Magnetarches

105 2620 324 2700 principesque
334 2623 508 2699 Magnetum
519 2624 557 2684 ab
569 2624 762 2686 Demetriade
774 2630 989 2695 occurrerunt;
1006 2641 1083 2700 quo·

105 2722 172 2767 rum
186 2705 356 2782 frequentia
375 2708 473 2782 laetus
495 2708 545 2767 die
566 2715 692 2782 postero
710 2710 741 2768 in
762 2715 884 2783 portum
898 2709 984 2769 urbis
999 2709 1083 2769 navi—

104 2789 163 2849 bus
179 2796 227 2850 est
240 2790 395 2865 invectus,
417 2791 525 2867 copias
545 2790 627 2851 haud
643 2794 751 2867 procul
766 2793 838 2852 inde
852 2792 1004 2866 exposuit.
1028 2793 1082 2852 de·

103 2888 171 2932 cem
181 2872 264 2934 milia
274 2873 410 2949 peditum
422 2874 708 2950 luereetquIngenti
716 2875 845 2950 equites,
854 2890 911 2936 sex
919 2875 1081 2950 elephanti,

103 2954 154 3017 vix
171 2957 211 3017 ad
225 2957 383 3018 Graeciam
396 2959 510 3019 nudam
525 2959 738 3033 occupandam
752 2960 827 3020 satis
840 2958 1012 3035 copiarum,
1028 2976 1082 3019 ne·

103 3041 175 3101 dum
191 3042 231 3102 ad
245 3039 457 3102 sustinendum
470 3044 640 3103 Romanum
654 3043 776 3104 bellum.
858 3081 861 3086 ·

185 3126 303 3199 Aetoli,
325 3133 491 3202 postquam
506 3126 731 3187 Demetriadem
752 3126 876 3187 venisse
894 3126 1080 3187 Antiochum

104 3208 236 3271 adlatum
256 3216 317 3284 est,
343 3209 472 3271 coneilio
493 3208 607 3271 indicto
628 3211 784 3272 decretum
806 3227 867 3286 quo
889 3215 1082 3271 arcesserent
1200 3281 1202 3285 v

103 3306 173 3351 eum
187 3293 333 3355 lecerunt
355 3294 416 3355 iam
428 3296 585 3370 proiectus
600 3295 639 3355 ab
654 3294 847 3356 Demetriade
856 3310 932 3374 rex,
953 3294 1026 3371 quia
1039 3292 1082 3354 ita

103 3375 282 3440 decreturos
297 3379 429 3454 sciebat,
442 3377 571 3439 Phalara
583 3378 614 3438 in
630 3377 730 3439 sinum
740 3378 903 3440 Maliacum
916 3391 1080 3454 processe-

102 3465 159 3520 rat.
182 3460 253 3521 inde
266 3462 390 3524 decreto
405 3469 534 3538 accepto
545 3461 681 3522 Lamiam
691 3461 788 3534 venit,
805 3468 955 3538 exceptus
966 3457 1079 3536 ingenti

103 3545 210 3606 lavore
224 3545 421 3607 multitudinis
437 3562 505 3606 cum
519 3544 681 3624 plausibus
693 3544 954 3621 clamoribusque,
968 3549 999 3605 et
1013 3540 1078 3617 qui·
