2600 4000
271 218 386 281 LlBElt
400 217 548 278 xxxvll.
570 216 770 278 CAP.10.11.
791 216 828 294 [a
841 223 873 274 c.
889 220 951 298 190]
1042 218 1104 282 269

124 369 244 433 lateret
272 369 359 430 mittit
373 369 413 429 ad
428 384 499 429 eum
512 365 666 430 hominem
681 375 711 428 et
726 366 768 426 illi
782 375 901 442 notum,
924 368 977 443 qui
991 369 1106 434 diceret

124 465 155 516 et
175 470 211 516 se
223 453 411 515 Pausistrato
431 451 612 528 patriasque
634 466 711 511 suae
729 466 841 526 magno
858 450 944 525 usui,
965 452 993 512 si
1006 453 1105 529 liceat,

124 539 207 608 lore3
230 543 260 598 et
274 554 293 598 a
305 536 495 598 Pausistrato
517 551 553 596 se
573 534 692 596 restitui
711 533 742 594 in
756 532 886 611 patriam
901 549 1007 611 posse.
1036 552 1106 599 cum

125 637 260 698 quonam
278 621 371 681 modo
391 635 430 681 ea
448 618 515 681 fieri
536 625 667 694 possent
686 618 886 681 mirabundus
899 617 1106 682 Pausistratus

124 710 388 783 percunctaretur,
409 703 503 765 fldem
524 702 639 779 petenti
653 701 738 762 dedit
753 703 892 778 agendae
906 704 1107 766 communiter

123 790 169 850 rei
189 796 243 850 aut
261 788 413 864 tegendae
433 787 563 849 silentio.
596 794 660 847 tum
680 784 882 848 internuntius
896 784 1013 861 regiam
1027 790 1105 848 elas·

123 889 190 935 sem
204 877 258 934 aut
271 878 364 934 totam
379 877 432 932 eut
445 871 591 933 maiorem
602 871 670 931 eius
685 876 803 946 purtem
812 870 1035 949 Polyxenidam
1045 877 1106 933 tra·

123 958 255 1019 diturum
266 957 311 1017 eia
331 955 460 1032 pretium
474 954 548 1016 tanti
559 953 656 1015 meriti
667 954 783 1015 nullum
794 953 877 1016 aliud
887 954 1005 1030 pacisci
1016 971 1107 1031 quarn

122 1041 253 1103 reditum
268 1040 298 1100 in
313 1039 451 1116 patriam.
478 1039 655 1114 magnitudo
670 1036 716 1098 rei
730 1053 789 1099 nec
802 1044 836 1099 ut
850 1038 990 1099 crederet
1002 1054 1060 1100 nec
1074 1045 1105 1100 ut

123 1131 341 1201 aspernaretur
351 1124 432 1184 dicta
441 1123 545 1184 allicit.
563 1121 768 1183 Panhormum
780 1120 1011 1185 Samieeterrae
1021 1124 1105 1199 petit,

123 1209 228 1284 ibique
255 1208 296 1268 ad
320 1208 544 1283 explorandam
562 1222 628 1267 rem
650 1222 731 1282 quae
751 1207 854 1268 oblata
874 1214 941 1268 eret
962 1207 1104 1268 substitit.

123 1295 203 1354 ultro
226 1292 365 1367 citroque
384 1291 482 1353 nuntii
503 1306 644 1361 cursare;
667 1306 726 1350 nec
739 1290 819 1351 tides
833 1298 904 1351 ante
917 1289 1105 1353 Pausistrato

124 1378 205 1437 laeta
219 1384 275 1451 est,
291 1393 382 1452 quam
397 1391 501 1437 coram
516 1375 621 1437 nuntio
635 1374 702 1436 eius
716 1374 926 1452 Polyxenidas
941 1392 1106 1437 saumana

124 1459 249 1536 scripsit
268 1475 304 1521 se
327 1476 365 1522 ea
385 1475 466 1535 quae
486 1460 640 1535 pollicitus
661 1465 746 1520 esset
766 1460 930 1532 lecturum,
952 1460 1106 1535 signoque

124 1559 182 1605 suo
196 1544 366 1622 impressas
376 1543 505 1606 tabellas
517 1544 607 1605 misit.
631 1559 669 1605 eo
680 1559 754 1604 vero
765 1544 895 1620 pignore
909 1545 991 1604 velut
1002 1551 1105 1604 aucto·

123 1635 223 1689 ratum
237 1628 296 1690 sibi
310 1629 498 1705 proditorem
511 1634 597 1690 ratus
612 1634 674 1688 est:
696 1643 798 1703 neque
810 1628 889 1687 enirn
901 1641 972 1686 eum
983 1627 1036 1702 qui
1047 1627 1106 1687 sub

123 1726 196 1787 rege
222 1713 354 1786 viveret,
381 1712 616 1775 commissurum
641 1711 755 1785 luisse,
779 1716 813 1770 ut
836 1710 988 1770 adversus
1010 1718 1107 1770 semet

124 1801 225 1872 ipsam
239 1797 352 1857 indicia
366 1814 458 1858 manu
478 1814 536 1859 sua
548 1802 660 1857 testata
674 1795 770 1854 daret.
805 1792 877 1852 inde
890 1793 967 1853 ratio
983 1793 1106 1853 simula-

124 1888 175 1940 tae
195 1881 379 1957 proditionis
395 1880 576 1956 composita.
611 1876 746 1939 omnium
761 1891 796 1935 se
809 1892 911 1936 rerum
926 1891 1107 1952 apparatam

123 1964 309 2027 omissurum
319 1963 528 2040 Polyxenidas
543 1961 662 2031 dicere;
683 1976 746 2022 non
756 1959 911 2036 remigem,
927 1976 988 2021 non
1001 1960 1106 2022 socios

123 2048 243 2109 navalis
255 2047 296 2106 ad
307 2048 440 2107 classem
452 2046 619 2120 frequentis
629 2043 811 2120 habitururn,
819 2045 1040 2107 subducturum
1051 2061 1107 2122 per

124 2128 349 2192 simulationem
367 2128 527 2189 reficiendi
546 2128 696 2204 quasdam
710 2143 821 2203 naves,
843 2128 919 2189 alias
935 2129 964 2189 in
980 2130 1105 2205 propin·

126 2229 206 2292 quos
226 2219 335 2289 portus
355 2211 566 2286 dimissurum,
588 2227 706 2288 paucas
725 2219 796 2273 ante
809 2219 932 2289 portum
945 2211 1061 2288 Ephesi
1076 2213 1106 2272 in

5 2344 6 2359 ,
124 2298 191 2359 salo
206 2295 388 2371 habiturum,
405 2311 492 2372 quas,
508 2296 536 2357 si
547 2296 632 2356 exire
641 2311 693 2357 res
705 2304 838 2372 cogeret,
853 2296 1029 2357 obiecturus
1041 2311 1106 2356 cer-

5 2362 6 2421 i
123 2381 227 2444 tamiri
247 2382 334 2443 soret
368 2396 461 2457 quam
481 2380 702 2456 neglegentiam
716 2381 939 2459 Polyxenidam
959 2381 990 2440 in
1006 2381 1107 2441 classe

125 2483 183 2528 sua
202 2465 376 2526 habiturum
392 2464 600 2527 Pausistratus
622 2466 751 2540 audivit,
774 2480 842 2525 eam
863 2465 932 2540 ipse
952 2464 1106 2540 extemplo

124 2548 238 2612 habuit.
274 2556 394 2626 partem
408 2550 531 2611 navium
546 2549 587 2609 ad
601 2555 789 2610 commeatus
803 2549 1010 2609 arcessendos
1024 2548 1106 2608 Hali·

124 2649 313 2708 carnassum,
329 2649 399 2694 cum
410 2631 444 2672 **
454 2642 572 2709 partem
584 2632 709 2694 Samum
723 2633 764 2694 ad
777 2633 886 2695 urbem
900 2633 990 2709 misit,
1004 2638 1038 2692 ut
1051 2648 1106 2707 pa-

123 2724 210 2778 ratus
229 2723 329 2791 esset,
351 2732 420 2777 cum
441 2717 562 2792 signum
582 2717 783 2791 adgrediendi
805 2717 998 2793 aproditore
1019 2731 1107 2776 acce-

126 2800 231 2876 pisset.
253 2798 462 2877 Polyxenidas
477 2814 591 2873 augere
605 2800 777 2861 simulando
789 2815 940 2861 errorem:
964 2798 1106 2861 subducit
1193 2801 1197 2806 '

125 2883 277 2959 quasdem
287 2898 393 2958 naves,
408 2882 485 2943 alius
499 2885 584 2944 velut
598 2883 805 2944 subducturus
817 2890 910 2956 esset,
926 2883 1047 2960 navabo
1058 2898 1106 2943 re·

124 2967 202 3038 heiu
226 2966 357 3041 remiges
372 2982 412 3027 ex
427 2965 563 3027 hibernis
576 2982 638 3027 non
649 2966 808 3041 Ephesum
819 2968 957 3043 arcessit,
973 2967 1029 3029 sed
1040 2967 1105 3027 Ma-

123 3051 262 3127 gnesiam
284 3051 403 3111 occulte
425 3049 515 3125 cogit.
546 3050 597 3110 XI.
620 3050 698 3112 rorte
713 3050 837 3126 quidam
850 3051 993 3113 Antiochi
1007 3052 1105 3125 miles,

125 3151 196 3197 cum
211 3133 336 3196 Samum
348 3134 393 3194 rei
407 3134 545 3210 privatae
560 3150 655 3195 causa
668 3135 821 3210 venisset,
842 3151 897 3211 pro
911 3136 1106 3210 speculatore

124 3218 338 3294 deprehensus
366 3217 527 3279 deducitur
550 3217 754 3280 Panhormum
782 3219 823 3280 ad
848 3221 1044 3295 praelectum.
1077 3217 1104 3278 is

126 3302 348 3376 percunctanti,
374 3302 449 3377 quid
469 3302 585 3378 Ephesi
608 3310 764 3378 ageretur,
790 3304 938 3365 incertum
963 3310 1045 3364 metu
1065 3317 1104 3362 an

127 3399 201 3460 erga
222 3400 297 3447 suos
317 3385 401 3446 haud
422 3385 543 3446 sincera
562 3386 639 3458 lide,
662 3387 763 3446 omnia
777 3388 889 3462 aperit:
913 3389 1045 3448 classem
1059 3385 1104 3444 irr-
1128 3392 1133 3401 '

127 3475 271 3530 sunctum
286 3475 485 3545 paratamque
500 3469 528 3528 in
545 3476 636 3544 portu
651 3477 748 3542 stare,
763 3472 921 3544 remigium
936 3485 1026 3530 omne
1040 3468 1104 3526 hla-
