2600 4000
256 264 258 268 ·
314 236 429 297 nlBER
438 238 559 298 XXXV.
582 238 665 298 che.
679 246 725 300 29.
738 245 782 300 30.
806 246 842 312 [a.
855 245 887 297 C.
903 247 963 313 192]
1064 240 1124 306 201

32 378 37 384 ’
147 389 237 450 dietis
253 388 383 464 perfuga
396 388 481 462 lecit,
503 404 595 462 quam
610 390 756 464 perculso
772 395 855 450 metu
867 390 1060 466 relinquendi
1075 408 1125 453 oa·

147 481 212 534 stra
223 488 348 533 oausam
361 472 549 547 probabilem
561 469 710 547 praebuit.
726 479 852 548 postero
865 472 915 532 die
921 473 1123 551 Pythagoram

147 573 217 617 oum
238 555 435 617 auxiliaribus
456 561 487 615 et
507 555 642 630 equitatu
663 554 825 616 stationem
845 571 937 630 agere
961 574 1017 636 pro
1043 561 1121 621 vallo

147 638 255 710 iussit:
290 639 359 715 ipse
383 646 538 714 tamquam
561 637 592 699 in
618 640 716 700 aciem
740 656 811 701 eum
834 639 948 703 robore,
971 641 1123 703 exereitus

145 739 291 800 egressus
307 724 395 798 signa
409 723 496 783 ocius
517 723 588 783 lerri
608 723 646 783 ad
662 723 769 784 urbem
783 722 881 785 iussit
912 724 1002 784 XXX.
1024 723 1123 786 Philo·
1167 799 1170 804 1

145 823 276 884 poemen
291 813 456 883 postquam
477 806 598 868 simiam
624 822 732 881 agmen
756 823 811 883 per
831 815 992 883 angustam
1007 814 1038 868 et
1051 825 1122 882 pro·

144 891 253 952 olivem
264 890 349 951 viam
363 891 433 951 duci
447 891 556 967 raptim
571 889 663 964 vidit,
684 891 851 965 equitatum
870 906 992 951 omnem
1008 899 1037 953 et
1052 891 1121 951 Cre-

144 975 274 1037 tensium
290 973 454 1035 auxiliares
469 975 499 1034 in
513 974 675 1035 stationem
688 974 835 1049 hostium,
852 989 932 1050 quae
943 991 1001 1049 pro
1013 975 1121 1036 eastris

97 1110 103 1121 .
143 1067 223 1134 erat,
243 1058 357 1120 emittit.
386 1058 427 1116 llli
449 1058 501 1118 ubi
520 1056 753 1140 hostis-adosse
770 1065 800 1118 et
813 1074 833 1118 a
847 1058 913 1119 suis
929 1075 963 1119 se
979 1059 1119 1121 desertos

141 1143 298 1217 viderunt,
314 1141 413 1217 primo
428 1141 458 1201 iu
473 1149 574 1202 eastra
586 1142 726 1217 recipere
739 1158 776 1202 se
791 1142 891 1203 eonati
906 1151 993 1213 sunt3
1008 1143 1120 1204 deinde

145 1233 308 1303 postquam
329 1226 477 1285 instructa
498 1225 581 1285 acies
602 1231 666 1286 tola
678 1225 874 1287 Achaeorum
890 1226 1114 1299 admovebatur,

142 1319 224 1371 melu
248 1325 287 1369 no
311 1324 380 1368 oum
405 1307 482 1382 ipsis
509 1307 616 1369 eastris
648 1316 845 1385 caperentur,
880 1310 969 1385 sequi
994 1327 1121 1372 suorum

85 1435 88 1439 ·
142 1409 252 1469 minen
268 1392 456 1466 aliquantum
472 1408 687 1468 praegressum
701 1393 853 1474 insistunt
880 1396 1034 1469 extemplo
1050 1411 1117 1456 cae·

142 1478 210 1539 trati
223 1476 419 1538 Achaeorum
440 1476 471 1536 in
488 1482 587 1537 eastra
607 1477 751 1552 impetum
773 1477 888 1538 laoiuol
907 1485 937 1538 et
956 1477 1115 1554 diripiunt-

143 1561 234 1622 eeteri
250 1560 289 1620 ad
304 1561 537 1636 persequendos
552 1560 659 1622 hostes
673 1559 717 1622 ire
732 1569 870 1637 pergunt.
899 1568 965 1626 erat
979 1562 1035 1621 iter
1047 1562 1117 1631 tale,

21 1648 23 1651 ’
143 1661 199 1720 per
212 1646 297 1720 quod
312 1645 363 1704 vix
378 1645 570 1720 tranquillum
585 1644 626 1704 ab
640 1644 743 1705 hostili
758 1651 840 1705 metu
854 1659 963 1719 agmen
979 1641 1119 1719 expediri
1270 1709 1273 1714 ,

143 1736 263 1804 posset:
284 1736 412 1789 atvero
434 1729 474 1788 ad
494 1736 667 1804 postremos
688 1728 838 1803 proelium
855 1734 953 1787 ortum
973 1733 1035 1801 est,
1056 1729 1117 1789 ela·
1205 1756 1208 1761 >

142 1805 275 1887 morque'
284 1812 424 1873 terribilis
439 1812 478 1871 ab
492 1818 578 1886 tergo
590 1811 769 1886 'paventium
789 1810 830 1875 ad
851 1809 948 1885 prima
968 1810 1057 1884 signa
1071 1818 1117 1873 est

142 1898 292 1971 perlatus,
314 1912 369 1969 pro
391 1910 427 1954 se
443 1894 575 1968 quisque
595 1893 693 1953 armis·
711 1892 838 1953 abiectis
859 1893 890 1952 in
906 1893 1116 1954 circumiectas

141 1978 240 2040 itineri
254 1978 347 2038 silvas
363 1975 539 2050 diffugiunt,
557 1985 781 2051 momentoque,
790 1976 936 2053 temporis
952 1983 1054 2053 strage
1068 1995 1115 2039 ar-

141 2076 259 2121 morum
280 2067 388 2134 saepta
407 2058 458 2117 via
477 2065 538 2132 est,
560 2060 692 2119 maxime
712 2059 824 2134 hastiS,
850 2077 929 2135 quae
951 2064 1117 2136 pleraeque

141 2143 293 2202 adversae
312 2142 457 2202 cadentes
477 2141 560 2201 velut
580 2143 661 2202 vallo
683 2142 803 2220 obieeto
824 2143 881 2203 iter
902 2144 1115 2219 impediebant.

140 2224 373 2302 Philopoemen,
388 2230 553 2299 utcumque
567 2232 711 2300 possent,
732 2226 846 2295 instare
860 2233 890 2287 et
903 2227 1049 2301 persequi
1064 2243 1114 2288 au-

141 2308 298 2370 xiliaribus
318 2308 412 2370 iussis
426 2341 468 2352 —
481 2308 587 2382 utique
615 2309 695 2369 enim
720 2310 873 2384 equitibus
894 2310 977 2371 haud
997 2310 1116 2371 facilem

140 2395 271 2455 loturam
287 2395 389 2469 lugam
402 2421 459 2466 -,
480 2392 549 2469 ipse
562 2394 687 2468 gravius
704 2409 813 2469 agmen
829 2393 878 2456 via
892 2392 1117 2470 patentioread

125 2478 274 2540 ,Eurotan
295 2492 415 2538 amnem
434 2477 571 2537 deduxit.
602 2475 643 2537 ibi
665 2476 773 2539 eastris
794 2479 862 2539 sub·
874 2493 1020 2539 oceasum
1039 2477 1115 2538 solis

140 2562 250 2638 positis
266 2563 364 2644 levem
384 2568 581 2633 armaturam,
604 2578 696 2636 quam
717 2562 757 2621 ad
777 2563 1026 2638 persequendum
1045 2561 1116 2622 reli-

141 2651 250 2721 querat
263 2644 397 2718 hostem,
413 2645 638 2720 opperiebatur.
661 2646 713 2720 qni
727 2646 779 2706 ubi
794 2647 892 2722 prima
905 2645 1009 2721 vigilia
1022 2659 1114 2705 vene·

140 2736 225 2799 runt,
246 2728 420 2789 nuntiantes
441 2734 605 2802 tyrannum
626 2744 696 2788 eum
716 2730 824 2804 paneis
845 2731 885 2789 ad
899 2730 1006 2790 urbem
1021 2743 1111 2804 pene

140 2819 248 2881 trasse,
257 2808 615 2873 aeterammultitudinem
626 2811 772 2871 inermem
782 2818 845 2872 toto
857 2829 998 2893 sparsam
1010 2811 1115 2887 vagari
1149 2888 1151 2893 s

139 2898 234 2970 satu,
250 2910 382 2970 eorpora
396 2910 504 2955 aurare
518 2909 573 2955 eos
590 2894 684 2956 iubet..
705 2895 773 2975 ipse
787 2910 826 2955 ex
840 2895 1047 2972 eeteraaopia
1059 2895 1114 2963 mi-

140 2980 238 3052 litum
255 2978 308 3053 qui
324 2976 397 3054 quia
412 2977 531 3053 priores
545 2979 576 3038 in
592 2984 693 3039 eastra
706 2985 865 3052 venerant,
879 2979 985 3039 relecti
1001 2986 1032 3040 el
1045 2979 1114 3041 cibo

139 3072 260 3140 sumpto
279 3071 310 3124 et
330 3062 452 3123 modiea
473 3061 574 3137 quiete
595 3070 694 3137 erant,
721 3063 874 3136 delentos,
899 3062 972 3122 nihil
994 3070 1115 3138 praeter

138 3148 258 3222 gladios
274 3163 378 3208 seeum
394 3146 533 3221 ferentis,
548 3149 701 3229 extemplo
717 3146 834 3221 educit,
855 3154 886 3207 el
900 3146 1027 3207 duarum
1042 3162 1114 3222 por·

140 3238 235 3290 tarum
259 3231 432 3303 itineribus,
463 3246 542 3306 quae
566 3229 681 3290 Pharas
706 3246 848 3307 quaeque
872 3230 1114 3292 Barbosthenem
1230 3248 1233 3253 ·

141 3314 254 3388 lerunt,
267 3330 324 3375 eos
339 3314 494 3387 instruxit,
519 3330 634 3404 quaxex
648 3315 721 3389 luga
734 3321 914 3394 recepturos
929 3329 1002 3375 sese
1015 3313 1114 3373 hostis

140 3398 293 3458 eradebat
326 3412 383 3457 nee
406 3413 477 3458 eum
502 3398 607 3472 opinio
633 3397 746 3458 lelellit.
780 3414 850 3459 nam
869 3394 1114 3466 Lacedaemonii,

70 3511 74 3517 ·
140 3481 246 3557 quoad
266 3480 342 3541 lueis
363 3480 513 3557 superfuit
534 3480 714 3555 quiequam,
740 3481 837 3541 deviis
863 3481 991 3541 nabibus
1012 3477 1114 3537 medio
