2600 4000
219 251 283 312 aba
324 248 440 310 LIBER
454 244 601 309 XXXVII.
623 242 707 308 che.
721 252 766 307 48„
776 251 820 307 49.
834 253 876 305 bd.
901 249 937 317 [a.
950 248 984 301 U.
997 265 1021 305 ο.
1033 248 1097 315 563]

221 404 287 465 stris
302 402 410 477 legatis
425 415 474 472 se,
497 399 549 476 qui
564 414 634 460 curn
647 399 776 460 consule
790 398 911 472 luerint,
929 394 1077 459 certiores
1093 397 1209 459 tactos.

221 486 353 551 rumoris
374 484 467 545 huius
482 483 555 559 quia
568 481 719 543 nemiuem
733 481 826 542 olium
840 488 997 542 auctorem
1010 478 1129 555 habeo,
1152 496 1208 541 ne-

223 587 285 650 que
305 569 534 631 adfirmatores
556 581 624 627 mea
646 565 792 641 opinione
812 563 852 627 sit
870 580 928 626 nec
949 580 1006 640 pro
1021 580 1103 625 vana
1115 580 1209 640 prae

222 654 374 719 termissa.

305 738 406 799 xiix.
438 735 539 796 Aetoli
561 732 652 810 legati
672 733 702 793 ln
723 739 862 795 senatum
884 731 1063 805 introducti,
1086 748 1159 795 cum
1181 742 1212 795 et

225 839 320 886 causa
340 836 396 882 eos
416 836 474 880 sua
493 826 524 880 et
543 820 665 879 lortuna
683 817 871 891 hortaretur,
896 824 929 878 ut
951 816 1127 877 confitendo
1151 833 1212 879 seu

224 911 334 984 culpae
348 920 405 965 scu
419 903 515 965 errori
529 902 649 963 veniam
663 907 803 977 peterent
816 901 984 977 supplices,
1000 899 1064 961 orsi
1078 917 1098 961 a
1112 901 1211 962 bene·

224 991 303 1053 ficiis
322 990 353 1049 ln
378 988 524 1063 populum
538 987 725 1060 Romanum,
747 992 777 1045 ot
790 1000 891 1061 prope
904 984 1129 1061 exprobrantes
1145 984 1210 1045 vir-

223 1082 318 1136 tutem
338 1087 425 1132 suam
445 1071 477 1131 in
490 1069 619 1147 Philippi
638 1070 735 1143 bello,
757 1076 788 1130 et
807 1067 1002 1130 offenderunt
1015 1084 1108 1130 aures
1122 1068 1210 1130 inso-

224 1155 317 1217 lentia
331 1153 497 1229 sennodio,
512 1162 543 1216 et
556 1170 594 1215 eo
609 1160 715 1214 vetera
727 1160 759 1213 et
773 1152 944 1215 oblitterata
957 1153 1128 1230 repetendo
1143 1168 1212 1214 rem

225 1240 434 1312 adduxerunt,
455 1245 489 1298 nt
509 1238 589 1299 haud
613 1239 705 1314 paulo
720 1237 851 1313 plurium
865 1237 1086 1299 maleficiorum
1107 1236 1211 1311 gentis

226 1340 318 1401 quam
338 1322 558 1383 beneficiorum
578 1322 725 1382 memoria
744 1320 862 1383 subiret
881 1320 999 1383 animos
1021 1327 1159 1396 patrum,
1181 1330 1212 1383 et

226 1407 339 1486 quibus
359 1405 569 1466 misericordia
589 1422 669 1482 opus
690 1412 769 1479 erat,
790 1405 866 1467 barn
880 1413 911 1467 et
928 1406 1032 1467 odium
1046 1404 1211 1466 imitarent

226 1490 401 1567 interrogati
423 1488 461 1550 ab
478 1505 540 1549 uno
556 1495 714 1564 senatore,
737 1489 982 1565 permitterentne
996 1488 1156 1550 arbitrium
1172 1490 1211 1550 de

227 1592 263 1639 sc
276 1577 394 1653 populo
407 1574 562 1643 Romano,
587 1572 699 1634 deinde
712 1572 752 1633 ab
767 1574 878 1647 altero,
894 1573 1065 1635 habiturine
1078 1574 1211 1634 eosdem

228 1677 307 1739 quos
330 1658 465 1737 populus
479 1659 636 1720 Romanus
651 1657 756 1719 socios
772 1664 803 1719 et
815 1658 915 1720 hostis
938 1663 1057 1734 essent,
1078 1657 1156 1719 nihil
1171 1657 1210 1718 ad

228 1762 265 1807 ea
285 1745 510 1821 respondentes
531 1741 636 1818 egredi
650 1742 764 1817 templo
778 1742 856 1803 iussi
873 1750 952 1804 sunt.
985 1744 1211 1806 conclamatum

228 1828 340 1890 deinde
354 1843 453 1905 prope
467 1828 507 1888 ab
521 1827 667 1889 universo
679 1833 788 1887 senatu
799 1833 846 1887 est
860 1832 942 1889 totos
953 1826 1055 1888 adhuc
1065 1824 1211 1886 Antiochi

227 1913 357 1973 Aetolos
372 1927 453 1985 esse,
476 1917 560 1972 etex
575 1911 666 1973 unica
680 1926 718 1971 ea
732 1926 790 1985 spe
808 1912 943 1985 pendere
957 1912 1076 1973 animos
1091 1924 1211 1971 eorum.

228 1996 332 2071 itaque
349 1996 462 2057 bellum
488 2012 557 2057 cum
578 1995 661 2056 haud
675 1993 776 2057 dubiis
796 1994 937 2057 hostibus
956 1993 1125 2071 gerendum
1139 2010 1212 2070 per·

230 2080 467 2156 domandosquo
483 2080 605 2142 feroces
619 2080 739 2141 animos
755 2095 836 2140 esse.
864 2081 916 2140 illa
930 2080 1020 2140 etium
1033 2094 1085 2140 res
1100 2093 1210 2139 accen·

229 2164 281 2241 dit,
297 2165 381 2241 quod
396 2179 434 2224 eo
450 2165 520 2240 ipso
533 2169 688 2240 tempore,
711 2180 772 2241 quo
787 2179 895 2239 paoem
911 2165 950 2224 ab
964 2163 1111 2226 Romanis
1126 2168 1211 2238 pete·

228 2248 317 2324 bant,
339 2249 490 2325 Dolopiae
510 2256 602 2323 atque
616 2247 816 2310 Athamaniae
831 2246 943 2309 bellum
958 2247 1139 2309 inferebant.
1162 2261 1211 2307 se

229 2342 320 2395 natus
341 2335 512 2396 consultum
528 2333 559 2392 in
573 2332 623 2391 Μ’.
638 2330 728 2393 Acilii
742 2331 938 2407 sententiam,
957 2331 1010 2408 qui
1024 2330 1212 2392 Antiochum

230 2419 420 2492 Aetolosque
442 2415 609 2490 devicerat,
628 2418 742 2476 lactum
761 2423 823 2491 est,
843 2422 878 2477 ut
889 2415 992 2477 Aetoli
1007 2431 1044 2477 eo
1060 2415 1111 2475 die
1125 2414 1210 2475 iube

229 2508 334 2561 rentur
354 2499 509 2574 proticisci
530 2498 569 2559 ab
583 2498 661 2558 urbe
673 2504 705 2558 et
718 2498 797 2559 intra
812 2501 947 2577 quintum
963 2499 1114 2561 decimum
1129 2498 1209 2559 diem

228 2581 314 2644 ltalia
328 2582 490 2642 excedere.
511 2583 549 2642 A.
561 2581 719 2642 Terentius
733 2582 832 2646 Varro
848 2585 888 2645 ad
904 2583 1139 2646 custodiendum
1155 2582 1212 2642 iter

229 2680 335 2727 eorum
351 2664 481 2737 missus,
498 2664 784 2743 denuntiatumque,
800 2668 827 2729 si
841 2685 904 2744 que
918 2668 1030 2730 deinde
1043 2666 1156 2743 legatio
1172 2681 1210 2725 cx

229 2748 363 2821 Aetolis,
388 2747 448 2808 nisi
469 2748 623 2825 permissu
644 2749 837 2825 imperatoris
859 2753 911 2828 qui
932 2769 1000 2814 eam
1022 2749 1210 2827 provinciam

230 2832 394 2907 obtineret,
416 2840 447 2894 et
467 2850 537 2895 oum
557 2835 657 2910 legato
672 2836 811 2898 Romano
832 2836 970 2898 venisset
989 2838 1133 2910 Romam,
1155 2851 1210 2910 pro

231 2916 373 2978 hostibus
389 2915 489 2979 omnis
504 2919 633 2981 laturos.
656 2919 697 2981 ita
711 2920 829 2980 dimissi
843 2920 953 2982 Aetoli.

313 3001 348 3061 L.
369 3003 415 3062 De
430 3002 598 3079 provinciis
613 3003 725 3064 deinde
736 3006 881 3066 consules
893 3005 1086 3066 rettulerunt=
1108 3001 1211 3063 sortiri

230 3099 285 3144 eos
307 3084 458 3147 Aetoliam
482 3093 513 3147 et
531 3086 637 3147 Asiam
663 3089 790 3163 placuit3
824 3095 854 3149 et
878 3087 930 3164 qui
952 3088 1059 3151 Asiam
1084 3085 1211 3149 sortitus

230 3174 329 3241 esset,
352 3170 504 3230 exercitus
519 3170 547 3229 ei
569 3186 661 3245 quem
673 3171 707 3231 L.
724 3171 827 3248 Scipio
847 3171 976 3234 haberet
995 3180 1044 3233 est
1058 3172 1211 3246 decretus,

230 3258 261 3311 et
274 3251 304 3311 in
320 3265 388 3312 enm
404 3255 649 3328 supplementum
663 3263 805 3330 quattuor
815 3256 898 3317 milia
908 3256 1044 3333 peditum
1055 3257 1211 3317 Romano·

230 3351 306 3409 rum,
328 3335 449 3396 ducenti
465 3336 599 3413 equites,
616 3344 646 3398 et
661 3338 815 3401 sociorum
830 3356 867 3401 ao
881 3341 978 3402 Latini
993 3337 1124 3401 nominis
1141 3344 1211 3399 oeto

230 3418 312 3479 milia
333 3419 469 3495 peditum
489 3427 520 3480 et
539 3421 752 3497 quadringenti
766 3425 902 3500 equites:
922 3425 972 3487 his
987 3423 1086 3500 copiis
1100 3422 1211 3483 utbel·

231 3502 292 3563 lum
312 3517 381 3563 cum
401 3504 554 3566 Antiocho
574 3512 703 3580 gereret.
735 3508 820 3567 alteri
842 3508 962 3570 consuli
983 3507 1136 3568 exercitus
1158 3505 1209 3583 qui
