2600 4000
324 204 441 266 amna
454 205 575 266 xxxv.
598 204 759 271 canan
782 206 818 283 [ι.
831 211 938 289 ona]
1063 210 1121 277 tar

143 367 220 421 teret
240 358 280 418 ad
294 358 327 417 L.
345 357 517 419 Cornelium
539 359 713 433 consulem,
735 358 786 433 qui
801 357 915 421 litteras
932 363 1068 438 collegae
1084 366 1123 426 nd

142 449 283 505 senatum
297 442 409 503 missas
426 440 580 503 deterrent
594 441 635 502 ad
648 457 726 517 eum,
743 449 774 503 et
787 442 958 504 nuntiarent
974 454 1120 523 senatum,

140 527 172 587 ni
186 525 213 587 is
229 527 270 587 ad
284 526 478 601 magistratus
493 526 709 600 subrogandos
722 526 851 588 Romam
867 528 997 603 veniret,
1019 532 1121 605 potius

141 626 234 688 quam
249 609 282 684 Q.
298 609 462 670 Minucium
477 626 497 670 a
510 610 592 671 bello
607 609 725 686 integro
741 615 899 686 avocaret,
916 612 1121 689 interregnum

140 694 209 754 iniri
223 709 397 769 passurum.
419 692 506 755 missi
520 694 611 770 legati
625 695 835 756 renuntianmt
849 695 882 754 L.
896 695 1065 757 Cornelium
1085 700 1119 758 ad

139 777 336 853 magistratus
363 777 579 853 subrogandos
598 778 726 839 Romam
751 785 919 840 venturum.
954 781 993 841 de
1014 783 1120 843 litteris

138 862 172 922 L.
185 861 325 936 Cornelii,
342 878 419 938 quas
430 862 598 937 scripserat
609 863 779 924 secundum
792 863 942 939 proelium
956 880 1024 925 eum
1035 866 1120 926 Boiis

139 946 260 1027 lactum,
276 944 457 1022 disceptatio
475 945 506 1005 in
522 953 631 1007 senatu
645 946 710 1021 luit,
727 946 800 1022 qnia
809 945 952 1023 privatim
963 948 1119 1025 plerisque

139 1029 332 1091 senatoribus
347 1031 465 1105 legatus
477 1029 517 1089 Μ.
531 1029 675 1091 claudius
687 1031 852 1106 scripserat
862 1031 1001 1094 lortunae
1013 1033 1119 1109 populi

137 1112 267 1175 Romani
288 1120 318 1174 et
337 1114 463 1174 militum
482 1113 584 1175 virtuti
604 1113 732 1189 gratiam
751 1113 939 1191 habendam,
961 1117 1045 1193 quod
1067 1133 1118 1177 res

137 1197 217 1258 benc
237 1202 326 1272 gesta
346 1204 438 1259 esset.
471 1198 607 1259 consulis
630 1212 725 1273 opera
744 1205 774 1260 et
788 1199 914 1260 militum
929 1200 1117 1275 aliquantum

138 1282 295 1356 amissum,
310 1288 340 1341 et
353 1281 486 1342 hostium
501 1281 683 1355 exercitum,
700 1283 787 1343 euius
803 1283 924 1344 delendi
940 1284 1042 1345 oblata
1057 1286 1118 1346 ior-

136 1372 210 1426 tuna
222 1363 321 1438 luerit,
337 1367 486 1441 elapsum.
514 1364 623 1426 milites
640 1380 677 1425 oo
694 1366 798 1442 plures
812 1367 942 1443 perisse,
960 1368 1043 1444 quod
1058 1376 1115 1430 tar-

138 1449 206 1510 dius
222 1464 261 1508 ex
276 1448 439 1524 subsidiis,
456 1449 508 1525 qui
522 1449 732 1511 laborantibus
749 1466 839 1526 opem
854 1450 975 1525 terrent,
992 1468 1116 1514 succos-

137 1532 267 1604 sissent;
288 1533 395 1593 hostes
410 1534 580 1595 emanibus
595 1532 737 1609 emissae,
754 1535 837 1611 quod
853 1535 1008 1610 equitibus
1022 1536 1116 1610 legio-

136 1615 232 1677 nariis
247 1625 277 1676 et
290 1616 407 1679 tardius
422 1618 526 1679 datum
537 1616 657 1693 signum
670 1625 754 1679 esset
765 1623 796 1679 et
806 1618 953 1692 persequi
965 1617 1116 1692 fugientes

139 1715 200 1761 non
214 1700 358 1761 licuisset.
387 1701 453 1760 VII.
476 1702 515 1762 de
531 1716 569 1762 ea
581 1716 615 1761 re
630 1700 704 1760 nihil
717 1708 831 1762 temere
849 1700 972 1759 decerni
987 1702 1115 1775 piacula

138 1784 177 1844 ad
191 1784 415 1859 frequentiores
427 1785 609 1846 consultatio
622 1784 716 1844 dilata
727 1789 784 1844 est.
806 1783 939 1844 instabat
951 1784 1031 1843 enim
1043 1801 1116 1845 cura

136 1867 209 1942 alia,
231 1868 315 1944 quod
337 1867 443 1928 civitas
464 1869 571 1929 ienore
592 1867 765 1941 laborabat,
787 1874 818 1928 et
832 1866 917 1941 quod
931 1882 999 1928 cum
1014 1869 1114 1930 inultis

135 1949 311 2012 tenebribus
332 1950 452 2026 legibus
474 1950 637 2011 constrictu
658 1949 783 2013 avaritia
803 1957 902 2027 esset,
927 1951 977 2012 via
998 1952 1114 2018 iraudis

134 2036 208 2095 inita
228 2041 308 2106 crat,
329 2040 363 2092 ut
385 2031 416 2091 in
437 2033 558 2106 socios,
580 2034 631 2108 qui
653 2050 714 2094 non
736 2041 911 2095 tenerentur
931 2036 969 2096 ils
983 2037 1113 2113 legibus

135 2116 259 2177 nomina
273 2115 543 2176 transscriberente
565 2114 606 2175 ita
619 2116 714 2176 libero
730 2117 836 2177 tenore
851 2118 1021 2179 obruebant
1030 2118 1114 2179 debi-

134 2207 229 2260 tores.
255 2198 343 2259 cuius
358 2198 521 2259 coercendi
535 2213 603 2259 cum
618 2199 695 2259 ratio
712 2208 917 2276 quaereretur,
933 2201 1013 2261 diem
1027 2201 1115 2263 linire

134 2283 249 2359 placuit
261 2281 395 2356 Feralia,
419 2298 498 2359 quae
517 2282 657 2359 proxime
679 2284 825 2359 luissent,
845 2291 880 2345 nt
894 2284 946 2360 qui
960 2293 1033 2360 post
1047 2301 1114 2346 eam

134 2367 216 2428 diem
233 2367 311 2429 socii
326 2367 445 2428 civibus
459 2366 606 2429 Romanis
622 2367 826 2430 credidissent
840 2368 1003 2445 pecunias,
1019 2369 1112 2446 proil-

135 2458 283 2527 terentur,
305 2459 335 2513 et
353 2467 392 2512 ex
408 2467 446 2512 ea
460 2451 509 2512 die
531 2451 681 2527 pecuniae
697 2452 844 2528 creditae,
868 2453 979 2528 quibus
994 2453 1114 2515 debitor

135 2535 226 2596 vellet
245 2537 379 2611 legibus,
400 2535 448 2597 ius
471 2535 613 2598 creditori
633 2536 822 2599 redderetur.
857 2537 928 2599 inde
948 2545 1112 2614 postquam

133 2620 379 2695 professionibus
394 2620 514 2682 detecta
528 2620 762 2695 estmagnltudo
773 2622 853 2682 aeris
866 2620 955 2682 aliem
967 2623 1113 2697 perhanc

133 2702 272 2762 fraudem
301 2703 461 2777 conuacti,
489 2702 530 2763 Μ.
556 2702 757 2777 Sempronius
786 2705 923 2766 tribunus
950 2707 1047 2781 plebis
1073 2721 1112 2765 ex

134 2786 313 2849 auctoritate
333 2791 453 2861 patrum
472 2786 594 2862 plebem
613 2788 748 2862 rogavit,
768 2788 939 2865 plebesque
954 2790 1057 2861 scivit,
1079 2795 1113 2849 ut

134 2885 203 2930 cum
225 2869 319 2929 sociis
341 2885 378 2930 ac
399 2870 520 2931 nomine
533 2867 641 2931 Latino
656 2870 807 2946 pecuniae
821 2873 955 2933 creditae
968 2873 1016 2932 ius
1031 2873 1111 2933 idem

133 2953 219 3028 quod
234 2968 303 3013 cum
318 2952 436 3015 civibus
451 2953 597 3014 Romanis
612 2960 705 3014 essct.
727 2954 804 3015 haec
818 2954 946 3016 initalia
959 2955 1042 3016 domi
1056 2955 1110 3015 mi-

132 3036 278 3113 litiaeque
291 3042 368 3101 acta.

214 3121 248 3182 In
262 3120 412 3197 Hispania
431 3136 626 3198 nequaquam
646 3128 761 3183 tantum
783 3122 853 3184 belli
869 3123 938 3196 luit,
964 3129 1110 3199 quantum

133 3213 260 3268 auxerat
274 3207 363 3267 lama.
386 3205 417 3267 C.
429 3206 593 3267 Flaminius
608 3206 638 3265 in
651 3206 791 3268 citeriore
801 3206 950 3283 Hispania
962 3208 1110 3283 oppidum

133 3288 256 3349 llueiam
270 3290 301 3350 in
317 3289 456 3351 Oretanis
472 3290 560 3367 oepit,
577 3290 688 3351 deinde
702 3291 733 3350 ln
747 3290 875 3352 hiberna
889 3292 999 3352 milites
1014 3291 1109 3351 dedu·

133 3370 193 3440 xita
213 3379 244 3432 et
262 3389 318 3449 per
337 3373 467 3434 hiemem
488 3374 605 3449 proclia
625 3374 742 3449 aliquot
761 3375 844 3435 nulla
858 3374 1004 3436 memoria
1018 3374 1110 3448 digna

134 3452 283 3515 adversus
312 3459 462 3518 latronum
490 3457 586 3532 magis
620 3474 711 3533 quam
739 3458 869 3519 hostium
900 3457 1108 3530 excursiones,
