<?xml version="1.0" encoding="UTF-8"?>
<!DOCTYPE html PUBLIC "-//W3C//DTD XHTML 1.0 Transitional//EN"
    "http://www.w3.org/TR/xhtml1/DTD/xhtml1-transitional.dtd">
<html xmlns="http://www.w3.org/1999/xhtml" xml:lang="en" lang="en">
 <head>
  <title>
</title>
<meta http-equiv="Content-Type" content="text/html;charset=utf-8" />
  <meta name='ocr-system' content='tesseract 3.04.00' />
  <meta name='ocr-capabilities' content='ocr_page ocr_carea ocr_par ocr_line ocrx_word'/>
</head>
<body>
  <div class='ocr_page' id='page_1' title='image "./aburbeconditali00mlgoog_0426.png"; bbox 0 0 2600 4000; ppageno 0'>
   <div class='ocr_carea' id='block_1_1' title="bbox 238 237 1094 311">
    <p class='ocr_par' dir='ltr' id='par_1_1' title="bbox 238 237 1094 311">
     <span class='ocr_line' id='line_1_1' title="bbox 238 237 1094 311; baseline -0.007 -5"><span class='ocrx_word' id='word_1_1' title='bbox 238 239 303 306; x_wconf 74' lang='lat'><strong>372</strong></span> <span class='ocrx_word' id='word_1_2' title='bbox 365 239 481 299; x_wconf 86' lang='lat' dir='ltr'>LlBER</span> <span class='ocrx_word' id='word_1_3' title='bbox 494 238 656 298; x_wconf 80' lang='lat' dir='ltr'>XXXVIII.</span> <span class='ocrx_word' id='word_1_4' title='bbox 679 237 761 297; x_wconf 72' lang='lat' dir='ltr'>che.</span> <span class='ocrx_word' id='word_1_5' title='bbox 776 246 819 301; x_wconf 80' lang='lat'><strong>56.</strong></span> <span class='ocrx_word' id='word_1_6' title='bbox 832 245 875 301; x_wconf 84' lang='grc'><strong>51.</strong></span> <span class='ocrx_word' id='word_1_7' title='bbox 897 243 933 310; x_wconf 79' lang='lat' dir='ltr'>[a.</span> <span class='ocrx_word' id='word_1_8' title='bbox 944 243 980 298; x_wconf 85' lang='lat' dir='ltr'><strong>U.</strong></span> <span class='ocrx_word' id='word_1_9' title='bbox 992 260 1019 308; x_wconf 68' lang='lat' dir='ltr'><strong>c.⁴</strong></span> <span class='ocrx_word' id='word_1_10' title='bbox 1031 242 1094 311; x_wconf 85' lang='grc'><strong>555]</strong></span> 
     </span>
    </p>
   </div>
   <div class='ocr_carea' id='block_1_2' title="bbox 237 385 1221 715">
    <p class='ocr_par' dir='ltr' id='par_1_2' title="bbox 237 385 1221 715">
     <span class='ocr_line' id='line_1_2' title="bbox 238 385 1221 466; baseline -0.002 -14"><span class='ocrx_word' id='word_1_11' title='bbox 238 389 306 452; x_wconf 88' lang='grc'><strong>5551</strong></span> <span class='ocrx_word' id='word_1_12' title='bbox 322 389 449 451; x_wconf 85' lang='grc'><strong>5515151</strong></span> <span class='ocrx_word' id='word_1_13' title='bbox 465 389 563 451; x_wconf 87' lang='grc'><strong>515155</strong></span> <span class='ocrx_word' id='word_1_14' title='bbox 573 388 720 466; x_wconf 80' lang='lat' dir='ltr'>Africano</span> <span class='ocrx_word' id='word_1_15' title='bbox 736 388 828 448; x_wconf 90' lang='lat' dir='ltr'>ullam</span> <span class='ocrx_word' id='word_1_16' title='bbox 840 387 1024 447; x_wconf 76' lang='lat' dir='ltr'>mentionem</span> <span class='ocrx_word' id='word_1_17' title='bbox 1035 385 1137 447; x_wconf 89' lang='lat' dir='ltr'>habet.</span> <span class='ocrx_word' id='word_1_18' title='bbox 1161 385 1221 450; x_wconf 87' lang='lat' dir='ltr'>alia</span> 
     </span>
     <span class='ocr_line' id='line_1_3' title="bbox 237 470 1218 545; baseline -0.005 -9"><span class='ocrx_word' id='word_1_19' title='bbox 237 481 301 536; x_wconf 88' lang='lat' dir='ltr'>tota</span> <span class='ocrx_word' id='word_1_20' title='bbox 315 473 449 535; x_wconf 89' lang='lat' dir='ltr'>serenda</span> <span class='ocrx_word' id='word_1_21' title='bbox 465 473 566 533; x_wconf 88' lang='lat' dir='ltr'>labula</span> <span class='ocrx_word' id='word_1_22' title='bbox 577 479 626 533; x_wconf 91' lang='lat' dir='ltr'><strong>est</strong></span> <span class='ocrx_word' id='word_1_23' title='bbox 637 470 766 532; x_wconf 82' lang='lat' dir='ltr'><strong>Gracchi</strong></span> <span class='ocrx_word' id='word_1_24' title='bbox 778 470 907 532; x_wconf 88' lang='lat' dir='ltr'>orationi</span> <span class='ocrx_word' id='word_1_25' title='bbox 919 470 1116 545; x_wconf 89' lang='lat' dir='ltr'>conveniens,</span> <span class='ocrx_word' id='word_1_26' title='bbox 1133 476 1166 531; x_wconf 92' lang='lat' dir='ltr'><strong>et</strong></span> <span class='ocrx_word' id='word_1_27' title='bbox 1178 472 1218 532; x_wconf 90' lang='lat' dir='ltr'>illi</span> 
     </span>
     <span class='ocr_line' id='line_1_4' title="bbox 238 553 1218 633; baseline -0.003 -15"><span class='ocrx_word' id='word_1_28' title='bbox 238 565 380 620; x_wconf 79' lang='lat' dir='ltr'>auctores</span> <span class='ocrx_word' id='word_1_29' title='bbox 396 556 547 633; x_wconf 87' lang='lat' dir='ltr'>sequendi</span> <span class='ocrx_word' id='word_1_30' title='bbox 562 562 648 629; x_wconf 90' lang='grc'><strong>5551,</strong></span> <span class='ocrx_word' id='word_1_31' title='bbox 672 555 739 632; x_wconf 89' lang='lat' dir='ltr'>qui,</span> <span class='ocrx_word' id='word_1_32' title='bbox 755 570 824 615; x_wconf 89' lang='lat' dir='ltr'><strong>eum</strong></span> <span class='ocrx_word' id='word_1_33' title='bbox 838 554 871 613; x_wconf 90' lang='lat' dir='ltr'><strong>L.</strong></span> <span class='ocrx_word' id='word_1_34' title='bbox 888 553 992 630; x_wconf 80' lang='lat' dir='ltr'>Scipio</span> <span class='ocrx_word' id='word_1_35' title='bbox 1009 561 1040 614; x_wconf 90' lang='lat' dir='ltr'><strong>et</strong></span> <span class='ocrx_word' id='word_1_36' title='bbox 1053 562 1218 616; x_wconf 88' lang='lat' dir='ltr'>accusatus</span> 
     </span>
     <span class='ocr_line' id='line_1_5' title="bbox 238 637 1221 715; baseline -0.001 -14"><span class='ocrx_word' id='word_1_37' title='bbox 238 650 268 703; x_wconf 90' lang='lat' dir='ltr'><strong>et</strong></span> <span class='ocrx_word' id='word_1_38' title='bbox 283 642 442 702; x_wconf 89' lang='lat' dir='ltr'>damnatus</span> <span class='ocrx_word' id='word_1_39' title='bbox 458 640 497 700; x_wconf 92' lang='lat' dir='ltr'><strong>sit</strong></span> <span class='ocrx_word' id='word_1_40' title='bbox 512 637 661 715; x_wconf 86' lang='lat' dir='ltr'>pecuniae</span> <span class='ocrx_word' id='word_1_41' title='bbox 676 644 784 714; x_wconf 83' lang='lat' dir='ltr'>captae</span> <span class='ocrx_word' id='word_1_42' title='bbox 799 638 837 699; x_wconf 86' lang='lat' dir='ltr'>ab</span> <span class='ocrx_word' id='word_1_43' title='bbox 848 653 930 713; x_wconf 82' lang='lat' dir='ltr'>rege,</span> <span class='ocrx_word' id='word_1_44' title='bbox 944 640 1077 712; x_wconf 82' lang='lat' dir='ltr'>legatum</span> <span class='ocrx_word' id='word_1_45' title='bbox 1088 637 1119 698; x_wconf 93' lang='lat' dir='ltr'><strong>in</strong></span> <span class='ocrx_word' id='word_1_46' title='bbox 1130 639 1221 700; x_wconf 53' lang='lat' dir='ltr'>Etru-¹</span> 
     </span>
    </p>
   </div>
   <div class='ocr_carea' id='block_1_3' title="bbox 237 722 1296 797">
    <p class='ocr_par' dir='ltr' id='par_1_3' title="bbox 237 722 1296 797">
     <span class='ocr_line' id='line_1_6' title="bbox 237 722 1296 797; baseline -0.001 -13"><span class='ocrx_word' id='word_1_47' title='bbox 237 726 283 785; x_wconf 92' lang='grc'><strong>115</strong></span> <span class='ocrx_word' id='word_1_48' title='bbox 303 726 399 787; x_wconf 83' lang='lat' dir='ltr'>luisse</span> <span class='ocrx_word' id='word_1_49' title='bbox 419 723 595 784; x_wconf 85' lang='lat' dir='ltr'>Ahicanum</span> <span class='ocrx_word' id='word_1_50' title='bbox 616 723 752 793; x_wconf 83' lang='lat' dir='ltr'>uadunt,</span> <span class='ocrx_word' id='word_1_51' title='bbox 775 738 837 797; x_wconf 87' lang='lat' dir='ltr'>quo</span> <span class='ocrx_word' id='word_1_52' title='bbox 859 723 1061 797; x_wconf 80' lang='lat' dir='ltr'>postremam</span> <span class='ocrx_word' id='word_1_53' title='bbox 1080 722 1121 781; x_wconf 90' lang='lat' dir='ltr'><strong>de</strong></span> <span class='ocrx_word' id='word_1_54' title='bbox 1144 738 1219 783; x_wconf 90' lang='lat' dir='ltr'>casu</span> <span class='ocrx_word' id='word_1_55' title='bbox 1290 731 1296 742; x_wconf 65' lang='lat'><em>²</em></span> 
     </span>
    </p>
   </div>
   <div class='ocr_carea' id='block_1_4' title="bbox 237 804 1218 966">
    <p class='ocr_par' dir='ltr' id='par_1_4' title="bbox 237 804 1218 966">
     <span class='ocr_line' id='line_1_7' title="bbox 237 804 1218 882; baseline -0.003 -13"><span class='ocrx_word' id='word_1_56' title='bbox 237 810 339 869; x_wconf 80' lang='lat' dir='ltr'>fratris</span> <span class='ocrx_word' id='word_1_57' title='bbox 359 809 489 869; x_wconf 77' lang='lat' dir='ltr'>adlatam</span> <span class='ocrx_word' id='word_1_58' title='bbox 508 807 613 867; x_wconf 88' lang='grc'><strong>1511515</strong></span> <span class='ocrx_word' id='word_1_59' title='bbox 632 806 785 882; x_wconf 81' lang='lat' dir='ltr'>legatione</span> <span class='ocrx_word' id='word_1_60' title='bbox 806 804 980 866; x_wconf 80' lang='lat' dir='ltr'>cucurrisse</span> <span class='ocrx_word' id='word_1_61' title='bbox 995 820 1065 865; x_wconf 92' lang='lat' dir='ltr'><strong>eum</strong></span> <span class='ocrx_word' id='word_1_62' title='bbox 1078 805 1218 881; x_wconf 84' lang='lat' dir='ltr'>Romam,</span> 
     </span>
     <span class='ocr_line' id='line_1_8' title="bbox 237 887 1218 966; baseline -0.002 -14"><span class='ocrx_word' id='word_1_63' title='bbox 237 899 267 952; x_wconf 91' lang='grc'><strong>51</strong></span> <span class='ocrx_word' id='word_1_64' title='bbox 283 908 350 952; x_wconf 87' lang='grc'><strong>5515</strong></span> <span class='ocrx_word' id='word_1_65' title='bbox 364 909 383 951; x_wconf 91' lang='grc'><strong>5</strong></span> <span class='ocrx_word' id='word_1_66' title='bbox 399 897 489 966; x_wconf 86' lang='lat' dir='ltr'>porta</span> <span class='ocrx_word' id='word_1_67' title='bbox 502 897 587 952; x_wconf 89' lang='lat' dir='ltr'>recta</span> <span class='ocrx_word' id='word_1_68' title='bbox 601 887 1218 964; x_wconf 72' lang='grc'><strong>551515155555515115551555515515-</strong></span> 
     </span>
    </p>
   </div>
   <div class='ocr_carea' id='block_1_5' title="bbox 140 973 1218 1048">
    <p class='ocr_par' dir='ltr' id='par_1_5' title="bbox 140 973 1218 1048">
     <span class='ocr_line' id='line_1_9' title="bbox 140 973 1218 1048; baseline -0.005 -10"><span class='ocrx_word' id='word_1_69' title='bbox 140 1034 144 1039; x_wconf 84' lang='lat'>.</span> <span class='ocrx_word' id='word_1_70' title='bbox 237 978 306 1037; x_wconf 92' lang='lat' dir='ltr'>cula</span> <span class='ocrx_word' id='word_1_71' title='bbox 327 974 398 1036; x_wconf 89' lang='lat' dir='ltr'>duci</span> <span class='ocrx_word' id='word_1_72' title='bbox 415 977 537 1035; x_wconf 89' lang='grc'><strong>11511515</strong></span> <span class='ocrx_word' id='word_1_73' title='bbox 551 974 666 1034; x_wconf 90' lang='lat' dir='ltr'>dictum</span> <span class='ocrx_word' id='word_1_74' title='bbox 680 977 760 1045; x_wconf 84' lang='grc'><strong>5151,</strong></span> <span class='ocrx_word' id='word_1_75' title='bbox 780 973 957 1048; x_wconf 83' lang='lat' dir='ltr'>reppulisse</span> <span class='ocrx_word' id='word_1_76' title='bbox 971 989 991 1032; x_wconf 89' lang='lat' dir='ltr'>a</span> <span class='ocrx_word' id='word_1_77' title='bbox 1004 987 1136 1048; x_wconf 88' lang='lat' dir='ltr'>corpore</span> <span class='ocrx_word' id='word_1_78' title='bbox 1151 974 1218 1033; x_wconf 89' lang='lat' dir='ltr'>eius</span> 
     </span>
    </p>
   </div>
   <div class='ocr_carea' id='block_1_6' title="bbox 235 1055 1219 1215">
    <p class='ocr_par' dir='ltr' id='par_1_6' title="bbox 235 1055 1219 1215">
     <span class='ocr_line' id='line_1_10' title="bbox 236 1055 1219 1133; baseline -0.002 -15"><span class='ocrx_word' id='word_1_79' title='bbox 236 1061 392 1133; x_wconf 90' lang='lat' dir='ltr'>viatorem,</span> <span class='ocrx_word' id='word_1_80' title='bbox 407 1067 438 1120; x_wconf 90' lang='grc'><strong>51</strong></span> <span class='ocrx_word' id='word_1_81' title='bbox 450 1056 579 1119; x_wconf 87' lang='lat' dir='ltr'>tribunis</span> <span class='ocrx_word' id='word_1_82' title='bbox 593 1056 791 1118; x_wconf 88' lang='lat' dir='ltr'>retinentibus</span> <span class='ocrx_word' id='word_1_83' title='bbox 805 1056 902 1131; x_wconf 81' lang='lat' dir='ltr'>magis</span> <span class='ocrx_word' id='word_1_84' title='bbox 918 1055 968 1131; x_wconf 90' lang='lat' dir='ltr'><strong>pie</strong></span> <span class='ocrx_word' id='word_1_85' title='bbox 982 1072 1074 1131; x_wconf 92' lang='lat' dir='ltr'>quam</span> <span class='ocrx_word' id='word_1_86' title='bbox 1091 1055 1219 1126; x_wconf 86' lang='lat' dir='ltr'>civiliter</span> 
     </span>
     <span class='ocr_line' id='line_1_11' title="bbox 235 1139 1216 1215; baseline 0.001 -15"><span class='ocrx_word' id='word_1_87' title='bbox 235 1143 296 1201; x_wconf 92' lang='lat' dir='ltr'><strong>vim</strong></span> <span class='ocrx_word' id='word_1_88' title='bbox 317 1143 439 1203; x_wconf 88' lang='grc'><strong>1551555.</strong></span> <span class='ocrx_word' id='word_1_89' title='bbox 470 1141 541 1202; x_wconf 87' lang='grc'><strong>11155</strong></span> <span class='ocrx_word' id='word_1_90' title='bbox 556 1141 634 1201; x_wconf 89' lang='lat' dir='ltr'>euim</span> <span class='ocrx_word' id='word_1_91' title='bbox 653 1142 722 1215; x_wconf 89' lang='lat' dir='ltr'>ipse</span> <span class='ocrx_word' id='word_1_92' title='bbox 735 1141 778 1201; x_wconf 87' lang='lat' dir='ltr'><strong>Ti.</strong></span> <span class='ocrx_word' id='word_1_93' title='bbox 794 1140 950 1200; x_wconf 87' lang='lat' dir='ltr'>Gracchus</span> <span class='ocrx_word' id='word_1_94' title='bbox 966 1140 1102 1214; x_wconf 86' lang='lat' dir='ltr'>queritur</span> <span class='ocrx_word' id='word_1_95' title='bbox 1114 1139 1216 1201; x_wconf 92' lang='lat' dir='ltr'>disso-</span> 
     </span>
    </p>
   </div>
   <div class='ocr_carea' id='block_1_7' title="bbox 129 1216 1216 1300">
    <p class='ocr_par' dir='ltr' id='par_1_7' title="bbox 129 1216 1216 1300">
     <span class='ocr_line' id='line_1_12' title="bbox 129 1216 1216 1300; baseline -0.002 -15"><span class='ocrx_word' id='word_1_96' title='bbox 129 1216 134 1223; x_wconf 77' lang='grc'><strong>’</strong></span> <span class='ocrx_word' id='word_1_97' title='bbox 235 1221 329 1285; x_wconf 85' lang='lat' dir='ltr'>lutam</span> <span class='ocrx_word' id='word_1_98' title='bbox 342 1241 414 1285; x_wconf 89' lang='grc'><strong>5555</strong></span> <span class='ocrx_word' id='word_1_99' title='bbox 426 1241 444 1285; x_wconf 95' lang='grc'><strong>5</strong></span> <span class='ocrx_word' id='word_1_100' title='bbox 455 1224 573 1300; x_wconf 88' lang='lat' dir='ltr'>privato</span> <span class='ocrx_word' id='word_1_101' title='bbox 589 1221 1216 1300; x_wconf 70' lang='grc' dir='ltr'><strong>1111555151551551551515ῐης5155555115·</strong></span> 
     </span>
    </p>
   </div>
   <div class='ocr_carea' id='block_1_8' title="bbox 235 1306 1216 1383">
    <p class='ocr_par' dir='ltr' id='par_1_8' title="bbox 235 1306 1216 1383">
     <span class='ocr_line' id='line_1_13' title="bbox 235 1306 1216 1383; baseline -0.002 -16"><span class='ocrx_word' id='word_1_102' title='bbox 235 1324 332 1383; x_wconf 90' lang='lat' dir='ltr'>mum,</span> <span class='ocrx_word' id='word_1_103' title='bbox 355 1324 423 1368; x_wconf 93' lang='lat' dir='ltr'>cum</span> <span class='ocrx_word' id='word_1_104' title='bbox 439 1310 584 1368; x_wconf 81' lang='grc'><strong>5511111515</strong></span> <span class='ocrx_word' id='word_1_105' title='bbox 598 1308 632 1367; x_wconf 89' lang='lat' dir='ltr'><strong>L.</strong></span> <span class='ocrx_word' id='word_1_106' title='bbox 648 1306 783 1383; x_wconf 90' lang='lat' dir='ltr'>Scipioni</span> <span class='ocrx_word' id='word_1_107' title='bbox 802 1307 975 1383; x_wconf 88' lang='lat' dir='ltr'>pollicetur,</span> <span class='ocrx_word' id='word_1_108' title='bbox 998 1306 1092 1367; x_wconf 89' lang='lat' dir='ltr'>adicit</span> <span class='ocrx_word' id='word_1_109' title='bbox 1104 1309 1216 1367; x_wconf 90' lang='lat' dir='ltr'>tolera-</span> 
     </span>
    </p>
   </div>
   <div class='ocr_carea' id='block_1_9' title="bbox 235 1385 1228 1466">
    <p class='ocr_par' dir='ltr' id='par_1_9' title="bbox 235 1385 1228 1466">
     <span class='ocr_line' id='line_1_14' title="bbox 235 1385 1228 1466; baseline 0.001 -15"><span class='ocrx_word' id='word_1_110' title='bbox 235 1389 351 1452; x_wconf 91' lang='lat' dir='ltr'>bilioris</span> <span class='ocrx_word' id='word_1_111' title='bbox 359 1393 491 1466; x_wconf 85' lang='lat' dir='ltr'>exempli</span> <span class='ocrx_word' id='word_1_112' title='bbox 503 1406 574 1451; x_wconf 88' lang='lat' dir='ltr'>esse</span> <span class='ocrx_word' id='word_1_113' title='bbox 585 1390 732 1452; x_wconf 90' lang='lat' dir='ltr'>atribuno</span> <span class='ocrx_word' id='word_1_114' title='bbox 744 1392 843 1466; x_wconf 89' lang='lat' dir='ltr'>plebls</span> <span class='ocrx_word' id='word_1_115' title='bbox 856 1391 958 1466; x_wconf 89' lang='lat' dir='ltr'>potius</span> <span class='ocrx_word' id='word_1_116' title='bbox 967 1406 1083 1466; x_wconf 88' lang='lat' dir='ltr'>quama</span> <span class='ocrx_word' id='word_1_117' title='bbox 1094 1385 1228 1465; x_wconf 84' lang='lat' dir='ltr'>privato</span> 
     </span>
    </p>
   </div>
   <div class='ocr_carea' id='block_1_10' title="bbox 236 1473 1217 1886">
    <p class='ocr_par' dir='ltr' id='par_1_10' title="bbox 236 1473 1217 1886">
     <span class='ocr_line' id='line_1_15' title="bbox 236 1473 1216 1551; baseline 0.002 -18"><span class='ocrx_word' id='word_1_118' title='bbox 236 1475 345 1536; x_wconf 86' lang='lat' dir='ltr'>victam</span> <span class='ocrx_word' id='word_1_119' title='bbox 366 1474 463 1535; x_wconf 90' lang='lat' dir='ltr'>videri</span> <span class='ocrx_word' id='word_1_120' title='bbox 486 1482 516 1535; x_wconf 88' lang='lat' dir='ltr'><strong>et</strong></span> <span class='ocrx_word' id='word_1_121' title='bbox 535 1473 727 1536; x_wconf 91' lang='lat' dir='ltr'>tribuniciam</span> <span class='ocrx_word' id='word_1_122' title='bbox 740 1481 922 1551; x_wconf 89' lang='lat' dir='ltr'>potestatem</span> <span class='ocrx_word' id='word_1_123' title='bbox 937 1481 968 1535; x_wconf 90' lang='grc'><strong>51</strong></span> <span class='ocrx_word' id='word_1_124' title='bbox 981 1489 1045 1534; x_wconf 91' lang='lat' dir='ltr'><strong>rem</strong></span> <span class='ocrx_word' id='word_1_125' title='bbox 1059 1474 1216 1548; x_wconf 88' lang='lat' dir='ltr'>publicam</span> 
     </span>
     <span class='ocr_line' id='line_1_16' title="bbox 236 1557 1217 1634; baseline -0.001 -15"><span class='ocrx_word' id='word_1_126' title='bbox 236 1575 316 1619; x_wconf 88' lang='grc'><strong>5555.</strong></span> <span class='ocrx_word' id='word_1_127' title='bbox 337 1559 394 1621; x_wconf 88' lang='grc'><strong>555</strong></span> <span class='ocrx_word' id='word_1_128' title='bbox 407 1557 541 1618; x_wconf 84' lang='grc'><strong>11511555</strong></span> <span class='ocrx_word' id='word_1_129' title='bbox 555 1572 647 1616; x_wconf 91' lang='lat' dir='ltr'>uuam</span> <span class='ocrx_word' id='word_1_130' title='bbox 661 1558 858 1634; x_wconf 88' lang='lat' dir='ltr'>impotentem</span> <span class='ocrx_word' id='word_1_131' title='bbox 870 1558 936 1618; x_wconf 91' lang='lat' dir='ltr'>eius</span> <span class='ocrx_word' id='word_1_132' title='bbox 950 1557 1089 1617; x_wconf 90' lang='lat' dir='ltr'>iniuriam</span> <span class='ocrx_word' id='word_1_133' title='bbox 1100 1557 1217 1618; x_wconf 90' lang='grc'><strong>1551515</strong></span> 
     </span>
     <span class='ocr_line' id='line_1_17' title="bbox 239 1641 1215 1718; baseline -0.003 -13"><span class='ocrx_word' id='word_1_134' title='bbox 239 1650 355 1718; x_wconf 88' lang='grc'><strong>555151,</strong></span> <span class='ocrx_word' id='word_1_135' title='bbox 370 1649 404 1703; x_wconf 90' lang='grc'><strong>51</strong></span> <span class='ocrx_word' id='word_1_136' title='bbox 417 1641 603 1718; x_wconf 89' lang='lat' dir='ltr'>increpando</span> <span class='ocrx_word' id='word_1_137' title='bbox 619 1641 703 1716; x_wconf 91' lang='lat' dir='ltr'>quod</span> <span class='ocrx_word' id='word_1_138' title='bbox 719 1642 911 1717; x_wconf 84' lang='lat' dir='ltr'>degenerarit</span> <span class='ocrx_word' id='word_1_139' title='bbox 924 1647 1037 1702; x_wconf 89' lang='lat' dir='ltr'>tantum</span> <span class='ocrx_word' id='word_1_140' title='bbox 1053 1657 1072 1700; x_wconf 91' lang='lat' dir='ltr'>a</span> <span class='ocrx_word' id='word_1_141' title='bbox 1086 1657 1123 1701; x_wconf 89' lang='grc'><strong>55</strong></span> <span class='ocrx_word' id='word_1_142' title='bbox 1137 1642 1215 1717; x_wconf 88' lang='lat' dir='ltr'>ipse,</span> 
     </span>
     <span class='ocr_line' id='line_1_18' title="bbox 236 1725 1215 1800; baseline 0 -14"><span class='ocrx_word' id='word_1_143' title='bbox 236 1729 405 1788; x_wconf 89' lang='lat' dir='ltr'>cumulatas</span> <span class='ocrx_word' id='word_1_144' title='bbox 420 1726 582 1786; x_wconf 90' lang='lat' dir='ltr'>eiveteres</span> <span class='ocrx_word' id='word_1_145' title='bbox 596 1725 703 1786; x_wconf 89' lang='grc'><strong>155555</strong></span> <span class='ocrx_word' id='word_1_146' title='bbox 718 1725 937 1788; x_wconf 87' lang='lat' dir='ltr'>moderationis</span> <span class='ocrx_word' id='word_1_147' title='bbox 952 1733 982 1786; x_wconf 88' lang='lat' dir='ltr'><strong>et</strong></span> <span class='ocrx_word' id='word_1_148' title='bbox 995 1725 1215 1800; x_wconf 86' lang='lat' dir='ltr'>temperantiae</span> 
     </span>
     <span class='ocr_line' id='line_1_19' title="bbox 238 1809 1212 1886; baseline 0 -17"><span class='ocrx_word' id='word_1_149' title='bbox 238 1814 294 1885; x_wconf 87' lang='lat' dir='ltr'>p&#39;ro</span> <span class='ocrx_word' id='word_1_150' title='bbox 323 1811 564 1886; x_wconf 90' lang='lat' dir='ltr'>reprehensione</span> <span class='ocrx_word' id='word_1_151' title='bbox 588 1810 742 1884; x_wconf 90' lang='lat' dir='ltr'>praesenti</span> <span class='ocrx_word' id='word_1_152' title='bbox 770 1809 892 1870; x_wconf 84' lang='lat' dir='ltr'>reddat:</span> <span class='ocrx_word' id='word_1_153' title='bbox 930 1809 1106 1884; x_wconf 82' lang='lat' dir='ltr'>castigatum</span> <span class='ocrx_word' id='word_1_154' title='bbox 1133 1810 1212 1869; x_wconf 82' lang='lat' dir='ltr'>eninr</span> 
     </span>
    </p>
   </div>
   <div class='ocr_carea' id='block_1_11' title="bbox 132 1893 1209 1969">
    <p class='ocr_par' dir='ltr' id='par_1_11' title="bbox 132 1893 1209 1969">
     <span class='ocr_line' id='line_1_20' title="bbox 132 1893 1209 1969; baseline -0.002 -16"><span class='ocrx_word' id='word_1_155' title='bbox 132 1963 135 1969; x_wconf 25' lang='lat'><em>¹</em></span> <span class='ocrx_word' id='word_1_156' title='bbox 239 1895 394 1968; x_wconf 90' lang='lat' dir='ltr'>quondam</span> <span class='ocrx_word' id='word_1_157' title='bbox 415 1893 505 1954; x_wconf 90' lang='lat' dir='ltr'>abeo</span> <span class='ocrx_word' id='word_1_158' title='bbox 523 1894 669 1968; x_wconf 89' lang='lat' dir='ltr'>populum</span> <span class='ocrx_word' id='word_1_159' title='bbox 686 1893 739 1966; x_wconf 90' lang='lat' dir='ltr'>ait,</span> <span class='ocrx_word' id='word_1_160' title='bbox 763 1894 846 1968; x_wconf 92' lang='lat' dir='ltr'>quod</span> <span class='ocrx_word' id='word_1_161' title='bbox 860 1910 930 1953; x_wconf 89' lang='lat' dir='ltr'><strong>eum</strong></span> <span class='ocrx_word' id='word_1_162' title='bbox 944 1899 1121 1968; x_wconf 90' lang='lat' dir='ltr'>perpetuum</span> <span class='ocrx_word' id='word_1_163' title='bbox 1138 1906 1209 1951; x_wconf 84' lang='lat' dir='ltr'>con·</span> 
     </span>
    </p>
   </div>
   <div class='ocr_carea' id='block_1_12' title="bbox 233 1968 1213 2052">
    <p class='ocr_par' dir='ltr' id='par_1_12' title="bbox 233 1968 1213 2052">
     <span class='ocr_line' id='line_1_21' title="bbox 233 1968 1213 2052; baseline -0.001 -14"><span class='ocrx_word' id='word_1_164' title='bbox 233 1977 331 2038; x_wconf 88' lang='lat' dir='ltr'>sulem</span> <span class='ocrx_word' id='word_1_165' title='bbox 346 1983 376 2037; x_wconf 90' lang='lat' dir='ltr'><strong>et</strong></span> <span class='ocrx_word' id='word_1_166' title='bbox 390 1977 672 2038; x_wconf 86' lang='lat' dir='ltr'>dictatoremvellet</span> <span class='ocrx_word' id='word_1_167' title='bbox 683 1978 800 2048; x_wconf 70' lang='lat' dir='ltr'>lacere,</span> <span class='ocrx_word' id='word_1_168' title='bbox 817 1968 1014 2052; x_wconf 83' lang='lat' dir='ltr'>prohibuisse</span> <span class='ocrx_word' id='word_1_169' title='bbox 1025 1982 1139 2037; x_wconf 88' lang='lat' dir='ltr'>statuas</span> <span class='ocrx_word' id='word_1_170' title='bbox 1151 1976 1213 2037; x_wconf 87' lang='lat' dir='ltr'>sibi</span> 
     </span>
    </p>
   </div>
   <div class='ocr_carea' id='block_1_13' title="bbox 232 2143 1218 2470">
    <p class='ocr_par' dir='ltr' id='par_1_13' title="bbox 232 2143 1218 2470">
     <span class='ocr_line' id='line_1_22' title="bbox 235 2143 1215 2220; baseline 0.005 -19"><span class='ocrx_word' id='word_1_171' title='bbox 235 2143 281 2204; x_wconf 92' lang='grc'><strong>515</strong></span> <span class='ocrx_word' id='word_1_172' title='bbox 306 2144 395 2219; x_wconf 74' lang='lat' dir='ltr'>poni5</span> <span class='ocrx_word' id='word_1_173' title='bbox 428 2144 625 2220; x_wconf 87' lang='lat' dir='ltr'>prohibuisse</span> <span class='ocrx_word' id='word_1_174' title='bbox 650 2160 690 2204; x_wconf 90' lang='lat' dir='ltr'><strong>ne</strong></span> <span class='ocrx_word' id='word_1_175' title='bbox 713 2145 943 2219; x_wconf 87' lang='lat' dir='ltr'>decerneretur,</span> <span class='ocrx_word' id='word_1_176' title='bbox 971 2151 1011 2205; x_wconf 92' lang='grc'><strong>51.</strong></span> <span class='ocrx_word' id='word_1_177' title='bbox 1024 2144 1130 2219; x_wconf 81' lang='lat' dir='ltr'>imago</span> <span class='ocrx_word' id='word_1_178' title='bbox 1157 2161 1215 2205; x_wconf 89' lang='lat' dir='ltr'><strong>sua</strong></span> 
     </span>
     <span class='ocr_line' id='line_1_23' title="bbox 234 2226 1215 2307; baseline 0.003 -20"><span class='ocrx_word' id='word_1_179' title='bbox 234 2227 408 2304; x_wconf 87' lang='lat' dir='ltr'>triumphali</span> <span class='ocrx_word' id='word_1_180' title='bbox 430 2236 539 2289; x_wconf 90' lang='lat' dir='ltr'>ornatu</span> <span class='ocrx_word' id='word_1_181' title='bbox 559 2244 577 2288; x_wconf 91' lang='grc'><strong>5</strong></span> <span class='ocrx_word' id='word_1_182' title='bbox 596 2230 708 2303; x_wconf 88' lang='lat' dir='ltr'>templo</span> <span class='ocrx_word' id='word_1_183' title='bbox 730 2229 812 2288; x_wconf 92' lang='lat' dir='ltr'>lovis</span> <span class='ocrx_word' id='word_1_184' title='bbox 833 2226 1087 2307; x_wconf 85' lang='lat' dir='ltr'>optimi·maximi</span> <span class='ocrx_word' id='word_1_185' title='bbox 1105 2227 1215 2290; x_wconf 85' lang='lat' dir='ltr'>exiret</span> 
     </span>
     <span class='ocr_line' id='line_1_24' title="bbox 233 2311 1209 2388; baseline 0.003 -18"><span class='ocrx_word' id='word_1_186' title='bbox 233 2311 325 2371; x_wconf 87' lang='lat' dir='ltr'><strong>LVII.</strong></span> <span class='ocrx_word' id='word_1_187' title='bbox 345 2311 422 2372; x_wconf 89' lang='lat' dir='ltr'>haee</span> <span class='ocrx_word' id='word_1_188' title='bbox 436 2315 486 2373; x_wconf 91' lang='lat' dir='ltr'><strong>vel</strong></span> <span class='ocrx_word' id='word_1_189' title='bbox 505 2311 537 2372; x_wconf 95' lang='lat' dir='ltr'><strong>in</strong></span> <span class='ocrx_word' id='word_1_190' title='bbox 551 2312 727 2373; x_wconf 89' lang='lat' dir='ltr'>laudatione</span> <span class='ocrx_word' id='word_1_191' title='bbox 746 2312 848 2387; x_wconf 89' lang='lat' dir='ltr'>posita</span> <span class='ocrx_word' id='word_1_192' title='bbox 865 2314 1017 2388; x_wconf 83' lang='lat' dir='ltr'>ingentem</span> <span class='ocrx_word' id='word_1_193' title='bbox 1032 2312 1209 2386; x_wconf 40' lang='lat' dir='ltr'>magnitudi‘</span> 
     </span>
     <span class='ocr_line' id='line_1_25' title="bbox 232 2394 1218 2470; baseline 0.002 -17"><span class='ocrx_word' id='word_1_194' title='bbox 232 2409 303 2453; x_wconf 91' lang='lat' dir='ltr'><strong>nem</strong></span> <span class='ocrx_word' id='word_1_195' title='bbox 314 2396 404 2455; x_wconf 88' lang='lat' dir='ltr'>animi</span> <span class='ocrx_word' id='word_1_196' title='bbox 415 2396 600 2456; x_wconf 89' lang='lat' dir='ltr'>moderantis</span> <span class='ocrx_word' id='word_1_197' title='bbox 613 2396 652 2456; x_wconf 91' lang='grc'><strong>55</strong></span> <span class='ocrx_word' id='word_1_198' title='bbox 664 2396 780 2455; x_wconf 87' lang='lat' dir='ltr'>civilem</span> <span class='ocrx_word' id='word_1_199' title='bbox 792 2394 928 2457; x_wconf 90' lang='lat' dir='ltr'>habitum</span> <span class='ocrx_word' id='word_1_200' title='bbox 937 2395 1106 2456; x_wconf 90' lang='lat' dir='ltr'>honoribus</span> <span class='ocrx_word' id='word_1_201' title='bbox 1120 2396 1218 2470; x_wconf 78' lang='lat' dir='ltr'>signi·</span> 
     </span>
    </p>
   </div>
   <div class='ocr_carea' id='block_1_14' title="bbox 232 2477 1295 2624">
    <p class='ocr_par' dir='ltr' id='par_1_14' title="bbox 232 2477 1295 2624">
     <span class='ocr_line' id='line_1_26' title="bbox 232 2477 1295 2562; baseline 0.004 -27"><span class='ocrx_word' id='word_1_202' title='bbox 232 2477 368 2552; x_wconf 76' lang='lat' dir='ltr'>litarent,</span> <span class='ocrx_word' id='word_1_203' title='bbox 382 2496 462 2553; x_wconf 86' lang='lat' dir='ltr'>quac</span> <span class='ocrx_word' id='word_1_204' title='bbox 473 2478 689 2562; x_wconf 84' lang='lat' dir='ltr'>exprobrando</span> <span class='ocrx_word' id='word_1_205' title='bbox 701 2477 841 2539; x_wconf 90' lang='lat' dir='ltr'>inimicus</span> <span class='ocrx_word' id='word_1_206' title='bbox 853 2481 972 2539; x_wconf 87' lang='lat' dir='ltr'>latetur.</span> <span class='ocrx_word' id='word_1_207' title='bbox 990 2477 1061 2539; x_wconf 91' lang='lat' dir='ltr'>huic</span> <span class='ocrx_word' id='word_1_208' title='bbox 1074 2479 1214 2539; x_wconf 88' lang='lat' dir='ltr'>Graccho</span> <span class='ocrx_word' id='word_1_209' title='bbox 1294 2542 1295 2547; x_wconf 59' lang='grc'><strong>,</strong></span> 
     </span>
     <span class='ocr_line' id='line_1_27' title="bbox 234 2559 1295 2624; baseline 0.007 -8"><span class='ocrx_word' id='word_1_210' title='bbox 234 2559 384 2619; x_wconf 89' lang='lat' dir='ltr'>minorem</span> <span class='ocrx_word' id='word_1_211' title='bbox 406 2577 445 2621; x_wconf 92' lang='lat' dir='ltr'><strong>ex</strong></span> <span class='ocrx_word' id='word_1_212' title='bbox 460 2562 579 2621; x_wconf 90' lang='lat' dir='ltr'>duabus</span> <span class='ocrx_word' id='word_1_213' title='bbox 594 2562 665 2620; x_wconf 88' lang='lat' dir='ltr'>liliis</span> <span class='ocrx_word' id='word_1_214' title='bbox 676 2577 797 2621; x_wconf 89' lang='lat' dir='ltr'>—nam</span> <span class='ocrx_word' id='word_1_215' title='bbox 813 2562 910 2624; x_wconf 89' lang='lat' dir='ltr'>maior</span> <span class='ocrx_word' id='word_1_216' title='bbox 923 2563 954 2622; x_wconf 88' lang='lat' dir='ltr'><strong>P.</strong></span> <span class='ocrx_word' id='word_1_217' title='bbox 972 2561 1111 2623; x_wconf 84' lang='lat' dir='ltr'>Cornelio</span> <span class='ocrx_word' id='word_1_218' title='bbox 1125 2562 1215 2623; x_wconf 89' lang='lat' dir='ltr'>Nasi-</span> <span class='ocrx_word' id='word_1_219' title='bbox 1294 2594 1295 2597; x_wconf 33' lang='lat'>¹</span> 
     </span>
    </p>
   </div>
   <div class='ocr_carea' id='block_1_15' title="bbox 220 2640 1215 2971">
    <p class='ocr_par' dir='ltr' id='par_1_15' title="bbox 220 2640 1215 2971">
     <span class='ocr_line' id='line_1_28' title="bbox 220 2640 1215 2721; baseline 0.008 -22"><span class='ocrx_word' id='word_1_220' title='bbox 220 2652 288 2699; x_wconf 84' lang='grc'><strong>’555</strong></span> <span class='ocrx_word' id='word_1_221' title='bbox 308 2640 391 2701; x_wconf 90' lang='lat' dir='ltr'>haud</span> <span class='ocrx_word' id='word_1_222' title='bbox 411 2643 502 2701; x_wconf 92' lang='lat' dir='ltr'>dubie</span> <span class='ocrx_word' id='word_1_223' title='bbox 523 2659 542 2700; x_wconf 93' lang='lat' dir='ltr'>a</span> <span class='ocrx_word' id='word_1_224' title='bbox 563 2649 648 2718; x_wconf 88' lang='lat' dir='ltr'>patre</span> <span class='ocrx_word' id='word_1_225' title='bbox 671 2644 821 2706; x_wconf 89' lang='lat' dir='ltr'>collocata</span> <span class='ocrx_word' id='word_1_226' title='bbox 841 2642 1094 2721; x_wconf 84' lang='lat' dir='ltr'>erat-&#39;nuptam</span> <span class='ocrx_word' id='word_1_227' title='bbox 1113 2645 1215 2707; x_wconf 87' lang='lat' dir='ltr'>luisse</span> 
     </span>
     <span class='ocr_line' id='line_1_29' title="bbox 234 2723 1214 2811; baseline 0.007 -28"><span class='ocrx_word' id='word_1_228' title='bbox 234 2723 384 2784; x_wconf 89' lang='lat' dir='ltr'>convenit.</span> <span class='ocrx_word' id='word_1_229' title='bbox 416 2723 491 2811; x_wconf 87' lang='lat' dir='ltr'>illud</span> <span class='ocrx_word' id='word_1_230' title='bbox 508 2742 616 2801; x_wconf 85' lang='lat' dir='ltr'>pamm</span> <span class='ocrx_word' id='word_1_231' title='bbox 632 2735 759 2804; x_wconf 85' lang='grc'><strong>5555151,</strong></span> <span class='ocrx_word' id='word_1_232' title='bbox 774 2736 873 2791; x_wconf 90' lang='lat' dir='ltr'>utrum</span> <span class='ocrx_word' id='word_1_233' title='bbox 889 2738 960 2805; x_wconf 91' lang='lat' dir='ltr'>post</span> <span class='ocrx_word' id='word_1_234' title='bbox 973 2737 1102 2790; x_wconf 90' lang='lat' dir='ltr'>mortem</span> <span class='ocrx_word' id='word_1_235' title='bbox 1114 2731 1214 2804; x_wconf 90' lang='lat' dir='ltr'>patris</span> 
     </span>
     <span class='ocr_line' id='line_1_30' title="bbox 221 2807 1213 2888; baseline 0.006 -22"><span class='ocrx_word' id='word_1_236' title='bbox 221 2811 262 2867; x_wconf 84' lang='grc'><strong>’51</strong></span> <span class='ocrx_word' id='word_1_237' title='bbox 275 2808 434 2884; x_wconf 88' lang='lat' dir='ltr'>desponsa</span> <span class='ocrx_word' id='word_1_238' title='bbox 449 2807 489 2870; x_wconf 92' lang='lat' dir='ltr'><strong>sit</strong></span> <span class='ocrx_word' id='word_1_239' title='bbox 501 2817 532 2871; x_wconf 97' lang='grc'><strong>51</strong></span> <span class='ocrx_word' id='word_1_240' title='bbox 545 2809 698 2886; x_wconf 87' lang='lat' dir='ltr'>nupserit,</span> <span class='ocrx_word' id='word_1_241' title='bbox 719 2827 758 2871; x_wconf 94' lang='lat' dir='ltr'>an</span> <span class='ocrx_word' id='word_1_242' title='bbox 772 2829 865 2874; x_wconf 89' lang='grc'><strong>55155</strong></span> <span class='ocrx_word' id='word_1_243' title='bbox 878 2814 948 2873; x_wconf 88' lang='grc'><strong>11155</strong></span> <span class='ocrx_word' id='word_1_244' title='bbox 962 2813 1125 2888; x_wconf 88' lang='lat' dir='ltr'>opiniones</span> <span class='ocrx_word' id='word_1_245' title='bbox 1142 2813 1213 2887; x_wconf 89' lang='lat' dir='ltr'>sint,</span> 
     </span>
     <span class='ocr_line' id='line_1_31' title="bbox 232 2890 1214 2971; baseline 0.008 -22"><span class='ocrx_word' id='word_1_246' title='bbox 232 2890 419 2967; x_wconf 85' lang='lat' dir='ltr'>Gracchum,</span> <span class='ocrx_word' id='word_1_247' title='bbox 442 2911 510 2955; x_wconf 90' lang='lat' dir='ltr'>cum</span> <span class='ocrx_word' id='word_1_248' title='bbox 524 2894 558 2954; x_wconf 89' lang='lat' dir='ltr'><strong>L.</strong></span> <span class='ocrx_word' id='word_1_249' title='bbox 574 2894 678 2971; x_wconf 91' lang='lat' dir='ltr'>Scipio</span> <span class='ocrx_word' id='word_1_250' title='bbox 693 2896 723 2954; x_wconf 90' lang='lat' dir='ltr'>iu</span> <span class='ocrx_word' id='word_1_251' title='bbox 738 2896 861 2958; x_wconf 86' lang='lat' dir='ltr'>vincula</span> <span class='ocrx_word' id='word_1_252' title='bbox 876 2898 1040 2966; x_wconf 88' lang='lat' dir='ltr'>duceretur</span> <span class='ocrx_word' id='word_1_253' title='bbox 1053 2911 1110 2956; x_wconf 89' lang='lat' dir='ltr'><strong>nec</strong></span> <span class='ocrx_word' id='word_1_254' title='bbox 1127 2898 1214 2971; x_wconf 91' lang='lat' dir='ltr'>quis-</span> 
     </span>
    </p>
   </div>
   <div class='ocr_carea' id='block_1_16' title="bbox 1282 291 1293 324">
    <p class='ocr_par' dir='ltr' id='par_1_16' title="bbox 1282 291 1293 324">
     <span class='ocr_line' id='line_1_32' title="bbox 1282 291 1293 324; baseline 0 0"><span class='ocrx_word' id='word_1_255' title='bbox 1282 291 1293 324; x_wconf 69' lang='lat' dir='ltr'>d</span> 
     </span>
    </p>
   </div>
   <div class='ocr_carea' id='block_1_17' title="bbox 118 2057 1296 2136">
    <p class='ocr_par' dir='ltr' id='par_1_17' title="bbox 118 2057 1296 2136">
     <span class='ocr_line' id='line_1_33' title="bbox 118 2057 1296 2136; baseline -0.003 -13"><span class='ocrx_word' id='word_1_256' title='bbox 118 2120 120 2123; x_wconf 84' lang='lat'>.</span> <span class='ocrx_word' id='word_1_257' title='bbox 233 2057 264 2118; x_wconf 89' lang='grc'><strong>15</strong></span> <span class='ocrx_word' id='word_1_258' title='bbox 280 2061 418 2136; x_wconf 88' lang='lat' dir='ltr'>comitio,</span> <span class='ocrx_word' id='word_1_259' title='bbox 439 2060 470 2119; x_wconf 93' lang='lat' dir='ltr'><strong>in</strong></span> <span class='ocrx_word' id='word_1_260' title='bbox 485 2061 621 2136; x_wconf 88' lang='lat' dir='ltr'>Rostris,</span> <span class='ocrx_word' id='word_1_261' title='bbox 637 2062 668 2121; x_wconf 90' lang='lat' dir='ltr'><strong>in</strong></span> <span class='ocrx_word' id='word_1_262' title='bbox 683 2062 781 2135; x_wconf 91' lang='lat' dir='ltr'>curia,</span> <span class='ocrx_word' id='word_1_263' title='bbox 796 2062 827 2120; x_wconf 93' lang='lat' dir='ltr'><strong>in</strong></span> <span class='ocrx_word' id='word_1_264' title='bbox 843 2061 1015 2136; x_wconf 71' lang='lat' dir='ltr'>Capitolio,</span> <span class='ocrx_word' id='word_1_265' title='bbox 1027 2062 1057 2120; x_wconf 90' lang='lat' dir='ltr'><strong>in</strong></span> <span class='ocrx_word' id='word_1_266' title='bbox 1072 2060 1150 2121; x_wconf 88' lang='lat' dir='ltr'>cella</span> <span class='ocrx_word' id='word_1_267' title='bbox 1163 2061 1214 2120; x_wconf 86' lang='lat' dir='ltr'><strong>lo·</strong></span> <span class='ocrx_word' id='word_1_268' title='bbox 1293 2112 1296 2129; x_wconf 83' lang='lat'>‚</span> 
     </span>
    </p>
   </div>
   <div class='ocr_carea' id='block_1_18' title="bbox 232 2976 1287 3055">
    <p class='ocr_par' dir='ltr' id='par_1_18' title="bbox 232 2976 1287 3055">
     <span class='ocr_line' id='line_1_34' title="bbox 232 2976 1287 3055; baseline 0.009 -22"><span class='ocrx_word' id='word_1_269' title='bbox 232 2991 324 3048; x_wconf 88' lang='lat' dir='ltr'>quam</span> <span class='ocrx_word' id='word_1_270' title='bbox 349 2979 534 3054; x_wconf 82' lang='lat' dir='ltr'>collegarum</span> <span class='ocrx_word' id='word_1_271' title='bbox 558 2978 672 3039; x_wconf 85' lang='lat' dir='ltr'>auxilio</span> <span class='ocrx_word' id='word_1_272' title='bbox 694 2987 792 3055; x_wconf 89' lang='grc'><strong>55551,</strong></span> <span class='ocrx_word' id='word_1_273' title='bbox 818 2981 939 3041; x_wconf 89' lang='grc'><strong>1515555</strong></span> <span class='ocrx_word' id='word_1_274' title='bbox 959 2978 1018 3041; x_wconf 93' lang='lat' dir='ltr'>sibi</span> <span class='ocrx_word' id='word_1_275' title='bbox 1039 2976 1213 3041; x_wconf 88' lang='lat' dir='ltr'>inimicitias</span> <span class='ocrx_word' id='word_1_276' title='bbox 1284 3048 1287 3053; x_wconf 55' lang='grc'><strong>,</strong></span> 
     </span>
    </p>
   </div>
   <div class='ocr_carea' id='block_1_19' title="bbox 212 3057 1215 3561">
    <p class='ocr_par' dir='ltr' id='par_1_19' title="bbox 212 3057 1215 3561">
     <span class='ocr_line' id='line_1_35' title="bbox 231 3057 1215 3138; baseline 0.004 -19"><span class='ocrx_word' id='word_1_277' title='bbox 231 3071 300 3119; x_wconf 79' lang='lat' dir='ltr'>cum</span> <span class='ocrx_word' id='word_1_278' title='bbox 309 3057 527 3136; x_wconf 86' lang='lat' dir='ltr'>Scipionibus,</span> <span class='ocrx_word' id='word_1_279' title='bbox 550 3078 629 3138; x_wconf 86' lang='lat' dir='ltr'>quae</span> <span class='ocrx_word' id='word_1_280' title='bbox 644 3062 787 3137; x_wconf 90' lang='lat' dir='ltr'>luissent,</span> <span class='ocrx_word' id='word_1_281' title='bbox 809 3080 948 3137; x_wconf 88' lang='grc'><strong>1555515,</strong></span> <span class='ocrx_word' id='word_1_282' title='bbox 969 3079 1027 3124; x_wconf 89' lang='grc'><strong>555</strong></span> <span class='ocrx_word' id='word_1_283' title='bbox 1044 3078 1079 3122; x_wconf 90' lang='grc'><strong>55</strong></span> <span class='ocrx_word' id='word_1_284' title='bbox 1093 3062 1215 3137; x_wconf 78' lang='lat' dir='ltr'>gratiae</span> 
     </span>
     <span class='ocr_line' id='line_1_36' title="bbox 232 3145 1213 3223; baseline 0.006 -24"><span class='ocrx_word' id='word_1_285' title='bbox 232 3145 428 3216; x_wconf 86' lang='lat' dir='ltr'>quaerendae</span> <span class='ocrx_word' id='word_1_286' title='bbox 448 3162 542 3205; x_wconf 91' lang='lat' dir='ltr'>causa</span> <span class='ocrx_word' id='word_1_287' title='bbox 564 3148 862 3220; x_wconf 73' lang='grc' dir='ltr'><strong>5515555511555155ι</strong></span> <span class='ocrx_word' id='word_1_288' title='bbox 883 3147 985 3207; x_wconf 88' lang='lat' dir='ltr'>sedin</span> <span class='ocrx_word' id='word_1_289' title='bbox 1001 3158 1213 3223; x_wconf 74' lang='grc'><strong>5551555155-</strong></span> 
     </span>
     <span class='ocr_line' id='line_1_37' title="bbox 231 3229 1214 3303; baseline 0.005 -19"><span class='ocrx_word' id='word_1_290' title='bbox 231 3240 295 3284; x_wconf 92' lang='lat' dir='ltr'><strong>rem</strong></span> <span class='ocrx_word' id='word_1_291' title='bbox 316 3241 405 3300; x_wconf 85' lang='lat' dir='ltr'>reges</span> <span class='ocrx_word' id='word_1_292' title='bbox 425 3235 458 3289; x_wconf 88' lang='grc'><strong>51</strong></span> <span class='ocrx_word' id='word_1_293' title='bbox 477 3229 677 3303; x_wconf 84' lang='lat' dir='ltr'>imperatores</span> <span class='ocrx_word' id='word_1_294' title='bbox 698 3229 832 3291; x_wconf 91' lang='lat' dir='ltr'>hostium</span> <span class='ocrx_word' id='word_1_295' title='bbox 852 3231 1014 3291; x_wconf 91' lang='lat' dir='ltr'>ducentem</span> <span class='ocrx_word' id='word_1_296' title='bbox 1031 3229 1165 3289; x_wconf 67' lang='lat' dir='ltr'><strong>⁴vidisset</strong></span> <span class='ocrx_word' id='word_1_297' title='bbox 1179 3229 1214 3289; x_wconf 91' lang='grc' dir='ltr'><strong>Ρ.</strong></span> 
     </span>
     <span class='ocr_line' id='line_1_38' title="bbox 229 3308 1214 3391; baseline 0.005 -24"><span class='ocrx_word' id='word_1_298' title='bbox 229 3308 419 3386; x_wconf 85' lang='lat' dir='ltr'>Africanum,</span> <span class='ocrx_word' id='word_1_299' title='bbox 440 3310 471 3370; x_wconf 89' lang='lat' dir='ltr'><strong>in</strong></span> <span class='ocrx_word' id='word_1_300' title='bbox 490 3328 562 3391; x_wconf 93' lang='lat' dir='ltr'><strong>eum</strong></span> <span class='ocrx_word' id='word_1_301' title='bbox 583 3329 618 3382; x_wconf 87' lang='lat' dir='ltr'><strong>se</strong></span> <span class='ocrx_word' id='word_1_302' title='bbox 638 3314 760 3374; x_wconf 89' lang='grc'><strong>11511515</strong></span> <span class='ocrx_word' id='word_1_303' title='bbox 779 3315 846 3374; x_wconf 89' lang='grc'><strong>5155</strong></span> <span class='ocrx_word' id='word_1_304' title='bbox 868 3314 938 3374; x_wconf 89' lang='grc'><strong>5551</strong></span> <span class='ocrx_word' id='word_1_305' title='bbox 953 3330 1015 3374; x_wconf 88' lang='grc'><strong>555</strong></span> <span class='ocrx_word' id='word_1_306' title='bbox 1033 3328 1214 3388; x_wconf 88' lang='lat' dir='ltr'>passurum.</span> 
     </span>
     <span class='ocr_line' id='line_1_39' title="bbox 229 3393 1214 3473; baseline 0.005 -21"><span class='ocrx_word' id='word_1_307' title='bbox 229 3399 369 3473; x_wconf 88' lang='lat' dir='ltr'>senatum</span> <span class='ocrx_word' id='word_1_308' title='bbox 382 3409 422 3454; x_wconf 90' lang='lat' dir='ltr'><strong>eo</strong></span> <span class='ocrx_word' id='word_1_309' title='bbox 437 3394 622 3456; x_wconf 89' lang='grc'><strong>5151511515</strong></span> <span class='ocrx_word' id='word_1_310' title='bbox 638 3394 785 3471; x_wconf 85' lang='lat' dir='ltr'>capitolio</span> <span class='ocrx_word' id='word_1_311' title='bbox 801 3404 959 3456; x_wconf 86' lang='lat' dir='ltr'>cenantem</span> <span class='ocrx_word' id='word_1_312' title='bbox 974 3393 1214 3457; x_wconf 86' lang='lat' dir='ltr'>consurrexisse</span> 
     </span>
     <span class='ocr_line' id='line_1_40' title="bbox 212 3477 1199 3561; baseline 0.005 -27"><span class='ocrx_word' id='word_1_313' title='bbox 212 3503 216 3511; x_wconf 77' lang='lat'><em>=</em></span> <span class='ocrx_word' id='word_1_314' title='bbox 228 3483 259 3535; x_wconf 91' lang='grc'><strong>51</strong></span> <span class='ocrx_word' id='word_1_315' title='bbox 268 3477 435 3552; x_wconf 72' lang='lat' dir='ltr'>petissent</span> <span class='ocrx_word' id='word_1_316' title='bbox 446 3477 523 3538; x_wconf 92' lang='lat' dir='ltr'>inter</span> <span class='ocrx_word' id='word_1_317' title='bbox 535 3479 642 3554; x_wconf 90' lang='lat' dir='ltr'>epulas</span> <span class='ocrx_word' id='word_1_318' title='bbox 651 3479 788 3561; x_wconf 89' lang='lat' dir='ltr'>Graccho</span> <span class='ocrx_word' id='word_1_319' title='bbox 800 3480 893 3538; x_wconf 89' lang='lat' dir='ltr'>liliam</span> <span class='ocrx_word' id='word_1_320' title='bbox 899 3481 1064 3541; x_wconf 82' lang='lat' dir='ltr'>Africanus</span> <span class='ocrx_word' id='word_1_321' title='bbox 1073 3480 1199 3554; x_wconf 80' lang='lat' dir='ltr'>despou</span> 
     </span>
    </p>
   </div>
   <div class='ocr_carea' id='block_1_20' title="bbox 0 0 1304 4000">
    <p class='ocr_par' dir='ltr' id='par_1_20' title="bbox 0 0 1304 4000">
     <span class='ocr_line' id='line_1_41' title="bbox 0 0 1304 4000; baseline 0 1"><span class='ocrx_word' id='word_1_322' title='bbox 0 0 1304 4000; x_wconf 95' lang='lat' dir='ltr'><strong> </strong></span> 
     </span>
    </p>
   </div>
  </div>
 </body>
</html>
