2600 4000
208 205 270 270 sm
333 203 448 263 nunna
462 202 622 263 xrolvm.
645 201 729 262 cnr.
743 209 842 266 anan
866 185 1076 278 [aotam

209 372 350 438 quoque,
370 370 556 432 quamquam
576 352 776 430 Aegiensium
796 355 919 416 favebat
937 370 1065 431 causae,
1087 359 1197 434 Argos
1230 403 1232 406 -

209 442 306 511 venit;
326 437 380 501 ubi
400 455 469 499 cum
489 437 671 514 disceptatio
692 436 802 499 luisset
814 445 845 499 et
857 454 924 499 rem
936 436 1114 501 inclinatam
1128 457 1193 502 cer·

209 531 310 600 neret,
330 522 452 599 incepto
475 520 597 582 destitit.
619 519 853 582 Lacedaemonii
874 511 987 583 deinde
1003 539 1074 584 eum
1089 522 1123 584 in
1137 542 1198 587 sua

211 606 376 672 certamina
398 611 582 667 averterunt
614 603 776 666 sollicitam
800 620 869 665 eam
894 604 1046 667 civitatem
1066 610 1196 670 exsules

210 694 341 755 maxime
359 689 528 762 habebant,
551 696 683 766 quorum
703 704 814 765 magna
833 704 907 765 pers
920 689 950 749 in
964 690 1123 751 maritimis
1138 694 1196 752 La-

211 777 338 840 conicae
360 790 433 836 orae
453 772 589 834 castellis
601 771 744 849 vicisque
758 771 810 849 qui
824 788 933 840 omnes
947 774 1082 851 adempti
1097 783 1196 850 erant,

212 860 396 923 habitabant.
418 857 451 918 id
464 872 557 933 aegre
569 855 721 933 patientes
735 855 981 931 Lacedaemonii,
994 865 1028 919 ut
1041 859 1146 934 aliqua
1161 860 1184 918 li

132 938 135 945 ’
212 948 317 1007 berum
332 944 372 1003 ad
386 957 470 1003 mare
483 941 631 1002 haberent
640 940 762 1015 aditum,
778 938 940 1017 siquando
952 939 1083 1002 Romam
1093 943 1198 1004 aliove

196 1044 274 1106 ,quo
295 1027 446 1088 miherent
464 1026 592 1101 legatos,
613 1023 703 1085 simul
723 1030 757 1084 ut
776 1024 945 1101 emporium
965 1031 997 1085 et
1014 1035 1196 1100 receptacu-

212 1115 274 1173 lum
288 1110 458 1187 peregrinis
472 1109 625 1169 mercibus
641 1109 682 1170 ad
695 1108 891 1169 necessarios
903 1122 982 1170 usus
996 1116 1089 1182 esset,
1104 1117 1198 1171 nocte

212 1194 311 1256 adorti
331 1194 433 1254 vicum
452 1191 634 1254 maritimum
655 1191 779 1254 nomine
792 1192 856 1252 Lan
875 1190 1046 1267 improviso
1062 1207 1197 1268 occupa-

211 1284 329 1339 verunt.
351 1275 452 1336 vicani
467 1276 582 1351 quique
595 1276 637 1336 ibi
651 1277 775 1337 exsules
789 1275 968 1338 habitabant
980 1275 1080 1350 primo
1093 1275 1194 1353 inopi-

212 1367 327 1422 natare
341 1358 435 1420 territi
448 1365 531 1434 sunt,
551 1359 663 1421 deinde
678 1359 735 1423 sub
749 1360 850 1421 lucem
864 1358 1040 1435 congregati
1054 1361 1116 1421 levi
1130 1375 1196 1420 oer-

213 1444 324 1507 tamine
337 1443 521 1518 expulerunt
534 1442 806 1506 Lacedaemonios.
835 1452 932 1505 terror
951 1450 1051 1504 tamen
1074 1459 1198 1505 omnem

214 1526 392 1590 maritimam
407 1542 491 1588 oram
506 1527 659 1602 pervasit3
684 1529 866 1603 legatosque
886 1526 1087 1590 communiter
1101 1537 1134 1591 et
1148 1544 1198 1589 ca-

214 1614 301 1675 stella
312 1609 414 1674 omnia
426 1609 548 1686 vicique
562 1617 593 1672 et
606 1613 740 1685 exsules,
756 1610 867 1687 quibus
882 1611 923 1673 ibi
937 1610 1090 1673 domicilia
1100 1619 1198 1686 erant,

214 1698 253 1757 ad
268 1697 412 1759 Achaeos
432 1695 588 1774 miserunt.
620 1694 725 1756 XXXI.
745 1694 963 1770 Philopoemen
977 1701 1118 1772 praetor,
1138 1698 1199 1757 iam

215 1781 286 1842 ande
301 1781 340 1842 ab
354 1778 439 1841 initio
454 1781 595 1841 exsulum
606 1794 719 1840 causae
728 1779 899 1854 etamious,
914 1787 945 1841 et
956 1785 1064 1840 auctor
1074 1795 1200 1857 semper

214 1864 348 1925 Achaeis
359 1863 515 1924 minuendi
526 1879 604 1939 opes
615 1860 864 1925 etauctoritatem
874 1862 1197 1938 Lacedaemoniorum,

216 1945 378 2011 concilium
402 1948 598 2023 querentibus
619 1946 716 2023 dedit,
742 1947 959 2024 decretumque
981 1948 1136 2010 referente
1160 1963 1198 2010 eo

216 2033 327 2092 lactum
343 2036 401 2106 est,
416 2045 486 2091 cum
499 2032 530 2091 in
544 2032 637 2093 ddem
649 2030 843 2093 Achaeorum
857 2032 1044 2107 tutelamque
1056 2032 1090 2091 T.
1106 2032 1199 2106 Quin·

216 2115 294 2176 etius
315 2122 347 2176 et
359 2114 489 2176 Romani
502 2115 674 2177 Laconicae
688 2130 760 2175 orae
775 2116 900 2177 castella
911 2122 940 2176 et
949 2115 1041 2177 vicos
1054 2116 1199 2177 tradidis-

217 2208 293 2273 sent,
314 2204 345 2260 et
360 2215 429 2260 oum
443 2198 596 2261 abstinere
608 2198 651 2260 iis¹
661 2215 702 2259 ex
716 2199 842 2260 loedere
855 2199 1091 2261 Lacedaemonii
1105 2200 1199 2261 debe-

217 2291 292 2359 rent,
304 2283 467 2345 boemicus
483 2288 679 2359 oppugnatus
693 2289 778 2344 esset
792 2283 968 2359 caedesque
980 2283 1023 2344 ibi
1038 2285 1129 2357 laeta,
1147 2283 1200 2359 qui

217 2368 284 2429 eius
312 2367 358 2428 rei
386 2374 527 2429 auctores
556 2367 738 2442 adfinesque
764 2373 884 2441 essent,
919 2367 979 2427 nisi
1015 2366 1200 2428 dederentur

216 2448 365 2524 Achaeis,
393 2449 538 2512 violatum
560 2449 660 2512 videri
682 2451 802 2511 foedus.
833 2451 874 2512 ad
898 2451 1117 2527 exposcendos
1144 2467 1200 2511 eos

217 2533 308 2607 legati
327 2533 480 2606 extemplo
500 2533 763 2593 Lacedaemonem
782 2534 964 2595 missisunt.
991 2533 1023 2595 id
1037 2533 1200 2612 imperium

216 2614 295 2675 adeo
309 2614 477 2688 superbum
491 2621 522 2676 et
535 2615 693 2690 indignum
707 2616 959 2679 Lacedaemoniis
972 2616 1074 2680 visum
1089 2625 1147 2691 est,
1167 2625 1201 2679 ut

185 2704 188 2710 '
217 2697 243 2760 ai
264 2696 390 2773 antiqua
410 2695 539 2760 ciuitatis
560 2699 681 2761 fortuna
702 2708 800 2776 esset,
826 2700 1022 2763 hauddubie
1043 2718 1128 2763 arma
1147 2717 1199 2763 ex·

216 2782 330 2858 templo
355 2782 473 2857 capturi
491 2783 610 2846 luerint.
643 2785 775 2845 maxime
795 2791 894 2846 autem
916 2786 1124 2846 consternavit
1144 2801 1201 2846 eos

216 2872 325 2942 metus,
341 2865 368 2926 si
383 2869 477 2928 semel
492 2867 598 2944 primis
612 2868 748 2944 imperiis
760 2869 933 2931 obediendo
945 2869 1049 2944 iugum
1060 2870 1199 2944 accepis·

216 2956 295 3023 sent,
310 2966 350 3010 ne
361 2950 392 3010 id
405 2953 489 3026 quod
500 2952 559 3012 iam
570 2952 623 3013 diu
634 2951 791 3014 moliretur
799 2952 1027 3029 Philopoemen,
1039 2951 1201 3015 exsulibus

216 3032 478 3096 Lacedaemonem
494 3036 634 3099 traderet.
658 3038 793 3097 furentes
807 3036 898 3112 igitur
911 3037 958 3097 ira
970 3036 1093 3112 triginta
1103 3037 1200 3097 homi·

218 3116 307 3177 nibus
329 3132 369 3176 ex
394 3119 541 3193 laeuone,
567 3135 635 3180 cum
656 3137 717 3195 qua
737 3121 935 3182 consiliorum
948 3120 1202 3197 atiquasocletas

216 3199 447 3275 Philopoemeni
459 3209 552 3277 atque
563 3203 723 3264 exsulibus
735 3211 808 3277 erat,
820 3204 986 3267 interiectis
999 3205 1203 3265 decreverunt

217 3283 448 3345 renuntiandam
467 3286 645 3346 societatem
669 3287 819 3363 Achaeis,
840 3290 1022 3364 legatosque
1046 3290 1202 3364 extemplo

218 3367 444 3444 Cephalleniam
468 3369 647 3444 mittendos,
674 3371 726 3447 qui
751 3373 871 3433 consuli
891 3372 933 3432 Μ.
952 3371 1060 3433 Fulvio
1085 3369 1202 3448 quique

218 3450 362 3513 Romanis
382 3451 643 3515 Lacedaemonem
666 3455 828 3530 dederent,
854 3462 1038 3531 orarentque
1058 3471 1147 3527 eum,
1171 3462 1202 3515 ιιι
