2600 4000
246 204 508 268 Lfflltltxxxlll.
532 206 614 267 cAP.
629 215 786 272 ananan
809 214 894 282 [to.
911 216 973 285 mo]
1037 208 1098 275 too

120 358 181 423 tius
201 356 319 433 offecit,
340 359 544 435 vulgataeque
560 356 677 425 litterae
696 360 727 420 c.
743 357 958 436 Sempronium
977 360 1098 424 Tudita-

118 459 192 508 num
212 443 432 519 proconsulem
451 440 484 503 in
505 439 646 504 citeriore
665 440 817 518 Hispania
836 442 954 517 proelio
975 442 1099 520 victum,

118 526 289 591 exercitum
303 524 371 588 eins
392 526 495 587 iusum
516 526 667 602 iugatum,
692 527 805 588 multos
825 524 952 588 illustris
969 525 1054 588 viros
1068 527 1099 588 in

10 667 14 678 ,
119 610 188 673 acie
202 607 370 683 cecidisse,
391 608 572 674 Tuditanum
586 625 657 671 oum
676 607 763 685 gravi
776 610 904 670 vulnere
917 609 1046 671 relatum
1060 627 1100 672 ex

120 693 239 773 proelio
253 694 336 755 haud
349 691 392 755 ita
402 693 497 755 multo
508 698 581 770 post
591 692 781 769 exspirasse.
803 691 984 754 consulibus
994 693 1098 756 ambo·

118 779 180 841 bus
199 776 285 840 ltalia
304 774 465 853 provincia
484 793 553 839 cum
573 775 612 838 iis
632 774 805 861 legionibus
828 792 906 853 quas
921 775 1099 853 superiores

121 863 267 925 consules
278 859 461 922 habuissent
471 860 604 934 decreta,
615 867 686 923 etot
697 868 840 937 quattuor
851 859 989 936 legiones
1001 877 1098 923 novas

121 944 305 1017 scriberent,
332 945 410 1005 duas
427 944 576 1017 urbanas,
604 943 683 1006 duas
701 960 781 1020 quac
804 959 866 1020 quo
884 952 1010 1006 senatus
1028 961 1096 1006 cen-

121 1028 236 1092 suisset
262 1026 461 1091 mitterentur.
509 1033 540 1088 ot
566 1027 599 1086 T.
628 1024 786 1101 Quinctius
812 1025 1000 1088 Flamininus
1030 1045 1099 1089 oum

120 1112 242 1176 duabus
265 1108 438 1187 legionibus
458 1107 650 1186 provinciam
672 1111 782 1173 eodem
803 1110 940 1172 exercitu
961 1109 1099 1174 obtinere

119 1194 240 1268 iussum
252 1193 449 1273 imperiumei
459 1201 657 1270 prorogatum
668 1194 743 1256 satis
753 1193 814 1255 iam
825 1202 896 1256 ante
906 1192 1005 1256 videri
1016 1212 1098 1257 esse.

118 1280 226 1341 xxvi.
248 1287 407 1356 praetores
429 1277 541 1339 deinde
562 1276 737 1353 provincias
758 1277 872 1352 sortiti,
893 1278 927 1338 L.
945 1277 1098 1355 Apustius

118 1363 208 1425 Fullo
223 1362 370 1431 urbanam
390 1359 647 1437 iurisdictionem,
667 1362 717 1422 Μ’.
737 1360 857 1425 Acilius
878 1360 999 1425 Glabrio
1020 1360 1099 1425 inter

2 1483 3 1486 =
122 1443 202 1508 civis
222 1454 253 1506 et
273 1443 468 1521 peregrinos,
491 1445 525 1520 Q.
539 1441 654 1507 Fabius
667 1446 766 1508 Buteo
779 1443 960 1521 Hispaniam
974 1444 1097 1508 ulterio·
1138 1459 1141 1468 ·

120 1545 197 1600 rem,
213 1527 247 1602 Q.
258 1527 409 1591 Minucius
419 1528 567 1591 Thermus
579 1527 761 1603 citeriorem,
777 1529 808 1590 G.
816 1527 939 1589 Laelius
955 1527 1098 1604 Siciliam,

120 1611 165 1672 Ti.
180 1611 380 1689 Sempronius
400 1614 526 1690 Longus
548 1611 729 1674 Sardiniam.
767 1612 801 1687 Q.
814 1610 909 1673 Fabio
924 1609 1055 1673 Buteoni
1069 1620 1099 1673 et

121 1695 156 1771 Q.
169 1694 318 1773 Minucio,
334 1695 447 1773 quibus
460 1695 628 1773 Hispaniae
641 1695 821 1772 provinciae
835 1702 1009 1769 evenerant,
1025 1710 1097 1755 oon-

120 1781 205 1843 sules
218 1778 359 1857 legiones
374 1779 512 1856 singulas
527 1796 567 1842 ex
582 1787 726 1855 quattuor
746 1778 786 1839 ab
807 1795 842 1839 se
858 1776 999 1854 scriptis,
1020 1795 1096 1854 quas

118 1862 289 1940 videretur,
309 1862 354 1926 uti
368 1864 477 1926 darent
491 1864 648 1924 decretum
669 1869 731 1939 est,
752 1870 784 1925 ot
803 1861 923 1923 socium
942 1877 979 1922 ac
999 1860 1108 1924 Latini

118 1945 250 2010 nominis
266 1954 415 2025 quaterno
428 1944 512 2008 milia
525 1945 677 2021 peditum,
698 1954 840 2010 trecenos
856 1944 992 2023 equites;
1014 1944 1099 2024 iique

117 2031 216 2109 primo
232 2046 359 2107 quoque
373 2039 511 2104 tempore
525 2027 748 2105 improvincias
762 2029 808 2092 ire
823 2029 910 2091 iussi.
940 2031 1054 2092 bellum
1067 2029 1098 2090 in

117 2110 269 2189 Hispania
284 2110 389 2186 quinto
404 2118 478 2186 post
491 2125 572 2170 anno
586 2119 728 2172 exortum
742 2120 798 2186 est,
815 2128 906 2186 quam
924 2110 1015 2173 simul
1030 2129 1099 2174 cum

119 2194 237 2256 Punico
251 2194 334 2256 bello
350 2194 449 2254 luerat
462 2191 589 2254 linitum.
873 2271 878 2277 ι

70 2286 74 2289 ·
200 2274 382 2355 Priusquam
396 2284 449 2339 aut
462 2274 494 2337 hi
508 2283 667 2353 praetores
682 2276 721 2337 ad
735 2276 848 2338 bellum
862 2293 1099 2355 properatum,

3 2382 4 2439 3
118 2360 192 2438 quia
212 2368 276 2423 tum
295 2358 427 2437 primum
447 2376 505 2422 suo
526 2358 651 2422 nomine
671 2357 739 2421 sine
754 2361 817 2423 ullo
830 2361 945 2424 Punico
961 2358 1098 2423 exercitu

3 2484 4 2489 κ
117 2453 171 2507 ant
185 2445 265 2507 duce
278 2445 319 2506 ad
332 2461 417 2506 arma
430 2442 536 2520 ierant,
551 2442 830 2521 proficiscerentur,
844 2454 897 2508 aut
909 2444 971 2523 ipsi
986 2461 1093 2507 consu·

117 2529 164 2590 les
175 2529 214 2590 ab
225 2529 302 2591 urbo
312 2536 480 2601 moverent,
492 2545 668 2605 procurare,
679 2536 713 2590 ut
722 2531 852 2605 adsolet,
864 2528 1007 2607 prodigia
1018 2547 1098 2605 quae

117 2610 343 2690 nuntiabantur,
356 2611 444 2691 iussi.
465 2612 500 2673 P.
508 2612 619 2676 Villius
634 2628 732 2689 eques
745 2614 904 2677 Romanus
917 2612 948 2675 in
964 2611 1098 2676 Sabinos

117 2693 321 2771 proficiscens
342 2694 469 2759 fulmine
488 2694 557 2773 ipse
582 2713 746 2772 equusque
770 2697 936 2760 exanimati
960 2700 1096 2769 lucrant3

116 2776 207 2841 aedis
219 2777 371 2842 Feroniae
384 2778 417 2841 in
432 2778 578 2856 Capenati
592 2781 632 2841 de
646 2781 733 2841 caelo
748 2789 830 2843 tacta
842 2791 923 2855 erat;
939 2783 980 2843 ad
990 2781 1096 2844 Mone-

118 2870 167 2923 tne
187 2861 315 2925 duarum
334 2862 491 2925 hastarum
512 2861 631 2939 spicula
650 2871 804 2934 arserant;
824 2867 918 2941 lupus
937 2863 1098 2941 Esquilina

117 2953 208 3021 porta
217 2943 387 3022 ingressus,
401 2944 649 3023 frequentissima
663 2954 751 3023 parte
761 2946 857 3024 urbis,
872 2965 941 3010 oum
954 2947 985 3010 in
998 2950 1098 3011 iorum

117 3027 323 3103 occurrisset,
345 3030 448 3092 Tusco
462 3028 533 3093 vico
555 3038 649 3107 atque
662 3031 735 3093 inde
750 3031 891 3095 Germalo
907 3049 964 3109 per
978 3042 1097 3109 portam

46 3184 50 3191 ⁴
118 3112 272 3188 capenam
285 3129 385 3190 prope
398 3111 531 3177 intactus
546 3123 697 3178 evaserat.
726 3115 804 3177 haec
819 3113 961 3194 prodigia
974 3114 1098 3178 maiori·

117 3196 176 3257 bus
189 3193 301 3260 hostiis
315 3206 388 3260 sunt
401 3205 574 3275 procurata.
941 3270 948 3282 ‚

197 3280 319 3342 XXVII.
341 3281 444 3343 Isdem
459 3282 569 3345 diebus
585 3284 638 3344 Cn.
654 3282 814 3345 Cornelius
827 3281 942 3357 Blasio,
960 3281 1097 3360 quiante

117 3361 149 3423 0.
157 3361 373 3440 Sempronium
383 3365 565 3429 Tuditanum
579 3366 752 3429 citeriorem
762 3366 944 3443 Hispaniam
958 3365 1097 3429 obtinue-

114 3453 171 3522 rat,
187 3462 286 3509 ovans
301 3465 342 3531 err
353 3457 478 3513 senatus
493 3450 635 3513 consulto
650 3450 757 3512 urbem
772 3458 820 3512 est
833 3450 1002 3526 ingressus.
1028 3446 1095 3509 tulit
