2600 4000
284 230 400 291 uera
413 216 534 291 ων.
557 209 751 301 cananae.
774 235 810 302 [a.
824 235 856 286 c.
871 231 932 307 m]
1039 225 1103 311 aee

4 405 5 446 r
119 381 320 461 Euthymidas
331 382 369 442 ab
381 381 511 443 Athenis
521 414 565 426 —
575 397 645 441 eum
661 379 814 441 domicilio
830 380 986 455 delegerat
999 381 1102 441 locum

118 498 161 510 -
173 465 294 526 Thebas
310 466 454 541 primum,
474 465 545 526 hinc
560 464 713 540 Salganea
733 463 900 538 processit,
920 463 1101 526 Herodorus

119 549 160 609 ad
170 548 343 609 Thronium.
365 549 438 611 inde
452 548 535 609 haud
549 551 657 624 procul
671 549 702 608 in
716 547 846 608 Maliaco
862 547 932 608 sinu
948 546 1102 608 duomilia

119 632 256 707 peditum
268 632 370 694 Thoas
391 639 421 693 et
442 633 593 694 ducentos
613 633 748 708 equites,
774 631 932 692 onerarias
955 631 1040 690 leves
1061 631 1100 690 ad

119 715 239 789 triginta
252 715 393 777 habebat.
422 732 476 778 eas
492 733 561 778 cum
576 716 733 777 sexcentis
750 715 905 791 peditibus
920 713 1100 775 Herodorus

119 797 247 859 traicere
260 799 292 859 in
306 800 439 861 insulam
452 802 615 862 Atalanten
629 800 752 874 iussus,
767 806 800 861 ut
814 799 900 873 inde,
923 814 992 859 eum
1005 797 1099 874 pede

119 881 190 943 stris
206 884 313 958 copias
328 885 581 960 appropinquare
595 884 656 944 iam
669 883 773 944 Aulidi
790 889 884 959 atque
898 881 1015 957 Euripo
1030 896 1096 942 sen·
1159 901 1163 907 ·

118 966 227 1036 sisset,
243 965 417 1028 Chalcidem
428 968 577 1029 traiceret.
600 968 670 1044 ipse
685 975 804 1028 ceteras
820 966 926 1042 copias
942 966 1099 1027 nocturnis

117 1049 249 1110 maxime
268 1050 442 1125 itineribus,
465 1060 579 1127 quanta
599 1057 720 1127 poterat
739 1052 907 1127 celeritate,
925 1049 1099 1112 chalcidem
1192 1080 1196 1085 ·

118 1133 258 1194 ducebat.
290 1133 452 1196 XXXVlll.
473 1136 621 1214 Micythio
636 1141 666 1196 et
680 1135 881 1209 Xenoclides,
902 1150 1000 1211 penes
1018 1149 1098 1210 quos

118 1224 181 1279 tum
200 1232 320 1279 summa
338 1233 440 1279 rerum
461 1221 552 1295 pulso
574 1219 761 1298 Euthymida
775 1217 919 1280 chalcide
940 1223 1020 1293 erat,
1042 1234 1098 1281 seu

117 1301 177 1378 ipsi
198 1317 256 1377 per
275 1317 311 1362 se
331 1304 480 1378 suspicati
499 1319 557 1365 seu
576 1304 710 1364 indicata
729 1320 764 1364 re
786 1304 884 1380 primo
899 1302 1008 1379 <pavidi
1024 1302 1098 1363 nibil

116 1401 249 1461 usquam
264 1386 332 1462 spei
346 1386 405 1447 nisi
419 1388 450 1447 in
465 1388 537 1463 luga
552 1389 722 1464 ponebant,
745 1388 856 1449 deinde
870 1394 1036 1463 postquam
1050 1402 1097 1446 re-

118 1469 199 1532 sedit
210 1476 309 1531 terror
319 1479 350 1532 et
359 1472 450 1547 prodi
465 1479 496 1532 et
507 1472 609 1533 deseri
621 1489 684 1534 non
696 1472 824 1548 patriam
835 1472 928 1533 modo
940 1471 1098 1532 sedetiam

116 1555 325 1633 Romanorum
340 1556 516 1617 societatem
538 1558 717 1631 cernebant,
740 1556 869 1617 consilio
891 1554 944 1615 tali
965 1553 1099 1613 animum

118 1636 304 1700 adiecemnt
327 1656 449 1701 sacrum
462 1640 704 1702 anniversarium
725 1655 763 1699 eo
780 1641 858 1699 lorte
872 1646 1011 1712 tempore
1024 1636 1096 1695 Ere-
1142 1700 1145 1705 .

117 1721 194 1781 triae
212 1725 443 1800 Amarynthidis
464 1726 579 1786 Dianae
600 1732 681 1799 erat,
709 1723 793 1799 quod
817 1738 879 1781 non
904 1719 1097 1796 popularium

118 1806 210 1866 modo
231 1807 290 1868 sed
304 1809 512 1888 Carystiorum
533 1810 623 1869 etimn
644 1814 735 1869 coetu
750 1804 931 1869 celebratur.
953 1819 991 1864 eo
1007 1804 1096 1863 mise-

117 1897 187 1951 runt
202 1892 254 1965 qui
269 1900 391 1953 orarent
404 1891 594 1951 Eretrienses
609 1890 845 1968 carystiosque,
867 1894 901 1949 ut
912 1894 951 1949 et
971 1903 1096 1949 suarum

118 1974 308 2036 fortunarum
321 1975 352 2035 in
364 1974 473 2034 eadem
484 1974 584 2033 insula
595 1974 688 2050 geniti
698 1972 929 2056 misererentur,
946 1978 976 2033 et
987 1974 1095 2034 Roma·

119 2073 189 2116 nam
204 2056 381 2117 societatem
393 2056 593 2130 respicerent.
615 2072 654 2114 ne
672 2057 806 2117 sinerent
819 2057 997 2121 Aetolorum
1011 2056 1092 2116 Chal·

119 2138 219 2198 cidem
229 2138 312 2198 heriz
330 2139 487 2199 Euboeam
497 2137 673 2211 habituros,
688 2139 716 2199 si
723 2138 896 2199 chalcidem
907 2138 1093 2201 habuissent

119 2237 229 2297 graves
245 2222 341 2283 luisse
350 2222 538 2284 Macedonas
554 2222 710 2284 dominos:
732 2224 826 2282 multo
841 2223 941 2282 minus
955 2224 1096 2284 tolerabi·
1116 2263 1119 2269 -

120 2306 156 2366 lis
172 2306 291 2367 tuturos
304 2308 442 2368 Aetolos.
470 2307 678 2367 Romanorum
697 2305 828 2367 maxime
849 2315 1009 2383 respectus
1025 2306 1096 2367 oivl·

119 2396 194 2451 tates
220 2389 329 2464 movit,
354 2398 385 2452 et
409 2391 548 2452 virtutem
573 2407 672 2467 nuper
696 2392 727 2452 in
753 2391 833 2451 bello
859 2398 889 2452 et
913 2391 943 2450 in
970 2390 1098 2452 victoria

117 2473 261 2535 iustitiam
275 2474 553 2551 benignitatemque
568 2483 723 2552 expertas.
751 2474 854 2550 itaque
869 2475 954 2550 quod
974 2475 1096 2536 roboris

118 2557 147 2618 ln
167 2558 324 2621 iuventute
345 2567 410 2624 erat
429 2567 560 2635 utraque
584 2560 691 2620 civitas
712 2559 839 2621 armavit
863 2557 1016 2634 misitque.
1049 2558 1096 2619 his

118 2643 230 2702 tuenda
244 2642 365 2702 moenia
380 2644 531 2704 chalcidis
548 2644 695 2717 oppidani
717 2659 786 2704 enm
800 2642 1013 2716 tradidissent,
1035 2641 1096 2718 ipsi

118 2723 259 2785 omnibus
281 2726 380 2800 copiis
395 2726 580 2801 transgressi
594 2726 743 2803 Euripum
757 2726 798 2786 ad
813 2726 964 2801 Salganea
983 2741 1095 2802 posue-

116 2815 187 2868 runt
209 2815 319 2869 castra.
345 2810 416 2870 inde
438 2811 622 2870 caduceator
643 2811 788 2885 primum,
811 2810 923 2869 deinde
945 2810 1035 2885 legati
1056 2810 1095 2869 ad

118 2895 244 2954 Aetolos
259 2893 346 2953 missi
361 2899 605 2968 percunctatum,
628 2910 690 2969 quo
712 2910 770 2953 suo
786 2891 868 2952 dicto
883 2894 1004 2953 factove
1018 2893 1094 2954 soci

116 2985 209 3052 atque
219 2976 309 3038 amici
321 2978 359 3037 ad
372 2993 408 3038 se
420 2978 648 3054 oppugnandos
660 2978 807 3038 venirent.
828 2976 1094 3052 responditThoas

117 3062 179 3121 dux
192 3060 371 3122 Aetolorum
393 3078 455 3122 non
472 3063 511 3123 ad
533 3063 761 3138 oppugnandos
782 3059 839 3120 sed
859 3060 899 3120 ad
919 3060 1095 3122 liberandos

117 3144 156 3205 ab
169 3145 316 3207 Romanis
337 3146 442 3206 venire
461 3162 550 3217 sese,
573 3145 782 3222 splendidiore
803 3159 885 3205 nnnc
900 3160 957 3207 eos
978 3150 1095 3219 eatena,
1119 3185 1121 3189 -

117 3229 173 3287 sed
186 3232 279 3290 multo
294 3229 436 3304 graviore
456 3229 576 3293 vinctos
596 3246 683 3303 esse,
706 3246 798 3306 quam
819 3245 888 3289 cum
909 3228 1095 3305 praesidinm

116 3309 318 3373 Macedonum
339 3313 369 3374 in
390 3330 462 3374 arce
482 3314 672 3375 imbuissent.
700 3329 829 3375 severo
851 3329 964 3388 negare
980 3310 1094 3372 Chalci·

117 3395 231 3474 denses
252 3402 305 3457 aut
324 3398 441 3458 servire
464 3398 516 3458 ulli
537 3405 589 3458 aut
613 3397 770 3471 praesidio
793 3398 973 3472 cuiusquam
994 3408 1095 3469 egere.

117 3476 158 3538 ita
173 3477 304 3553 digressi
319 3496 358 3540 ex
374 3481 527 3556 colloquio
550 3480 641 3555 legati
656 3481 694 3540 ad
710 3497 800 3553 suos,
819 3479 921 3541 Thoas
942 3484 972 3538 et
985 3476 1096 3548 Aetoli,

160 3579 187 3621 r.
207 3577 269 3622 trvr
290 3580 367 3624 raas
388 3564 442 3623 lv.
858 3571 891 3621 tt
