2600 4000
218 273 259 336 68
336 297 338 301 v
378 269 495 330 LlBltR
507 267 626 328 XXXII.
650 267 848 329 cabrera
871 270 1071 341 [aomos]

213 428 368 503 politanas
389 437 516 483 avorum
537 420 685 480 memoria
702 421 813 494 pusos
826 420 866 480 ab
879 419 1133 483 Lacedaemoniis
1146 439 1190 483 re

214 508 397 572 cameratio
420 505 550 581 patriam
562 504 752 578 Antigonus,
775 510 806 565 ct
818 504 965 581 Dymaeis
982 506 1080 580 captis
1094 522 1194 582 nuper

213 594 405 669 direptisque
416 590 455 649 ab
466 589 605 648 exaretur
612 588 761 661 Rouana,
777 603 847 647 cum
856 588 967 647 redimi
979 603 1044 663 eos,
1055 590 1194 650 ubicmn·

214 693 276 754 que
294 675 459 747 servirent,
477 672 638 747 Philippus
657 672 816 746 iussisset,
836 688 901 731 nou
917 669 1087 733 libertatem
1099 675 1193 734 modo

213 762 270 823 sed
292 761 381 821 etiem
399 754 735 833 patriamreddieerab
761 757 821 815 iarn
834 754 957 830 Argivi,
977 762 1193 832 praeterquam

215 845 300 922 quod
313 841 517 903 Macedonumr
530 855 622 913 reges
636 840 676 898 ab
690 856 728 899 se
740 839 889 900 oriundos
904 838 1046 912 creduut,
1066 841 1193 915 privatis

214 930 306 991 etiam
325 925 468 1000 hospitiis
488 923 691 997 familiarique
709 922 841 985 amieos
854 922 996 998 plerique
1009 923 1113 999 illigati
1125 924 1192 984 Phi-

215 1014 300 1088 lippo
322 1016 420 1069 erano
451 1008 491 1068 ob
506 1006 584 1067 haec
599 1007 744 1080 mneffio,
765 1007 851 1083 quod
863 1005 1063 1068 inclinaverat
1077 1009 1117 1068 ad
1130 1009 1193 1069 Ro·

215 1111 336 1157 manure
356 1092 534 1154 societatem
548 1091 728 1166 iubeam,
749 1097 966 1159 excesseruut3
988 1089 1142 1167 veniaque
1156 1092 1194 1153 iis

214 1180 305 1240 huius
329 1175 517 1237 secessionis
543 1174 600 1234 luit
618 1183 649 1236 et
668 1175 787 1250 magnis
808 1180 838 1234 et
858 1173 1034 1235 recentibus
1054 1176 1194 1250 obligatis
1231 1226 1235 1232 .

216 1260 384 1323 beneficiis.
418 1258 523 1318 XXlll.
550 1259 642 1317 ceteri
659 1260 765 1334 populi
778 1257 973 1319 Achaeorum
989 1273 1058 1319 cmo
1074 1268 1194 1319 senten·

214 1348 273 1407 tias
295 1349 547 1420 peragerentur,
577 1342 755 1402 societatem
780 1357 849 1402 cum
873 1343 976 1402 Attalo
1004 1358 1041 1402 ac
1064 1342 1194 1403 Rhodiis
1298 1407 1299 1412 χ

215 1429 371 1507 praesumi
392 1428 518 1487 decreto
536 1425 770 1486 confirmarunta
799 1441 868 1485 curn
887 1425 1034 1485 Romanis
1056 1427 1129 1501 quia
1149 1426 1191 1485 iu

216 1516 303 1575 iussu
315 1511 423 1588 populi
437 1527 499 1571 non
512 1514 634 1585 poterat
643 1516 710 1570 rata
724 1525 804 1581 esse,
819 1509 851 1566 in
866 1508 899 1567 id
910 1516 1042 1583 tempus,
1059 1527 1124 1584 que
1132 1510 1181 1571 Ro
1298 1517 1299 1520 ’

215 1614 296 1658 mans
317 1596 392 1656 ratiti
413 1595 506 1670 legati
526 1599 670 1668 possent,
693 1593 787 1652 dilata
805 1599 869 1661 est;
897 1592 928 1650 iu
948 1594 1125 1666 praeseutia
1139 1593 1195 1654 tris

215 1685 333 1757 legates
350 1680 435 1740 adl..
447 1678 619 1753 Quinctium
628 1675 704 1737 mitti
714 1677 837 1751 placuit,
852 1681 884 1734 et
893 1676 1062 1737 exercitum
1073 1693 1194 1738 mnam

215 1766 409 1826 Achaeorum
425 1764 465 1822 ad
482 1761 657 1822 mamam
671 1760 828 1819 mmoveri
842 1759 943 1834 captis
956 1759 1120 1821 &nemeis
1135 1761 1194 1820 iam
1299 1788 1300 1797 κ

215 1851 322 1909 urbem
336 1850 436 1923 ipsam
451 1845 590 1920 Quinctio
605 1850 813 1919 oppugnante.

297 1932 337 1992 Et
349 1932 369 1990 ii
392 1929 515 2006 quidem
529 1945 547 1988 e
561 1927 687 2003 regione
708 1936 828 2004 portae,
852 1945 932 2005 quae
946 1930 1005 1988 lert
1019 1926 1194 2007 Sicyonem,
1298 1949 1299 1954 ¹

218 2021 386 2092 posueruut
400 2018 509 2074 casce
544 2013 676 2073 Romani
691 2013 862 2074 Cenchreas
875 2029 999 2074 versere
1013 2021 1130 2088 partem
1144 2030 1195 2072 ur·

156 2164 158 2168 ,
217 2102 279 2173 nis,
300 2100 420 2159 Attalus
441 2099 582 2158 tradumo
604 2112 661 2172 per
675 2097 822 2158 Isthmum
840 2098 975 2158 exerdtu
990 2098 1030 2157 ab
1043 2097 1195 2172 Lechaeo,

216 2184 340 2244 alterius
355 2181 446 2243 maris
462 2189 568 2257 portu,
592 2183 827 2258 oppugnabant,
851 2182 950 2258 primo
964 2181 1104 2256 segnius,
1122 2195 1194 2255 spe-

215 2275 318 2329 rantes
340 2266 523 2328 seditionem
542 2266 625 2326 intus
645 2267 713 2326 iore
733 2266 811 2327 inter
832 2266 1006 2342 oppidanos
1026 2281 1063 2325 ac
1076 2263 1195 2339 regium

215 2353 412 2427 praesidinm.
444 2357 612 2426 postquam
623 2365 688 2409 uno
703 2348 941 2423 salmucenses,
964 2357 995 2410 et
1006 2349 1194 2409 Macedones

215 2443 370 2510 tamquam
384 2446 576 2493 communem
591 2432 719 2505 patriam
733 2434 908 2507 tuebantur,
931 2441 962 2494 et
980 2431 1124 2494 Corinthii
1140 2432 1193 2492 du·

216 2533 283 2577 cern
303 2514 449 2592 praesidii
463 2515 712 2575 Androsthenem
731 2515 814 2575 haud
834 2531 925 2576 secus
947 2533 1039 2591 quern
1054 2516 1151 2576 civem
1166 2523 1195 2576 et

216 2599 362 2674 sudiagio
379 2603 515 2658 creatus
526 2613 586 2657 suo
596 2597 768 2673 impericia
780 2600 868 2660 scuti
879 2600 1081 2676 patiebantur,
1096 2599 1195 2660 omnis

214 2684 286 2743 inde
310 2697 384 2757 spes
410 2681 617 2756 pugnantibus
637 2682 669 2741 in
688 2683 720 2742 vi
740 2690 770 2744 et
789 2683 882 2744 mmis
903 2691 935 2744 et
953 2684 1100 2760 operibus
1120 2691 1195 2744 eret

215 2766 352 2841 undique
378 2779 507 2840 aggeres
531 2765 614 2825 haud
639 2764 721 2826 facili
743 2767 826 2828 aditu
846 2769 887 2828 ed
906 2769 1028 2830 moenia
1050 2768 1194 2828 admove

215 2852 333 2910 bantur.
366 2849 446 2909 aries
471 2865 510 2909 ex
529 2865 567 2909 ea
587 2858 675 2924 parte
700 2867 791 2926 quam
810 2852 940 2913 Romani
965 2851 1194 2928 oppugnabant

215 2934 405 3009 aliquantum
415 2935 494 2994 muri
510 2933 659 3004 diruerat3
681 2936 711 2995 in
728 2951 818 3011 quern
833 2938 950 3009 locum,
974 2937 1046 3012 qua
1059 2936 1194 2997 nudatus

216 3019 399 3079 munimento
413 3024 485 3091 erat,
502 3020 725 3093 protegendum
737 3020 828 3080 arinis
841 3036 910 3081 cum
920 3019 1110 3081 Macedones
1121 3036 1194 3080 con-

217 3109 387 3177 currerent,
410 3109 499 3163 atrox
520 3104 670 3178 proelium
691 3104 844 3166 intereos
866 3120 903 3164 ac
922 3106 1081 3166 Romanos
1096 3110 1193 3165 ortum

216 3192 271 3246 cst.
305 3202 342 3246 ac
362 3187 460 3262 primo
480 3186 672 3247 mulhtudine
693 3188 783 3247 lacilc
803 3189 1035 3264 expellebantur
1047 3188 1195 3258 Romani;

215 3270 386 3345 adsumptis
412 3271 525 3330 deinde
543 3270 738 3331 Achaeorum
759 3273 915 3348 Attahque
937 3270 1060 3333 auxiliis
1080 3287 1192 3346 aequa·
1295 3336 1297 3339 ,

216 3353 289 3413 bant
308 3360 477 3428 conamen,
498 3369 557 3414 nec
576 3355 702 3415 dublum
723 3363 794 3429 erat
811 3359 885 3430 quin
897 3356 1085 3417 Macedonas
1101 3356 1193 3415 Grae

217 3452 335 3514 cosque
354 3438 445 3498 facile
462 3440 532 3499 loco
547 3440 668 3513 prdsuri
682 3440 801 3503 luerint.
835 3442 1061 3515 aanslugmum
1075 3439 1193 3499 ltallco·

216 3537 282 3581 rurn
302 3537 412 3598 magna
434 3522 593 3585 multitudo
613 3531 692 3597 erat,
716 3540 787 3598 pars
807 3539 846 3582 err
860 3524 1039 3583 Hannibalis
1057 3522 1191 3583 exercitu
