2600 4000
215 238 276 302 122
355 235 472 298 LIBER
485 234 617 295 XXXIII.
640 232 723 294 CAP.
738 241 781 295 46.
792 240 837 295 47.
855 238 892 306 [a.
905 238 940 290 U.
952 254 977 290 c.
989 241 1053 307 557]

212 404 338 466 gravem
353 402 425 448 esse
439 382 616 461 superbiam
633 399 754 458 eorum,
773 385 873 459 legem
887 386 1041 461 extemplo
1056 389 1195 462 promul-

212 471 296 550 gavit
309 470 503 548 pertulitque,
519 468 596 529 utin
611 466 750 542 singulos
765 483 863 529 annos
878 467 996 529 iudices
1010 470 1195 548 legerentur,

215 572 275 617 neu
289 554 358 631 quis
372 552 529 614 biennium
540 551 717 613 continuum
727 552 822 613 iudex
834 556 927 612 esset
950 558 1085 613 ceterum
1097 572 1194 630 quan·

212 648 274 701 tam
295 638 430 702 coiecto
451 637 492 697 ad
512 635 633 713 plebem
649 635 757 696 inierat
770 634 913 710 gratiam,
933 641 1048 698 tantum
1063 653 1195 713 magnae

212 723 308 799 partis
323 721 494 797 principum
510 718 682 782 offenderat
694 718 822 781 animos.
852 719 964 780 adiecit
977 725 1007 781 et
1021 720 1112 796 aliud,
1130 740 1193 797 quo

211 807 295 870 bono
309 805 433 881 publico
449 803 508 864 sibi
522 800 666 880 proprias
681 803 849 864 simultates
864 803 1000 865 irritavit.
1031 805 1195 881 vectigalia

212 891 336 967 publica
357 887 468 964 partim
481 886 674 962 neglegentia
687 885 913 962 dilabebantur,
933 887 1044 962 partim
1056 889 1194 964 praedae
1296 903 1297 952 t

212 989 249 1035 ac
265 970 377 1034 divisui
391 978 422 1032 et
434 967 607 1046 principum
618 969 802 1047 quibusdam
813 976 844 1031 et
854 969 1081 1045 magistratibus
1091 980 1194 1034 erant:

214 1056 286 1134 quin
301 1060 332 1116 et
345 1055 486 1130 pecunia,
502 1070 581 1130 quae
594 1052 626 1115 in
638 1053 825 1130 stipendium
835 1054 982 1116 Romanis
995 1071 1054 1118 suo
1067 1074 1195 1133 quoque

212 1156 294 1202 anno
305 1139 499 1215 penderetur,
511 1138 624 1211 deerat,
633 1138 839 1214 tributumque
851 1153 946 1213 grave
957 1139 1084 1215 privatis
1095 1140 1194 1201 immi-

212 1240 286 1286 nere
310 1222 482 1283 videbatur.
515 1221 633 1282 XLVII.
663 1221 815 1283 Hannibal
835 1227 1002 1298 postquam
1021 1225 1193 1301 vectigalia,

214 1314 328 1384 quanta
346 1305 502 1367 terrestria
523 1303 735 1381 maritimaque
755 1312 861 1367 essent
874 1311 904 1367 et
918 1306 949 1366 in
965 1323 1042 1382 quas
1055 1324 1107 1369 res
1121 1325 1193 1370 ero·

211 1396 365 1467 gerentur,
380 1389 601 1461 animadvertit,
620 1394 651 1450 et
666 1389 740 1464 quid
754 1405 861 1451 eorum
875 1390 1020 1451 ordinarii
1033 1392 1078 1453 rei
1091 1392 1193 1468 publi-
1296 1403 1297 1464 f

213 1490 268 1536 cae
295 1490 373 1536 usus
403 1478 632 1546 consumerent,
668 1480 814 1549 quantum
842 1474 1001 1549 peculatus
1031 1484 1192 1552 averteret,

212 1559 355 1621 omnibus
379 1555 513 1619 residuis
536 1555 678 1633 pecuniis
700 1555 832 1632 exactis,
859 1556 971 1619 tributo
993 1558 1120 1633 privatis
1142 1575 1192 1619 re·
1289 1571 1292 1580 ’

211 1643 323 1718 misso,
349 1641 425 1702 satis
449 1641 633 1716 locupletem
651 1656 718 1701 rem
737 1640 892 1716 publicam
912 1642 980 1704 iore
999 1642 1040 1703 ad
1059 1643 1190 1718 vectigal

212 1726 432 1803 praestandum
445 1725 592 1788 Romanis
612 1724 819 1800 pronuntiavit
835 1725 867 1786 in
881 1726 1038 1799 contione,
1059 1735 1090 1790 et
1103 1743 1191 1802 prae·
1223 1803 1226 1807 ⁴

212 1811 286 1873 stitit
304 1810 499 1887 promissum.
534 1815 599 1871 tum
617 1824 692 1871 vero
712 1808 733 1869 ii
755 1825 834 1885 quos
856 1818 983 1885 paverat
1001 1824 1058 1885 per
1075 1810 1191 1887 aliquot

206 1891 310 1956 'annos
331 1894 472 1969 publicus
492 1894 651 1969 peculatus
665 1895 749 1955 velut
762 1893 852 1954 bonis
867 1894 996 1970 ereptis,
1018 1910 1080 1956 non
1095 1895 1190 1956 furto·

211 1994 279 2040 rum
298 1976 450 2040 manubiis
471 1978 597 2040 extortis
618 1976 730 2039 intensi
750 1984 781 2039 et
799 1977 867 2039 irati
886 1978 1042 2041 Romanos
1063 1979 1094 2039 in
1107 1978 1187 2040 Han·

212 2062 351 2137 nibalem,
367 2069 398 2123 et
410 2062 498 2137 ipsos
513 2077 640 2123 causam
654 2062 717 2122 odii
732 2063 915 2138 quaerentis,
929 2063 1123 2139 instigabant
1145 2063 1187 2127 ita

211 2146 264 2207 diu
278 2151 469 2222 repugnante
479 2145 511 2206 P.
524 2141 670 2221 Scipione
678 2147 835 2222 Africano,
851 2145 903 2222 qui
918 2163 1026 2222 parum
1039 2162 1079 2208 ex
1093 2144 1203 2223 digni

124 2230 128 2238 “
215 2234 272 2291 tate
293 2229 401 2306 populi
414 2227 545 2292 Romani
559 2244 631 2290 esse
646 2230 778 2290 ducebat
792 2229 988 2291 subscribere
1004 2230 1083 2292 odiis
1098 2246 1190 2292 accu-

211 2319 349 2376 satorum
368 2313 561 2387 Hannibalis,
582 2320 613 2374 et
632 2311 815 2374 factionibus
837 2313 1130 2390 Canhaginiensium
1144 2314 1189 2374 in-

211 2413 318 2458 serere
326 2397 479 2473 publicam
486 2394 706 2468 auctoritatem
713 2410 771 2455 nec
781 2396 857 2457 satis
867 2395 981 2458 habere
988 2398 1191 2460 bellovicisse

210 2480 425 2552 Hannibalem,
450 2478 511 2539 nisi
534 2478 618 2539 velut
642 2483 839 2540 accusatores
865 2481 1047 2543 calumniam
1066 2481 1098 2542 in
1119 2498 1190 2545 eum

209 2561 345 2622 iurarent
359 2577 396 2622 ac
408 2576 519 2622 nornen
531 2560 692 2634 deferrent,
706 2562 828 2623 tandem
839 2563 1042 2640 pervicerunt,
1054 2570 1086 2626 ut
1099 2566 1190 2640 legati

211 2644 421 2719 Carthaginem
432 2642 626 2718 mitterentur,
644 2643 697 2719 qui
707 2645 748 2705 ad
759 2652 898 2708 senatum
910 2663 1016 2710 eorum
1027 2653 1191 2724 arguerent

209 2726 410 2789 Hannibalem
421 2728 648 2788 oumAntiocho
659 2742 733 2803 rege
741 2730 947 2792 consiliabelli
959 2731 1091 2793 faciendi
1102 2731 1189 2792 inire.
1296 2734 1297 2767 l

209 2810 300 2885 legati
319 2817 381 2871 tres
401 2809 503 2885 missi,
525 2810 577 2875 cn.
594 2807 742 2873 Servilius
758 2813 799 2873 Μ.
816 2813 960 2876 claudius
974 2815 1138 2877 Marcellus
1153 2814 1187 2889 Q.
1296 2820 1297 2829 ’

209 2893 366 2954 Terentius
379 2892 492 2959 culleo.
515 2895 647 2970 quicum
661 2895 872 2972 Carthaginem
882 2898 1050 2973 venissent
1063 2915 1103 2959 ex
1114 2915 1187 2960 con-

210 2975 279 3038 silio
298 2975 489 3040 inimicorum
502 2978 681 3040 Hannibalis
692 2980 915 3055 quaerentibus
931 2998 1058 3044 causam
1073 2982 1188 3043 adven-

208 3067 257 3121 tus
273 3060 332 3121 dici
347 3059 503 3124 iussemnt
517 3063 641 3123 venisse
656 3078 692 3124 se
706 3064 747 3124 ad
761 3064 1005 3142 controversias,
1024 3082 1104 3142 quae
1119 3081 1187 3128 cum

207 3142 373 3206 Masinissa
383 3160 457 3220 rege
466 3146 663 3208 Numidarum
675 3146 973 3223 Carthaginiensibus
984 3158 1099 3226 esseut,
1115 3149 1187 3211 diri·

207 3228 344 3290 mendas.
367 3229 402 3289 id·
414 3228 561 3291 creditum
576 3231 679 3306 vulgo.
702 3246 796 3294 unum
806 3232 1006 3294 Hannibalem
1021 3250 1057 3295 se
1070 3234 1134 3310 peti
1148 3234 1188 3297 ab

206 3311 354 3372 Romanis
380 3327 442 3373 uon
466 3313 603 3386 fallebat,
633 3320 664 3374 et
686 3315 728 3376 ita
752 3331 861 3391 paoem
885 3316 1186 3394 Carthaeiniensibus

207 3394 309 3455 datam
323 3410 409 3469 esse,
424 3402 458 3459 ut
471 3396 657 3473 inexpiabile
669 3399 782 3461 bellum
797 3400 949 3463 adversus
964 3417 1000 3462 se
1013 3418 1108 3464 unum
1122 3417 1187 3462 ma-

207 3486 300 3540 neret.
328 3480 431 3556 itaque
446 3481 556 3542 cedere
570 3483 700 3559 tempori
715 3489 746 3544 et
759 3483 898 3571 fortunae
912 3485 1031 3561 statuit,
1052 3501 1082 3546 er
1094 3502 1186 3560 prae·
