2600 4000
207 283 245 349 a
351 280 584 342 omunmtxr.
609 277 1039 355 chr.1a.1l.[a.o.0.asn

204 446 260 507 tes,
278 431 390 510 quibus
405 448 445 493 ex
460 429 602 508 pecunia,
618 448 711 506 quam
725 431 766 491 M.
777 430 903 493 Valerio
917 432 959 492 hl.
972 431 1100 494 Claudio
1114 449 1184 497 cou-

204 516 323 582 sulibus
336 523 472 577 mutuam
486 516 649 587 dederant,
670 515 759 576 tertia
773 515 883 591 pensio
899 516 1068 577 debebatur
1080 532 1119 577 eo
1133 533 1184 577 an-
1255 585 1258 590 ,

203 620 253 676 no,
269 599 410 663 adierunt
425 608 574 670 senatum,
591 598 664 674 quia
678 599 835 674 consules,
857 614 926 659 cum
940 601 981 661 ed
995 616 1110 661 novum
1123 601 1185 662 bel·

203 689 274 760 lum,
291 685 377 761 quod
390 700 500 759 magna
515 684 616 744 classe
626 681 810 759 magnisque
821 681 1008 744 exercitibus
1019 684 1186 759 gerendum

205 777 305 842 esset,
332 767 384 828 vix
399 766 550 828 aerarium
565 766 737 839 sufficeret,
763 774 952 842 negaverant
966 783 1038 829 esse
1051 768 1134 829 unde
1148 767 1185 830 iis

204 854 236 916 in
252 850 427 930 praesentia
442 852 623 911 solveretur.
646 857 773 912 senatus
788 859 954 926 querentes
969 868 1025 912 eos
1039 867 1102 911 non
1119 867 1185 913 sus·

204 937 307 1002 tinuit,
329 934 357 996 si
377 933 408 994 in
424 932 570 994 Prmicum
591 935 705 995 bellum
720 933 853 1010 pecunia
874 936 946 996 data
964 933 996 995 in
1010 934 1185 996 Macedoni·

205 1038 274 1083 cum
289 1034 416 1094 quoque
429 1018 543 1078 bellum
562 1017 605 1079 uti
625 1034 677 1078 res
698 1017 821 1094 pubhea
837 1021 943 1090 vellet,
968 1017 1037 1079 eliis
1058 1035 1098 1079 ex
1119 1018 1186 1081 aliis

205 1101 374 1166 orientibus
388 1100 477 1162 bellis
494 1099 567 1176 quid
581 1099 666 1162 aliud
681 1119 774 1177 quam
788 1101 983 1178 publicatam,
999 1118 1056 1178 pro
1070 1102 1186 1171 benefi-
1283 1125 1292 1180 y

206 1187 253 1249 cio
270 1193 425 1262 tamquam
447 1185 487 1245 ob
502 1184 644 1259 noxiam,
665 1202 753 1246 suam
775 1185 937 1262 pecuniam
958 1188 1034 1247 lore.
1069 1202 1139 1247 cum
1157 1193 1189 1248 et

205 1268 316 1347 privati
327 1268 666 1344 aequumpostularent,
674 1271 998 1332 nectamensolvendo
1010 1267 1074 1330 aeri
1086 1269 1186 1332 aliene

204 1371 256 1415 res
278 1353 402 1429 publica
422 1360 522 1429 esset,
548 1352 633 1428 quod
653 1353 786 1414 medium
812 1352 891 1415 inter
910 1370 1044 1429 aequum
1064 1362 1095 1415 et
1114 1353 1187 1415 utile

205 1445 285 1512 erat,
300 1438 517 1510 decreverunt,
532 1446 579 1508 ut,
597 1435 742 1512 quoniam
756 1453 867 1512 magna
881 1454 954 1513 pars
969 1453 1077 1498 eorum
1096 1453 1187 1513 agros

206 1523 298 1596 vulgo
314 1522 440 1581 venales
456 1537 529 1581 esse
544 1519 660 1582 diceret
680 1528 711 1580 ct
730 1519 851 1581 sibimet
873 1519 983 1597 emptis
1005 1537 1086 1596 opus
1107 1537 1189 1592 csse,

206 1604 271 1681 agri
285 1604 408 1680 publici,
425 1603 479 1679 qui
492 1602 570 1665 intra
585 1602 872 1680 quinquagesimum
884 1603 1018 1680 lapidem
1029 1613 1123 1677 esset,
1137 1620 1186 1665 co—

208 1689 257 1767 pia
271 1688 310 1750 iis
324 1689 421 1750 fieret.
458 1689 602 1750 consules
617 1704 725 1763 agrum
738 1686 970 1761 aestimaturos,
992 1697 1023 1750 et
1036 1688 1067 1748 in
1082 1687 1188 1764 iugera

206 1788 295 1834 asses
309 1772 487 1848 vectigales,
501 1771 633 1833 testandi
648 1787 744 1832 causa
754 1771 911 1848 publicum
922 1788 1029 1847 agrum
1040 1789 1122 1846 esse,
1134 1771 1184 1832 im·

206 1855 379 1931 posituros,
393 1864 426 1916 ut
440 1854 468 1915 si
484 1854 569 1930 quis,
584 1871 653 1915 cum
668 1857 791 1917 solvere
805 1864 914 1931 posset
928 1857 1078 1931 populus,
1094 1872 1189 1931 pecu-

205 1938 286 1998 niam
299 1938 414 1999 habere
430 1954 521 2014 quam
540 1954 647 2014 agrum
661 1941 778 2011 mallet,
804 1939 978 2003 restitueret
1002 1956 1109 2016 agrum
1134 1955 1190 2015 po·

205 2023 288 2098 pulo.
324 2021 479 2083 lecticam
499 2022 713 2084 condicionem
735 2023 846 2099 privati
867 2040 1027 2099 accepere.
1067 2023 1190 2085 triente·

204 2106 370 2181 bulumque
385 2103 515 2181 langor,
538 2105 610 2181 quia
629 2124 687 2183 pro
709 2107 796 2170 tertia
817 2116 906 2184 parte
927 2107 1078 2183 pecuniae
1099 2108 1191 2168 datus

205 2198 278 2262 crat,
294 2191 478 2266 appellatus.

282 2275 363 2336 XIV.
386 2274 461 2335 Turn
475 2275 507 2335 P.
523 2273 679 2350 Sulpicius
702 2275 873 2336 secundum
894 2282 967 2336 vota
986 2273 1018 2335 in
1040 2271 1190 2350 capitolio

205 2368 382 2433 nuncupata
405 2359 570 2434 paludatus
591 2375 661 2418 cum
681 2357 841 2419 lictoribus
866 2359 1024 2434 proiectus
1050 2358 1089 2418 ab
1114 2356 1193 2417 urbe

203 2440 401 2502 Brundisium
426 2441 525 2516 venit,
554 2449 584 2502 et
606 2439 763 2502 veteribus
787 2439 932 2502 militibus
952 2439 1133 2503 voluntariis
1150 2456 1193 2500 ex
1289 2435 1297 2476 ’Τ

204 2523 349 2584 Ahicano
365 2522 502 2583 exercitu
522 2522 553 2583 in
574 2521 714 2598 legiones
735 2522 908 2600 discriptis,
933 2525 1129 2601 navibusque
1150 2537 1192 2585 ex

204 2607 305 2672 classe
317 2603 454 2667 consulis
464 2604 596 2667 Cornelii
610 2607 726 2680 electis,
740 2608 836 2669 altero
853 2606 904 2669 die
919 2626 1011 2684 quam
1025 2627 1045 2670 a
1058 2606 1192 2669 Brundi·

205 2687 252 2751 sio
267 2687 373 2763 solvit,
397 2688 428 2748 in
442 2687 657 2751 Macedoniam
671 2689 798 2753 traiecit.
833 2689 877 2753 ibi
897 2690 927 2753 ei
951 2701 1077 2768 praesto
1103 2694 1194 2753 luere

203 2772 437 2834 Atheniensium
461 2773 553 2850 legati
575 2783 714 2850 orantes,
741 2784 776 2835 ut
800 2791 835 2836 se
853 2774 1016 2838 obsidione
1031 2775 1192 2839 eximeret.

203 2855 318 2918 missus
343 2859 497 2934 extemplo
520 2857 658 2920 Athenas
680 2866 728 2920 est
742 2858 773 2919 (l.
789 2858 934 2921 Claudius
950 2860 1044 2923 Cento
1061 2876 1131 2921 oum
1144 2857 1194 2919 vi·

204 2939 278 3016 ginti
298 2939 399 3016 longis
419 2941 550 3003 navibus
572 2951 602 3003 et
615 2941 697 3003 mille
711 2942 848 3004 militum.
885 2960 989 3020 neque
1015 2941 1096 3005 enim
1120 2941 1195 3019 ipse

202 3040 260 3085 rex
274 3026 412 3086 Athenas
429 3025 605 3087 obsidebat:
621 3044 660 3088 co
675 3027 807 3088 maxime
821 3035 961 3103 tempore
972 3028 1118 3106 Abydum
1133 3043 1195 3101 op·

203 3110 376 3185 pugnabat,
400 3109 461 3170 iam
475 3126 545 3171 cum
564 3109 695 3172 Rhodiis
710 3119 741 3171 et
754 3111 856 3172 Attalo
872 3110 1034 3175 navehbus
1049 3108 1194 3172 certami-

201 3192 270 3267 bus,
286 3201 394 3256 neutro
411 3192 539 3255 feliciter
553 3193 681 3269 proelio,
697 3192 780 3255 vires
795 3203 954 3271 expertus.
989 3195 1045 3257 sed
1067 3192 1195 3255 aninos

202 3275 229 3337 ei
253 3275 384 3338 iaciebat
404 3285 527 3353 praeter
546 3275 693 3338 ferociam
716 3276 839 3340 insitam
863 3279 975 3342 foedus
1000 3278 1095 3341 ictum
1120 3293 1195 3338 cum

201 3359 353 3422 Antiocho
380 3360 490 3439 Syriae
515 3376 588 3436 rege
615 3360 798 3437 divisaeque
820 3363 881 3424 iam
902 3379 972 3424 cum
993 3379 1031 3424 eo
1051 3358 1197 3439 Aegypti

201 3459 288 3519 opes,
303 3443 352 3505 eui
366 3452 464 3506 morte
478 3443 582 3507 audita
595 3444 762 3507 Ptolemaei
776 3446 859 3522 regis
874 3446 965 3508 ambo
980 3444 1197 3510 imminebant.

202 3536 417 3589 contraxerant
427 3536 529 3589 autem
545 3526 604 3589 sibi
619 3544 688 3589 cum
699 3527 841 3605 Philippo
855 3530 969 3592 bellum
980 3527 1196 3591 Athenienses
