2600 4000
247 257 361 316 LIBER
371 257 540 317 xxxviii·
556 256 638 316 cAP.
653 211 754 320 aa.·54.
776 265 813 333 [a.
826 266 858 330 G,
874 270 937 333 187]
1020 261 1086 326 369

108 408 252 474 Africano
275 408 409 482 palmam
426 405 593 482 peteretis?
617 407 749 468 nullisne
762 408 876 468 meritis
892 411 971 484 suis,
992 413 1084 475 nullis

107 493 221 556 vostris
241 491 408 552 honoribus
429 506 575 564 umquam
594 490 624 550 in
640 507 748 552 arcem,
762 496 857 552 tutam
873 499 904 553 et
918 494 1000 553 velut
1013 512 1083 556 san-

106 586 186 640 ctam
202 574 275 636 clari
293 574 349 634 viri
363 571 557 649 pervenient,
577 573 645 648 ubi,
661 574 688 634 si
703 590 764 636 uon
779 575 972 656 venerabilis,
987 577 1083 638 invio-

106 665 167 722 lata
181 660 289 720 saltem
304 664 446 718 senectus
462 672 568 718 eorum
580 655 761 718 considatt“
781 658 877 719 movit
888 664 918 718 et
928 659 1083 722 decretum

105 752 136 804 et
151 743 269 804 adiecta
282 741 379 802 oratio
391 756 456 808 non
470 739 589 801 ceteros
604 742 707 814 modo,
723 742 780 807 sed
793 742 880 816 ipsos
892 742 981 803 etiam
993 759 1081 804 accu-

106 833 242 895 satores3
266 832 297 887 et
313 825 534 885 deliberaturos
549 840 592 899 se,
611 824 686 899 quid
700 825 748 885 sui
763 825 837 885 iuris
852 832 883 885 et
896 826 989 885 officii
1000 834 1085 887 esset

108 911 259 972 dixerunt.
296 915 421 969 senatus
444 908 555 968 deinde
575 908 705 968 concilio
720 909 819 983 plebis
835 908 963 970 dimisso
977 910 1083 970 haberi

106 1000 155 1055 est
165 998 304 1068 coeptus.
327 989 369 1051 ibi
380 992 495 1065 gratiae
505 991 644 1065 ingentes
656 991 694 1051 ab
707 992 850 1053 universo
864 991 979 1068 ordine,
993 1009 1083 1068 prae-

106 1077 197 1152 cipue
216 1093 235 1135 a
254 1076 467 1136 consularibus
493 1075 744 1150 senioribusque,
769 1075 812 1135 Τί.
837 1075 975 1137 Graccho
995 1083 1081 1138 actae
1152 1083 1154 1086 ’

106 1166 192 1233 sunt,
216 1158 298 1234 quod
318 1174 382 1217 rem
403 1157 555 1234 publicam
574 1157 702 1234 privatis
717 1158 919 1220 simultatibus
933 1159 1082 1234 potiorem
1168 1184 1171 1188 ·

106 1242 280 1311 babuisset;
303 1248 332 1302 et
345 1240 451 1302 Petillii
464 1242 568 1302 vexati
583 1248 655 1303 sunt
669 1241 799 1316 probris,
819 1243 903 1317 quod
917 1244 1082 1319 splendere

78 1334 82 1340 '
106 1326 206 1385 aliena
227 1325 340 1386 invidia
358 1325 530 1385 voluissent
549 1331 579 1386 et
599 1327 699 1401 spolia
718 1342 757 1385 ex
770 1325 907 1386 Africani
929 1325 1082 1403 triumpho
1183 1366 1186 1371 -

108 1414 253 1486 peterent.
277 1408 428 1470 silentium
443 1406 554 1469 deinde
569 1410 608 1469 de
621 1409 766 1469 Alricano
782 1409 845 1471 luit.
867 1410 959 1472 vitam
969 1411 1084 1471 Literni

107 1492 168 1568 egit
187 1493 254 1553 sine
273 1492 427 1552 desiderio
449 1492 544 1553 urbis.
579 1494 755 1555 morientem
776 1510 848 1556 rure
868 1511 905 1555 eo
927 1495 996 1569 ipso
1011 1497 1082 1554 loco

107 1576 232 1653 sepeliri
246 1591 282 1637 so
295 1573 427 1637 iussisse
442 1575 542 1639 lerunt
555 1585 846 1652 monumentumque
860 1577 901 1637 ibi
917 1575 1081 1647 aedificari,

106 1675 145 1720 ne
165 1661 255 1721 funus
277 1659 335 1720 sibi
355 1660 386 1718 in
406 1659 523 1735 ingrata
543 1663 641 1737 patria
661 1663 756 1722 fleret.
794 1658 841 1718 vir
860 1656 1081 1718 memorabilis:

106 1743 222 1804 bellicis
249 1751 348 1804 tamen
373 1761 465 1819 quam
490 1745 577 1820 pacis
602 1746 718 1818 artibus
738 1740 965 1817 memorabilior
985 1741 1083 1814 prima

106 1841 179 1902 pars
200 1828 279 1889 vitae
302 1844 392 1903 quam
407 1835 563 1903 postrema
577 1829 645 1898 luit,
668 1825 739 1899 quia
753 1824 783 1882 in
797 1823 920 1885 iuventa
934 1822 1013 1884 bella
1028 1819 1081 1884 ad-

106 1908 196 1971 sidue
206 1918 303 1984 gesta,
316 1925 385 1969 curn
396 1916 521 1969 senecta
530 1923 581 1967 res
594 1905 719 1982 quoque
730 1905 910 1980 defloruere,
925 1922 982 1968 nec
993 1923 1080 1983 prae-

106 1993 168 2053 bita
181 2001 229 2051 est
242 1991 367 2050 materia
381 1990 512 2063 ingenio.
539 1990 613 2065 quid
626 1991 666 2051 ad
680 1990 810 2066 primum
825 1992 1017 2053 consulatum
1033 2008 1081 2053 se-

107 2075 237 2146 cundus,
251 2073 340 2132 etiam
355 2070 382 2132 sl
397 2087 557 2134 censuram
572 2073 702 2134 adicias?
724 2074 797 2150 quid
811 2075 947 2135 Asiatica
960 2076 1081 2151 legatio,

106 2163 136 2216 et
150 2154 323 2216 valetudine
343 2157 474 2216 adversa
493 2156 620 2232 inutilis,
642 2163 673 2217 et
685 2157 737 2217 lllii
759 2174 833 2219 casu
848 2158 1030 2231 deformata,
1053 2166 1083 2220 ct

106 2245 178 2316 post
196 2236 325 2299 reditum
345 2239 531 2300 necessitate
550 2247 603 2301 aut
622 2241 775 2301 subeundi
795 2239 899 2301 iudicii
920 2249 972 2302 aut
992 2241 1082 2302 simul

12 2350 14 2407 ς
106 2339 175 2384 cum
189 2323 287 2398 patria
302 2323 485 2383 deserendi?
504 2322 607 2403 Punici
621 2329 721 2383 tamen
734 2323 806 2383 belli
821 2323 1002 2400 perpetrati,
1020 2341 1082 2399 quo

12 2464 14 2469 ,
105 2407 221 2468 nullum
235 2408 342 2481 'nequc
356 2407 454 2466 maius
469 2421 571 2480 neque
584 2405 788 2482 periculosius
803 2408 932 2467 Romani
945 2423 1081 2483 gessere,

12 2498 14 2561 ζ
105 2506 185 2551 unus
200 2489 397 2566 praecipuam
410 2488 537 2565 gloriam
551 2491 625 2551 tulit.

12 2584 13 2587 ’
188 2575 264 2633 LlV.
283 2574 381 2634 Morte
391 2573 527 2635 Africani
542 2589 667 2634 crevere
679 2572 868 2636 inimicorum
881 2574 987 2645 animi;
1005 2591 1079 2651 quo-

105 2675 170 2719 rum
191 2658 336 2732 princeps
358 2657 413 2716 luit
426 2657 465 2715 M.
480 2657 606 2718 Porcius
623 2657 712 2732 Cato,
733 2658 784 2734 qui
804 2658 875 2719 vivo
898 2675 1022 2734 quoque
1043 2674 1081 2720 eo

106 2740 257 2801 adlatrare
283 2738 520 2812 magnitudinem
545 2741 611 2801 eius
637 2741 745 2801 solitus
767 2748 840 2801 erat.
872 2741 931 2802 hoc
956 2749 1081 2803 auctore

12 2830 13 2843 ¹
105 2822 316 2884 existimantur
326 2820 432 2882 Petillii
447 2827 477 2882 et
490 2823 561 2882 vivo
573 2822 719 2884 Africano
733 2839 798 2883 rem
812 2824 944 2898 ingressi
959 2831 990 2884 et
1002 2841 1079 2885 mor·

12 2964 22 2977 γ,
105 2915 156 2967 tuo
169 2906 357 2980 rogationem
372 2906 595 2980 promulgasse.
617 2907 673 2967 luit
684 2912 784 2967 autem
795 2906 912 2980 rogatio
924 2906 993 2966 talis
1008 2923 1079 2981 „ve-
1106 2980 1108 2984 Α

104 2990 165 3051 litis
180 2989 324 3062 iubeatis,
348 2988 492 3063 Quirites,
515 3005 594 3065 quaa
609 2987 739 3066 pecunia
755 2996 844 3065 capta
861 2990 961 3051 ablata
975 2998 1082 3052 coacta

12 3072 14 3093 '
105 3075 143 3134 ab
164 3089 238 3149 rege
259 3071 411 3134 Antiocho
433 3080 481 3136 est
500 3073 614 3149 quique
635 3074 693 3135 sub
714 3071 841 3147 imperio
863 3073 930 3134 eius
951 3074 1084 3149 luerunt,

12 3174 13 3233 3
106 3158 191 3232 quod
205 3156 272 3219 eius
287 3155 318 3216 in
333 3155 489 3233 publicum
503 3158 631 3219 relatum
645 3164 782 3232 nonest,
803 3157 845 3217 uti
860 3156 899 3217 de
915 3173 953 3217 ea
966 3173 1001 3217 re
1015 3157 1081 3218 Ser.

105 3239 259 3318 Sulpicius
273 3247 396 3315 praetor
409 3241 545 3303 urbanus
560 3243 600 3302 ad
615 3249 753 3303 senatrun
766 3242 886 3317 referat,
909 3256 1000 3317 quem
1012 3238 1081 3301 veam

12 3320 13 3355 r
105 3339 169 3383 rem
181 3324 252 3384 volit
263 3331 387 3386 senatus
393 3342 548 3401 quaerere
559 3326 598 3385 de
608 3326 645 3384 iis
659 3327 710 3400 qui
722 3332 879 3401 praetores
891 3340 972 3386 nunc
981 3331 1082 3385 sunt.“

106 3405 176 3467 huic
196 3407 346 3482 rogationi
365 3408 462 3484 primo
477 3410 511 3483 Q.
527 3416 558 3470 et
570 3409 604 3468 L.
618 3407 751 3469 Mummii
765 3409 1009 3476 intercedebant,
1033 3422 1081 3467 se-

107 3497 209 3550 natun
231 3505 378 3564 quaerere
397 3494 436 3553 de
458 3490 589 3568 pecunia
608 3508 668 3552 non
690 3494 784 3553 relata
799 3494 829 3551 in
850 3491 1021 3566 publicum,
1041 3489 1083 3550 ita

148 3590 174 3632 r.
189 3589 251 3633 urvr
266 3590 341 3661 raas
357 3576 412 3634 lv.
842 3578 877 3631 al
