2600 4000
299 274 415 335 LIBER
428 273 533 333 xxiii.
556 273 752 334 capanna
774 279 929 346 [acaoot
1056 272 1095 336 21

120 444 212 506 quam
234 435 360 488 ceterae·
376 432 438 496 est;
460 431 491 485 et
504 425 583 485 intra
596 439 665 483 eam
679 430 829 498 extraque
842 423 921 483 latae
933 422 1003 485 viae
1017 433 1098 508 sunl,

118 518 195 573 utet
214 510 361 586 oppidani
383 509 514 584 dirigere
534 508 632 568 aciem
647 523 666 567 a
681 506 749 567 loro
771 507 812 565 ad
826 513 946 580 portam
960 517 1097 584 possent,

118 603 148 656 et
162 602 249 655 extra
269 594 356 654 limes
377 593 458 653 mille
478 593 573 653 terme
587 606 703 667 passus
717 591 847 665 longus,
868 587 898 649 in
912 591 1098 655 Academiae

117 677 313 758 gymnasium
329 679 442 751 terens,
457 675 551 751 pediti
566 676 725 751 equitique
738 673 874 734 hostium
888 673 1017 735 liberum
1027 691 1098 752 spa·

116 762 192 824 tium
213 761 383 837 praeberet.
419 777 457 821 eo
477 759 570 821 limite
584 758 792 820 Athenienses
814 774 883 818 curu
896 757 991 818 Attali
1010 775 1097 835 prae·

8 860 9 869 ¹
116 846 196 907 sidio
211 851 242 906 et
256 844 381 906 cohorte
392 845 537 920 Dioxippi
552 841 619 905 acie
629 843 709 903 intra
720 851 841 918 portam
852 842 1001 903 instructa
1011 844 1097 918 signa

116 930 300 991 extulerunt.
327 930 412 1004 quod
426 928 479 989 ubi
491 928 650 1003 Philippus
665 927 755 1001 vidit,
776 926 890 986 habere
904 942 940 987 se
953 925 1053 988 hostis
1068 929 1097 991 in

117 1020 270 1089 potestate
294 1019 379 1074 ratus
401 1020 432 1074 et
452 1012 505 1073 diu
529 1018 635 1087 optata
655 1011 751 1071 caede
768 1046 804 1056 -
821 1025 924 1085 neque
944 1012 1025 1072 enim
1045 1013 1096 1075 ulli

116 1100 303 1160 Graecarum
317 1096 482 1158 eivitatium
492 1095 631 1157 infestior
642 1103 759 1156 erat-
770 1096 970 1170 expleturum,
987 1096 1097 1157 cohor·

116 1189 197 1244 tatus
218 1180 344 1257 milites,
365 1187 399 1242 ut
419 1197 455 1241 se
475 1181 627 1241 intuentes
649 1186 835 1255 pugnarent,
860 1179 1035 1256 scirentque
1056 1181 1097 1243 tbi

115 1268 214 1342 signa,
222 1266 264 1326 ibi
276 1265 374 1326 aciem
385 1279 458 1324 esse
469 1264 591 1336 debere,
599 1262 651 1324 ubi
661 1279 717 1324 rex
728 1270 822 1338 esset,
830 1264 963 1324 concitat
972 1280 1095 1341 equum,

114 1366 177 1411 non
192 1350 239 1410 ira
252 1355 369 1410 tantum
383 1349 441 1409 sed
452 1349 542 1409 etiam
553 1348 650 1423 gloria
662 1351 770 1422 elatus,
787 1349 872 1425 quod
882 1347 997 1423 ingenti
1008 1351 1097 1410 turba

115 1434 276 1510 eompletis
302 1432 453 1494 etiamad
474 1434 682 1508 spectaculum
702 1432 798 1493 muris
821 1433 961 1508 conspici
982 1448 1017 1492 se
1038 1450 1094 1509 pu-

113 1524 257 1594 gnantem
277 1517 433 1593 egregium
447 1517 587 1578 ducebat.
622 1517 812 1592 aliquantum
826 1523 896 1577 ante
910 1515 1009 1577 aciem
1025 1533 1094 1578 cum

113 1602 269 1678 equitibus
290 1602 398 1677 paucis
420 1609 545 1662 evectus
566 1600 596 1660 in
610 1602 730 1662 medios
745 1601 844 1663 hostis
859 1601 1012 1675 ingentem
1026 1616 1096 1661 eum

113 1686 180 1747 suis
205 1686 346 1747 ardorem
370 1693 433 1746 tum
459 1701 606 1761 pavorem
630 1685 772 1747 hostibus
798 1684 910 1744 iniecit.
947 1684 1095 1758 plurimos

112 1786 206 1830 manu
221 1786 277 1830 sua
288 1770 457 1831 comminus
470 1769 651 1846 eminusque
662 1770 842 1830 vulneratos
854 1769 1096 1844 compulsosque

112 1855 142 1913 in
159 1860 279 1928 portam
300 1861 483 1916 consecutus
498 1855 625 1929 etipse,
647 1871 718 1915 cum
738 1854 885 1914 maiorem
899 1851 931 1911 in
945 1853 1094 1928 angustiis

111 1938 327 2014 trepidantium
338 1938 488 1999 edidisset
499 1940 634 2013 caedem,
645 1938 676 1998 in
689 1938 851 2002 temerario
863 1936 986 2013 incepto
998 1944 1093 1999 tutum

110 2029 214 2083 tamen
228 2031 386 2098 receptum
400 2023 514 2096 habuit
531 2022 604 2098 quia
619 2025 671 2098 qui
685 2025 716 2083 in
730 2025 865 2085 turribus
880 2029 986 2099 portae
998 2030 1095 2099 crant

109 2106 434 2180 sustinebanttela,ne
446 2105 478 2164 in
490 2107 808 2179 permixtoshostibus
820 2122 897 2167 suos
909 2108 1094 2167 conicerent

109 2191 194 2251 intra
207 2204 312 2247 muros
334 2188 447 2246 deinde
461 2188 634 2248 tenentibus
648 2188 757 2249 milites
771 2189 1010 2249 Atheniensibus
1024 2188 1094 2247 Phi-

104 2275 219 2348 lippus
240 2270 329 2345 signo
343 2271 481 2346 receptui
498 2271 569 2331 dato
593 2278 693 2331 eastra
708 2272 747 2331 ad
760 2272 1009 2350 Cynosarges-
1020 2279 1094 2332 tem·

106 2354 344 2433 plumHerculis
356 2354 612 2433 gymnasiumque
620 2358 747 2416 etlucus
759 2362 824 2417 erat
835 2354 1095 2417 circumiectus-

107 2439 224 2517 posuit.
259 2439 316 2499 sed
330 2446 361 2500 et
374 2438 571 2518 Cynosarges
587 2447 617 2500 et
629 2440 766 2519 Lycium,
783 2449 814 2504 et
831 2439 981 2517 quidquid
995 2439 1094 2502 sancti

107 2522 271 2584 amoenive
285 2522 367 2583 circa
380 2524 487 2586 urbem
501 2531 580 2600 erat,
595 2524 755 2586 incensum
769 2532 831 2600 est,
854 2525 1016 2601 dirutaque
1030 2541 1092 2587 nou

105 2615 189 2670 tecta
201 2609 301 2669 solum
312 2608 370 2667 sed
381 2608 472 2668 etiam
483 2611 634 2684 sepulcra,
642 2625 701 2670 nec
713 2611 806 2671 divini
818 2610 1004 2687 humanique
1015 2610 1090 2672 iuris

107 2692 276 2768 quicquam
290 2707 366 2767 prae
379 2692 538 2768 impotenti
553 2694 597 2754 ira
610 2701 660 2754 est
673 2702 838 2755 servatum.

191 2776 285 2837 XXV.
307 2776 435 2838 Postero
449 2777 498 2837 die
510 2793 577 2837 cum
589 2778 687 2853 primo
695 2779 821 2841 clausae
832 2778 962 2839 luissent
972 2786 1089 2854 portae,

106 2858 221 2919 deinde
238 2860 340 2921 subito
355 2866 495 2936 apertae,
519 2861 592 2937 quia
606 2861 795 2937 praesidium
809 2862 902 2923 Attali
917 2862 956 2922 ab
970 2863 1091 2936 Aegina

103 2942 303 3021 Romanique
316 2943 354 3003 ab
369 2943 496 3005 Piraeeo
510 2945 697 3009 intraverant
710 2947 827 3020 urbem,
845 2953 946 3007 eastra
960 2947 999 3006 ab
1014 2946 1091 3006 urbe

102 3026 221 3088 rettulit
234 3043 290 3088 rex
303 3027 361 3088 tria
375 3030 471 3089 ferme
484 3030 566 3090 milia
580 3046 740 3107 passuum.
771 3032 845 3092 inde
857 3030 1004 3091 Eleusina
1019 3045 1089 3105 pro-

105 3110 207 3172 iectus
223 3127 281 3187 spe
296 3111 465 3188 improviso
481 3115 586 3191 templi
602 3115 790 3191 castellique,
810 3116 895 3190 quod
912 3121 942 3174 et
955 3113 1090 3173 imminet

102 3199 134 3254 et
151 3194 371 3258 circumdatum
387 3203 436 3259 est
448 3201 576 3274 templo,
592 3200 749 3276 capiendi,
766 3215 836 3259 cum
849 3197 1089 3273 haudquaquam

102 3280 264 3354 neglectas
281 3281 438 3343 custodias
450 3283 723 3346 'animadvertisset
737 3289 768 3343 et
782 3283 915 3343 classem
930 3298 949 3340 a
961 3281 1088 3341 Piraeeo

102 3362 247 3427 subsidio
266 3365 387 3442 venire,
410 3367 526 3429 omisso
543 3368 666 3443 incepto
680 3367 808 3441 Megara
822 3382 860 3426 uc
875 3366 1015 3442 protinus
1032 3362 1088 3422 Co-

100 3445 237 3508 rinthum
259 3449 350 3510 ducit.
385 3456 502 3510 etcum
521 3451 613 3526 Argis
628 3451 824 3512 Achaeorum
842 3449 1003 3510 concilium
1017 3459 1090 3505 esse

99 3530 259 3608 audisset,
281 3532 510 3609 inopinantibus
525 3534 658 3595 Achaeis
677 3534 812 3595 contioni
826 3533 887 3608 ipsi
902 3524 1089 3602 supervenit.
