2600 4000
205 206 266 275 184
340 205 456 267 Llltlllt
469 204 589 265 XXXV·
613 203 695 265 GAP.
712 214 754 266 ro.
770 213 814 267 11.
836 204 871 281 [a.
888 208 923 262 υ.
938 220 963 261 a:
976 206 1040 303 ssa]

200 378 261 423 non
276 358 406 437 patrueli
421 372 456 418 se
470 363 574 433 petere
594 356 709 430 aiebat,
731 373 788 432 pro
804 359 903 432 legato
919 363 949 418 et
962 356 1111 434 participe
1124 358 1184 420 ad·

197 442 388 506 ministrandi
413 440 500 502 bellia
528 454 563 501 se
583 446 679 514 terra,
705 440 828 501 fratrem
849 441 924 501 marl
943 455 1007 501 rem
1028 441 1181 517 gessisse.

1294 232 1296 265 l

1294 276 1296 297 Ι

1294 430 1296 445 ι

197 530 246 590 lris
268 527 411 600 obtinuit,
431 529 466 585 ut
485 524 690 600 praeierretur
709 522 886 599 candidato,
909 540 999 599 quem
1013 525 1182 587 Anicanus
1294 584 1296 589 ,

197 615 291 675 irater
305 610 444 684 ducebat,
477 622 568 684 quem
584 607 724 668 Cornelio
736 622 813 683 gens
829 607 968 668 Cornelio
983 610 1111 670 consule
1125 624 1182 670 co·

197 698 280 758 mitia
294 695 440 766 habente,
455 706 548 767 quem
559 697 675 752 uotum
690 691 909 765 praeiudicium
922 698 1063 766 senatus,
1079 692 1181 753 virum

198 798 216 842 e
230 779 351 841 civitate
372 776 519 852 optimum
532 774 712 848 iudicatum,
733 775 786 849 qui
800 780 926 835 matrem
939 775 1063 837 idaeam
1075 775 1180 836 Pessi·

198 871 292 926 nunte
309 861 479 921 venientem
496 858 526 917 in
541 857 648 919 urbem
663 857 823 933 acciperet.
855 859 889 918 L.
905 857 1063 931 Quinctius
1077 866 1107 920 et
1121 858 1178 920 Gn.

198 946 346 1010 Domitius
367 941 593 1006 Ahenobarbus
618 942 762 1003 eonsules
787 941 872 1003 laetis
900 942 979 1003 adeo
999 957 1040 1003 ne
1058 943 1090 1003 in
1111 942 1180 1018 ple·

198 1031 267 1092 beio
290 1026 414 1104 quidem
427 1025 570 1100 consule,
592 1040 662 1086 cum
676 1041 733 1100 pro
749 1024 780 1085 0.
795 1024 900 1087 Laelio
914 1024 1074 1100 niteretur,
1093 1025 1179 1087 Airi-

199 1128 294 1174 canus
316 1109 418 1170 valuit
450 1114 576 1185 postero
598 1109 647 1168 die
666 1114 824 1184 praetores
840 1109 932 1169 creati
945 1108 978 1169 L.
995 1107 1179 1171 Scribonius

200 1195 274 1256 Libo
288 1193 329 1254 Μ.
343 1192 470 1254 Fulvius
492 1193 686 1253 centumalus
700 1193 738 1251 A.
751 1192 861 1254 Atilius
877 1191 1028 1254 Serranus
1042 1192 1083 1252 M.
1097 1193 1177 1253 Bae

199 1279 268 1340 bius
282 1276 459 1352 Tamphilus
472 1276 506 1335 L.
516 1277 661 1337 Valerius
674 1276 780 1351 Tappo
796 1274 830 1349 Q.
843 1274 987 1337 Salonius
1000 1275 1101 1337 Sarra.
1123 1292 1177 1337 ae-

199 1362 299 1423 dilitas
313 1359 441 1435 insignis
455 1375 493 1422 eo
508 1375 589 1419 anno
604 1359 661 1420 luit
670 1357 710 1418 Μ.
722 1358 843 1420 Aemilii
852 1357 960 1436 Lepidi
971 1366 1001 1420 et
1010 1360 1043 1419 L.
1055 1359 1178 1421 Aemilii

200 1445 290 1506 Pauli.
311 1445 422 1504 multos
438 1443 600 1517 pecuarios
615 1441 811 1503 damnarunta
832 1459 872 1503 ex
885 1457 923 1503 ea
936 1442 1067 1517 pecunia
1077 1443 1178 1519 clipea

198 1531 335 1591 inaurata
348 1528 379 1588 in
394 1527 514 1601 lastigie
528 1525 610 1587 Iovis
625 1525 712 1586 aedis
723 1533 900 1601 posuerunt.
924 1526 1074 1601 porticum
1084 1542 1179 1590 unam

202 1622 285 1675 extra
301 1618 421 1690 portum
439 1609 656 1685 Trigeminam,
677 1609 815 1684 emporio
837 1609 877 1669 ad
894 1609 1026 1670 Tiberim
1045 1609 1167 1672 adiecto

200 1699 324 1757 alteram
345 1696 384 1757 ab
405 1700 495 1771 porta
506 1692 657 1755 Fontinali
671 1691 712 1751 ad
725 1691 830 1754 Martis
845 1708 945 1769 uam,
968 1709 1030 1769 qua
1044 1695 1075 1754 in
1089 1693 1178 1756 cam·

198 1797 271 1856 pum
285 1780 342 1840 iter
356 1785 448 1852 esset,
463 1777 681 1853 perduxerunt

282 1863 332 1922 xl.
361 1861 420 1922 Diu
438 1861 511 1920 nihil
531 1859 562 1920 in
575 1859 737 1935 Liguribus
759 1859 883 1936 dignum
896 1860 1043 1922 memoria
1056 1867 1179 1936 gestum

198 1952 277 2007 erat:
300 1951 435 2006 extremo
449 1944 515 2007 eius
530 1945 601 2004 anni
616 1943 664 2005 bis
680 1944 710 2003 in
724 1958 867 2020 magnum
881 1944 1050 2020 periculum
1060 1960 1111 2007 res
1122 1945 1178 2006 ad·

200 2030 290 2090 dueta
310 2035 365 2089 est.
399 2045 469 2089 nam
489 2035 519 2090 et
532 2036 634 2089 castra
655 2029 790 2090 consulis
806 2034 983 2104 oppugnata
996 2044 1089 2105 aegre
1102 2035 1177 2090 sunt

199 2112 342 2188 deiensa,
364 2119 395 2173 et
407 2129 469 2175 non
484 2111 527 2174 ita
541 2114 635 2174 multo
650 2118 724 2189 post
736 2127 792 2188 per
805 2113 916 2173 saltum
929 2120 1092 2188 angustum
1107 2127 1176 2175 cum
1291 2151 1295 2160 =

198 2196 362 2259 duceretur
376 2213 485 2273 agmen
499 2197 679 2271 Romanum,
697 2197 783 2272 ipsas
797 2197 904 2257 lauces
918 2196 1071 2257 exercitus
1084 2196 1163 2271 Ligu

198 2295 266 2341 rum
276 2281 396 2342 insedit.
413 2296 475 2357 qua
485 2296 555 2340 cum
566 2280 666 2340 exitus
677 2295 740 2339 non
751 2284 877 2354 pateret,
888 2294 1041 2341 converso
1054 2280 1178 2355 agmine

197 2365 298 2425 redire
311 2363 417 2425 institit
431 2363 549 2424 consul
575 2370 606 2422 et
618 2363 657 2421 ab
671 2368 757 2437 tergo
773 2364 877 2424 lauces
893 2364 990 2424 saltus
1007 2372 1178 2440 occupatae

199 2463 218 2506 a
234 2454 319 2522 parte
339 2445 471 2507 hostium
486 2451 584 2517 erant,
608 2443 826 2520 Caudinaeque
840 2444 937 2506 cladis
951 2448 1099 2509 memoria
1111 2464 1177 2509 non

198 2528 306 2590 animis
332 2526 424 2588 modo
446 2526 503 2586 sed
524 2542 622 2601 prope
643 2527 741 2587 oculis
763 2528 992 2590 obversabatur.
1028 2531 1176 2592 Numidas
1294 2585 1295 2594 ,

200 2610 391 2684 octingentos
411 2610 506 2668 ferme
528 2610 646 2686 equites
667 2609 745 2670 inter
766 2612 878 2672 auxilia
891 2612 1032 2675 habebat.
1069 2629 1177 2675 eorum

198 2693 373 2769 praelectus
389 2692 508 2753 consuli
522 2692 683 2768 pollicetur
696 2709 732 2754 se
746 2700 833 2769 parte
846 2701 914 2756 ulra
925 2699 1098 2759 velletrum
1109 2698 1175 2759 suis

198 2782 391 2850 erupturunra
414 2782 528 2837 tantum
542 2775 585 2837 uti
596 2777 719 2853 diceret,
733 2785 801 2839 utra
812 2794 885 2854 pars
898 2780 1086 2856 frequentior
1097 2780 1175 2843 vicis

198 2867 297 2921 essee
323 2859 354 2920 in
370 2876 425 2922 eos
446 2875 483 2921 se
501 2860 647 2937 impetum
667 2863 831 2936 iacturum,
850 2869 881 2924 et
893 2863 968 2924 nihil
981 2866 1067 2940 prius
1083 2881 1174 2941 quam

198 2944 350 3005 naamam
370 2944 458 3006 lectis
479 2943 672 3019 iniecturum,
693 2952 728 3007 ut
746 2945 775 3006 is
797 2961 895 3020 pavor
909 2956 1033 3022 cogeret
1048 2948 1174 3024 Ligures

197 3027 350 3089 excedere
364 3032 459 3103 saltu,
481 3044 572 3104 quem
585 3027 776 3103 obsiderent,
795 3035 826 3091 et
840 3029 1014 3091 disoturere
1028 3033 1068 3095 ad
1084 3048 1175 3109 opem

197 3112 353 3172 serendam
370 3112 445 3174 suis.
471 3112 675 3173 collaudatum
689 3128 759 3174 cum
774 3114 882 3174 consul
897 3128 955 3189 spa
969 3117 1175 3191 praemiorum

198 3201 313 3256 onerat
344 3195 493 3257 Numidae
513 3211 611 3272 equos
627 3196 853 3271 conscendunt,
874 3203 905 3257 et
919 3196 1100 3275 obequitare
1113 3207 1175 3260 sta·

196 3280 330 3341 tionibus
344 3279 491 3356 hostium,
512 3280 663 3340 neminem
676 3282 876 3355 lacessentes,
891 3289 1068 3358 eoepemnt
1101 3280 1176 3343 nihil

198 3364 296 3440 primo
312 3364 461 3439 adspectu
476 3364 694 3438 contemptiusr
716 3364 787 3440 equi
801 3364 1004 3441 hominesque
1018 3366 1134 3442 paululi
1146 3372 1177 3427 et

198 3449 344 3523 graciles,
366 3447 534 3507 discinctus
547 3452 578 3506 et
590 3446 714 3507 inermis
728 3461 841 3522 eques,
859 3454 1075 3524 praeterquam
1090 3449 1175 3526 quoi
