2600 4000
212 229 275 294 126
375 226 489 288 LIBER
502 225 635 287 xxxiv.
658 225 740 285 cni.
755 235 783 287 s
803 226 840 304 [a.
852 232 888 288 υ.
903 232 1004 311 aest]

209 380 346 455 singulas
373 377 526 456 sustinere
550 392 612 438 non
636 375 808 451 potuimus,
832 373 993 437 uniuersas
1013 374 1188 439 horremus.

208 463 352 540 equidem
377 460 511 522 tabulam
531 464 563 520 et
581 459 683 520 domm
702 474 767 519 rem
787 457 938 520 ducebam
957 474 1030 521 esse
1049 459 1190 522 virorum

208 560 299 608 omne
324 560 423 621 genus
448 545 479 604 in
505 541 608 619 aliqua
632 542 733 604 insula
758 542 972 604 coniuratione
990 543 1131 605 muliebri
1145 544 1189 605 ab

208 631 305 705 stirpe
314 629 472 691 vsublatum
487 641 568 688 esse.
590 625 629 686 ab
643 626 727 687 nullo
742 641 855 701 genere
868 641 931 686 non
945 641 1095 686 summum
1105 627 1189 704 peri·

209 717 310 777 culum
323 720 381 787 est,
396 713 424 773 si
439 718 546 771 coetus
561 716 592 772 et
605 706 736 771 concilia
749 714 780 769 et
793 715 929 771 secretas
944 710 1189 772 consultationes

208 813 281 860 esse
301 796 396 858 sinas.
429 791 523 869 atque
541 808 599 868 ego
620 792 675 853 vix
694 798 827 854 statuere
840 793 925 867 apud
938 792 1070 854 animum
1085 809 1191 855 meum

209 895 353 958 possum,
373 884 472 939 uuum
489 877 577 952 peior
590 877 660 953 ipsa
673 891 724 936 res
739 892 778 936 an
792 875 898 953 peiore
911 878 1054 952 exemplo
1069 883 1189 952 agatur.

164 958 166 962 ’
209 978 340 1040 quorum
355 962 482 1021 alterum
496 959 536 1019 ad
546 975 605 1021 nos
617 962 763 1021 consules
774 959 973 1035 reliquosque
981 959 1188 1035 magistratus,
1286 957 1290 964 '

208 1048 336 1107 alterum
350 1045 390 1105 ad
404 1059 471 1118 vos,
488 1042 628 1118 Quirites,
642 1044 740 1118 magis
755 1041 893 1119 pertinet.
919 1058 989 1102 nam
1003 1048 1105 1103 uuum
1119 1060 1138 1104 e
1150 1058 1191 1103 re

107 1153 111 1158 ·
209 1129 334 1206 publiea
347 1127 388 1189 sit
401 1142 498 1188 necne
512 1127 544 1185 id
556 1128 640 1203 quod
652 1127 761 1188 advos
773 1127 875 1199 lemur,
889 1133 993 1187 vestra
1003 1126 1190 1188 existimatio

208 1218 272 1288 est,
294 1213 391 1289 quiin
413 1210 592 1286 sullbagium
608 1210 679 1272 ituri
692 1210 776 1272 estis.
807 1208 885 1270 baec
899 1210 1106 1271 consternatio
1120 1225 1189 1270 mu·

119 1311 124 1319 ·
209 1296 323 1370 nebris,
340 1295 407 1356 sive
422 1311 480 1355 sua
494 1301 605 1370 sponte
619 1294 687 1355 sive
698 1293 875 1355 auctoribus
885 1293 985 1367 vobis,
996 1292 1036 1353 ld.
1047 1293 1190 1354 thdani

209 1386 239 1441 et
251 1380 285 1439 L.
299 1378 420 1454 Valeri,
441 1378 520 1439 lacta
540 1384 602 1453 est,
623 1377 707 1438 haud
728 1376 820 1438 dubio
837 1378 879 1437 ad
893 1378 1014 1453 culpam
1028 1376 1189 1453 magistra-

208 1471 293 1524 tuum
308 1463 463 1538 pertinens
478 1461 583 1522 nescio
597 1460 696 1535 vobis,
712 1461 833 1535 tribuni,
847 1475 886 1520 an
898 1460 1077 1521 consmibns
1088 1459 1188 1534 magis
1214 1515 1217 1520 .

209 1547 249 1608 sit
263 1546 419 1608 deformis.
439 1545 539 1617 vobis,
557 1545 584 1606 si
598 1545 638 1604 ad
653 1545 782 1604 laminas
797 1543 995 1606 condendas
1009 1543 1189 1604 tribunicias
1297 1577 1298 1580 =

209 1630 378 1693 seditiones
393 1630 453 1689 iam
473 1628 663 1697 adduxistis3
687 1627 793 1702 nobis,
814 1628 842 1688 si
856 1631 890 1689 ut
903 1627 1003 1702 plebis
1019 1627 1188 1703 quondam,

180 1777 184 1785 ,
210 1715 256 1774 sic
281 1730 362 1776 nunc
386 1713 546 1774 mulierum
571 1711 750 1772 secessione
773 1712 858 1785 leges
883 1710 1081 1786 accipiendae
1105 1717 1189 1771 sunt.

210 1798 353 1873 equidem
366 1813 429 1858 non
444 1797 511 1857 sine
525 1796 638 1857 rubore
653 1795 787 1870 quodam
799 1794 891 1870 paulo
904 1799 975 1855 ante
986 1809 1043 1869 per
1053 1793 1188 1855 medium

211 1896 319 1955 agmen
339 1880 499 1940 mulierum
519 1880 550 1939 in
571 1880 671 1939 iorum
691 1879 828 1954 perveni.
854 1878 945 1953 ¹qnod
964 1877 1023 1937 nisi
1037 1893 1086 1937 me
1100 1892 1189 1937 vere·

211 1962 324 2024 cundia
338 1961 525 2038 singularum
540 1963 637 2038 magis
652 1962 818 2024 maiestatis
833 1967 864 2023 et
875 1961 1003 2037 pudoris
1013 1977 1109 2037 qnam
1119 1960 1190 2022 uni·

209 2062 370 2108 versorum
384 2047 541 2122 tenuisset,
558 2062 597 2106 ne
612 2048 812 2123 compellatae
826 2062 846 2106 a
859 2047 987 2107 consule
1001 2045 1188 2119 viderentur,

210 2130 359 2193 dixissem
373 2131 474 2207 ‚„‚qui
493 2130 543 2192 hic
559 2147 627 2193 mos
642 2138 691 2194 est
703 2130 734 2190 in
750 2130 903 2206 publicum
918 2129 1134 2204 procurrendi,
1157 2133 1191 2188 et

210 2214 374 2276 obsidendi
394 2215 478 2291 vias,
499 2222 530 2276 el
542 2217 626 2277 viros
641 2216 758 2276 alienos
773 2213 972 2289 appellandis
990 2212 1075 2275 istud
1086 2213 1191 2288 ipsam
1251 2276 1254 2281 ,

210 2314 287 2360 suos
309 2314 452 2375 quaeque
473 2299 556 2360 domi
569 2313 680 2373 rogare
699 2314 760 2357 non
777 2295 939 2374 potuistist
958 2312 997 2356 an
1011 2296 1189 2358 blandiores

210 2382 241 2441 in
255 2382 379 2456 publico
396 2383 531 2457 quentin
546 2381 680 2455 privato,
696 2386 727 2440 et
740 2381 847 2441 adenis
863 2395 955 2454 quam
968 2380 1079 2441 vestris
1093 2378 1191 2441 estisa

211 2479 395 2540 quamquam
415 2478 455 2522 ne
475 2463 559 2524 domi
573 2461 696 2537 quidem
711 2479 783 2538 vos,
805 2463 833 2522 si
847 2464 895 2524 sui
909 2463 983 2525 iuris
998 2463 1110 2524 linibus
1124 2462 1188 2523 ma-

210 2554 317 2607 tronas
334 2547 503 2607 contineret
516 2544 625 2621 pudor,
647 2560 728 2620 quae
741 2548 826 2621 leges
840 2546 890 2607 hic
903 2555 1085 2622 rogarentur
1098 2546 1189 2607 abro-

210 2633 393 2703 garenturve
408 2643 516 2688 curare
530 2628 689 2688 decuit.““
720 2630 872 2704 ,maiores
886 2631 985 2693 nostri
998 2631 1126 2703 nabun,
1149 2643 1189 2689 na
1297 2618 1298 2685 3

210 2711 360 2787 privatam
382 2710 504 2788 quidem
525 2727 590 2772 rem
611 2727 703 2787 agere
723 2713 850 2773 feminas
868 2715 936 2774 sine
949 2721 1050 2777 tutore
1064 2718 1190 2774 auctora

210 2796 387 2867 voluerunt;
412 2795 443 2855 in
464 2811 649 2858 mannasse
669 2797 855 2872 parentium,
876 2799 1016 2872 nauum,
1036 2797 1188 2858 virorume

210 2893 278 2952 nos,
294 2878 322 2938 si
338 2879 396 2941 diis
411 2880 520 2956 placet,
536 2880 595 2942 iam
609 2877 700 2940 etiam
713 2896 778 2940 rem
792 2880 948 2956 publicam·
957 2882 1123 2956 capessere
1133 2893 1188 2939 eas

211 2961 356 3037 patimur,
378 2974 408 3024 et
422 2964 488 3024 loro
511 2971 681 3039 quoquest
695 2963 888 3026 contionibus
903 2971 934 3026 et
947 2963 1077 3025 comitiis
1091 2961 1188 3024 immi*

211 3045 300 3106 scari.
333 3047 408 3121 quid
428 3048 508 3107 enim
528 3063 610 3108 nunc
630 3047 714 3107 aliud
729 3063 785 3123 per
798 3047 866 3108 vias
881 3054 911 3108 et
927 3047 1060 3124 compita
1073 3047 1189 3107 iaciunt

212 3144 304 3203 quam
316 3127 506 3206 rogationem
519 3131 708 3192 tribunonrm
722 3131 804 3207 plebi
818 3131 964 3206 suadent,
984 3130 1074 3190 aliam
1089 3132 1189 3205 legem

211 3211 418 3288 abrogandam
440 3221 587 3275 censenti
616 3215 687 3275 date
707 3217 811 3276 nenos
833 3214 992 3290 impotenti
1011 3222 1139 3274 naturae
1159 3219 1190 3272 et
1297 3194 1298 3263 ἶ

211 3295 357 3358 indomito
372 3297 503 3373 animali,
519 3306 549 3360 et
562 3305 686 3373 sperate
700 3298 786 3374 ipsas
801 3298 924 3358 modum
939 3298 1078 3358 dcenttae
1092 3297 1189 3357 tactu

211 3396 271 3456 ras,
279 3380 338 3441 nisi
349 3396 407 3442 vos
418 3381 561 3443 tacentis.
577 3381 731 3442 minimum
742 3382 802 3442 hoc
814 3396 920 3442 acrum
931 3387 979 3441 est
990 3395 1071 3455 quae
1082 3380 1189 3454 iniquo

212 3465 312 3526 animo
332 3464 463 3525 leminea
484 3465 542 3526 sibi
563 3473 615 3528 aut
634 3464 771 3527 moribus
786 3471 838 3525 aul
851 3465 969 3539 legibus
984 3463 1119 3524 iniuncta
1135 3479 1189 3538 pa·
