2600 4000
282 250 547 313 ¹rreunxxmu
570 252 653 313 car.
667 261 767 318 nu.
790 256 871 333 [ac.
887 262 950 329 194]
1042 256 1103 321 aaa

120 418 175 479 per
197 416 254 463 eos
276 400 342 462 dies
366 402 486 477 collega
505 401 572 462 eius
593 401 633 460 Μ.
655 400 783 463 Porcius
801 402 875 465 cato
896 419 937 464 ex
950 405 1103 481 Hispania

119 483 324 560 triumphavit
358 485 473 546 tulitin
495 500 533 546 eo
559 485 712 561 triumpho
735 487 852 562 argenti
872 487 976 549 inlecti
997 489 1102 565 viginti

118 567 256 647 quinque
284 568 367 628 milia
390 569 504 644 pondo,
533 568 626 644 bigati
653 574 774 630 centum
797 570 904 645 viginti
929 570 987 631 tria
1010 572 1102 648 milia,
1218 565 1221 571 ’

45 660 48 665 ’
118 651 264 714 Oscensis
287 651 454 728 quingenta
474 652 691 729 quadraginta,
712 654 778 714 auri
798 653 903 730 pondo
924 655 1005 715 mille
1027 671 1103 730 qua·

119 736 288 812 dringenta.
310 734 455 796 militibus
469 751 509 796 ex
523 736 640 810 praeda
651 737 755 798 divisit
768 737 798 797 in
809 738 949 814 singulos
962 740 1102 799 ducenos

117 826 327 896 septuagenos
342 820 433 895 aeris,
447 819 559 896 triplex
573 819 679 896 equiti.

202 903 245 964 Ti.
266 901 467 980 Sempronius
493 904 602 964 consul
627 904 658 964 in
679 905 869 981 provinciam
893 906 1050 981 proiectus
1071 904 1103 967 iu

116 988 262 1050 Boiorum
280 987 409 1063 primum
431 1002 538 1062 agrum
558 986 698 1062 legiones
713 988 808 1050 duxit.
836 987 963 1050 Boiorix
976 996 1040 1050 tum
1053 1005 1102 1050 re-

116 1074 206 1148 gulus
222 1086 330 1150 eorum
344 1086 414 1132 cum
429 1070 551 1132 duobus
565 1071 709 1133 hau-ibus
724 1078 788 1133 tota
797 1079 890 1148 gente
900 1073 1051 1134 concitata
1062 1074 1102 1135 ad

115 1154 327 1217 rebellandum
342 1154 530 1215 easualocis
542 1154 657 1230 apertis
669 1154 782 1232 posuit,
796 1164 830 1218 ιιι
839 1166 1004 1233 appareret
1015 1155 1101 1217 dimi-

118 1245 260 1315 caturos,
282 1239 309 1299 si
322 1237 422 1300 hostis
438 1239 508 1300 linis
523 1239 678 1300 intrasset
706 1241 816 1303 consul
830 1240 883 1302 ubi
900 1248 1032 1317 quantae
1049 1257 1099 1302 co-

117 1324 197 1400 piae,
213 1328 328 1399 quanta
342 1322 456 1384 fiducia
470 1330 556 1385 esset
567 1321 665 1398 hosti,
681 1324 786 1399 sensit,
802 1323 939 1386 nundum
952 1316 994 1385 ad
1009 1324 1100 1386 colle

116 1423 187 1483 gam
200 1407 304 1479 mittit,
320 1411 361 1481 ut,
376 1406 404 1467 si
416 1406 572 1469 videretur
586 1407 623 1483 ei,
639 1414 804 1471 maturaret
815 1409 937 1493 venires
960 1424 996 1470 se
1009 1408 1101 1484 tergi-

116 1490 271 1553 versando
287 1491 319 1551 in
333 1490 498 1552 adventurn
512 1490 579 1552 eius
594 1506 659 1552 rem
674 1498 890 1555 extracturum.
914 1508 994 1568 quae
1007 1508 1102 1554 eausa
1179 1504 1182 1510 ·

117 1574 237 1638 consuli
253 1575 424 1649 cunctandi,
439 1576 548 1636 eadem
564 1575 674 1652 Gallis,
695 1583 911 1654 praeterquam
928 1575 1012 1651 quod
1027 1591 1099 1636 cun-

117 1657 208 1722 ctatio
229 1658 363 1721 hostium
383 1661 502 1722 animos
523 1659 669 1736 iaciebat,
690 1661 735 1721 rei
755 1660 954 1721 maturandae
969 1665 1048 1733 erat,
1069 1665 1101 1719 ut

118 1743 298 1819 priusquam
318 1744 575 1821 coniungerentur
590 1746 752 1806 consulum
767 1744 891 1818 copiae,
910 1756 976 1800 rem
990 1743 1100 1803 transi-

117 1834 232 1903 gerent
258 1843 314 1904 per
326 1828 454 1890 biduum
467 1835 569 1889 ιειιιειι
583 1828 659 1889 nihil
675 1828 758 1892 aliud
774 1842 867 1903 quam
881 1831 1031 1887 steterunt
1045 1841 1100 1900 pe·

115 1911 173 1972 rati
194 1911 233 1972 ad
258 1913 471 1988 pugnandum,
498 1910 616 1987 siquis
642 1917 749 1973 contm
769 1911 976 1987 egrederetur.
1011 1909 1100 1970 tertio

116 1995 240 2057 subiere
264 1995 305 2057 ad
326 1997 454 2069 vallum,
482 2001 646 2072 castraque
666 1995 755 2058 simul
777 1996 815 2057 ab
837 1994 919 2058 omni
940 2001 1028 2071 parte
1047 1992 1101 2054 ad·

8 2131 9 2138 ,
115 2080 215 2154 gressi
231 2083 311 2139 sunt.
346 2078 457 2139 consul
471 2093 557 2137 arma
570 2079 725 2154 extemplo
741 2094 853 2154 capere
866 2079 977 2140 milites
992 2077 1100 2146 iussit;

116 2167 252 2222 armatos
266 2159 339 2220 inde
354 2159 513 2236 paulisper
526 2161 688 2235 continuit,
709 2168 744 2222 ut
755 2167 787 2221 et
800 2159 943 2223 stolidam
957 2161 1101 2221 fiduciam

116 2243 199 2305 hosti
210 2248 343 2319 augeret,
359 2249 390 2304 et
400 2242 580 2319 disponeret
590 2242 709 2319 copias,
725 2242 835 2319 quibus
848 2257 992 2319 quaeque
1003 2242 1102 2318 portis

8 2351 9 2354 ¹
119 2333 322 2403 erumperent
354 2328 434 2389 duae
454 2325 592 2403 legiones
614 2327 734 2389 duabus
759 2326 978 2404 principalibus
1003 2325 1101 2402 portis

117 2413 207 2488 signa
226 2411 338 2472 efferre
358 2413 472 2473 iussae.
502 2412 560 2472 sed
573 2411 605 2473 in
619 2412 690 2487 ipso
706 2411 790 2473 exitu
804 2411 846 2472 itu
861 2410 989 2472 conteni
1007 2409 1101 2471 obsti-

117 2502 181 2557 tere
195 2496 272 2556 Galli
293 2502 328 2558 ut
341 2496 519 2558 clauderent
531 2493 622 2556 viam.
654 2495 707 2557 diu
721 2495 752 2557 in
766 2494 917 2572 angustiis
932 2499 1102 2570 pugnatum

116 2585 173 2640 est.
203 2595 262 2642 nec
282 2580 398 2642 dextris
420 2578 518 2655 magis
538 2580 712 2656 gladiisque
732 2578 896 2655 gerebatur
916 2594 982 2652 res,
1008 2594 1101 2653 quarn

117 2663 213 2725 scutis
235 2666 481 2740 corporibusque
503 2663 581 2738 ipsis
603 2663 709 2726 obnixi
729 2664 894 2748 urgebant,
918 2662 1048 2724 Romani
1068 2670 1102 2723 ut

117 2748 207 2823 signa
224 2747 308 2807 loras
328 2748 487 2817 efferrent,
510 2745 587 2807 Galli
605 2752 639 2807 ut
655 2747 752 2808 autin
766 2752 869 2808 castra
882 2745 943 2822 ipsi
959 2754 1100 2823 penetra·

115 2836 200 2904 rent,
222 2836 275 2891 aut
294 2831 379 2891 exire
393 2832 550 2892 Romanos
570 2829 777 2905 prohiberent.
811 2845 869 2890 nee
891 2835 962 2889 aute
975 2829 1006 2889 in
1020 2829 1101 2890 hanc

117 2920 170 2976 aut
185 2914 267 2974 illam
279 2921 398 2989 partem
412 2913 529 2974 moveri
543 2914 626 2975 acies
641 2921 821 2987 potueruut,
838 2929 931 2988 <tuam
945 2912 979 2987 Q.
995 2914 1099 2974 Victo-

116 2998 182 3059 rius
208 2996 298 3074 primi
324 2998 377 3075 pili
403 2996 538 3059 centurio
559 3004 590 3059 et
610 2997 641 3058 0.
662 2996 784 3059 Atinius
805 2996 943 3058 tribunus
956 2996 1099 3068 militum,

118 3089 246 3160 quartae
260 3081 319 3156 hic,
333 3081 385 3143 ille
399 3079 556 3143 secundae
565 3080 705 3157 legionis,
719 3097 785 3142 rem
796 3080 827 3141 in
839 3080 960 3156 asperis
972 3080 1100 3156 proeliis

117 3182 213 3243 saepe
227 3172 417 3243 temptatam,
433 3164 522 3241 signa
537 3167 680 3242 adempta
694 3165 847 3242 signiferis
862 3164 893 3224 in
907 3163 1006 3226 hostis
1021 3165 1101 3225 leco

118 3257 195 3311 runt.
224 3251 298 3317 dum
317 3256 460 3328 repetunt
480 3251 571 3311 enixe
586 3252 725 3327 signum,
745 3250 866 3325 priores
881 3249 1051 3310 secundani
1066 3262 1102 3307 se

120 3340 208 3412 porta
232 3337 361 3398 eiecere
393 3334 510 3395 XLVII.
543 3335 603 3395 iam
623 3334 655 3395 hi
674 3340 761 3394 extra
785 3334 897 3395 vallum
922 3330 1100 3409 pugnabant

119 3425 227 3495 quarta
246 3419 368 3495 legione
387 3419 418 3479 in
432 3426 523 3494 porta
539 3418 700 3489 haerente,
723 3434 792 3479 curn
806 3416 885 3478 alius
900 3416 1045 3478 tumultus
1061 3428 1102 3472 ex

121 3517 230 3564 eversa
250 3509 336 3579 parte
358 3509 527 3565 castrorum
548 3510 596 3564 est
609 3507 745 3566 exortus.
780 3500 810 3563 in
823 3508 942 3620 portam
957 3501 1099 3573 quaesto
