2600 4000
269 253 383 316 LIBER
397 253 544 314 xlctvll.
566 254 649 314 cnr.
666 262 765 315 saca.
788 261 824 327 [a.
837 261 869 323 e.
883 264 944 328 1an
1035 254 1098 320 aot

123 405 250 485 pensius
265 402 524 480 cumulatiusque,
546 404 572 464 si
587 420 649 480 quo
665 402 780 480 possit,
801 411 894 480 prout
913 404 979 466 eius
991 408 1105 469 merita

122 490 197 564 sint,
218 497 356 551 senatum
372 490 536 549 iacturumz
558 487 598 548 ad
612 502 735 559 carex,
761 488 788 548 si
802 488 842 548 ab
855 487 922 547 aliis
936 488 996 548 sibi
1010 506 1097 565 prae

123 573 251 635 mierum
271 573 354 648 optio
375 572 558 645 deferretur,
583 571 726 645 libenter,
752 572 824 633 data
843 573 936 632 modo
957 573 1097 639 facultate

124 656 303 718 consulendi
317 661 457 716 senatum
471 656 657 730 Romanum,
679 655 809 717 consilio
823 655 1004 731 amplissimi
1018 658 1108 722 ordi»

122 742 171 802 nis
185 756 311 802 usurum
333 738 445 812 luisse,
465 754 505 799 ne
526 738 600 815 quid
620 744 673 800 aut
692 738 889 800 immoderate
909 738 1035 815 cupisse
1048 748 1101 801 ent

124 825 239 901 petisse
259 839 367 901 parum
388 824 527 884 modeste
547 822 644 883 videri
666 830 790 899 possem
818 820 1098 885 verumenimvero

123 924 192 971 cum
206 908 266 984 ipsi
281 907 379 970 daturi
394 906 469 982 sint,
484 908 578 967 mrdto
593 907 691 982 magis
702 906 937 968 munificentiam
949 921 1054 967 eorum
1069 907 1100 967 in

122 1009 158 1054 se
172 993 344 1067 fratresque
359 1005 435 1052 suos
451 989 589 1067 ipsorum
603 989 717 1052 arbitrii
731 991 845 1052 debere
855 1006 937 1052 esse.
958 990 1031 1051 nihil
1043 990 1100 1053 hac

123 1075 260 1138 oratione
274 1076 341 1136 eius
356 1082 459 1150 patres
476 1074 640 1151 conscripti
656 1072 788 1136 deterriti
810 1080 895 1149 sunt,
917 1090 979 1151 quo
999 1075 1101 1135 minus
1156 1128 1160 1134 .

123 1160 227 1221 dicere
240 1159 341 1234 ipsum
356 1158 504 1220 iuberent.
530 1165 643 1221 etcum
657 1158 844 1234 aliquamdiu
857 1158 928 1219 hinc
942 1158 1101 1234 indulgen*

124 1245 165 1304 tia
183 1242 255 1303 hinc
275 1242 426 1304 modestia
445 1243 523 1303 inter
544 1242 743 1318 permittentis
763 1243 904 1303 invicem
927 1259 988 1305 non
1003 1241 1101 1318 magis

114 1336 227 1389 ,mutua
242 1342 332 1401 quam
346 1325 551 1402 inexplicabili
567 1326 708 1388 facilitate
721 1332 866 1388 certatum
878 1334 977 1402 esset,
991 1326 1097 1387 Eume

124 1427 180 1472 nes
200 1425 241 1472 ex
260 1410 373 1484 templo
394 1409 538 1471 excessit
569 1416 695 1473 senatus
710 1410 741 1471 in
756 1411 864 1472 eadem
879 1418 1017 1487 perstare
1031 1427 1101 1472 sen-

127 1494 231 1568 tentia,
251 1501 286 1555 ut
305 1493 473 1554 absurdum
494 1508 566 1555 esse
585 1495 701 1557 diceret
720 1496 862 1570 ignorare
881 1509 1000 1570 regem,
1028 1492 1102 1570 quid

125 1594 255 1655 sperans
270 1584 323 1639 aul
336 1577 581 1652 petensvenerit.
604 1596 684 1656 quae
694 1579 925 1641 accommodata
935 1592 1031 1651 regno
1043 1592 1103 1639 suo
1200 1614 1202 1617 -

6 1671 7 1674 ’
125 1663 200 1738 sint,
221 1662 323 1739 ipsum
343 1661 456 1738 optimc
477 1663 573 1733 scire3
594 1663 701 1725 Asiam
716 1665 807 1738 longe
821 1661 930 1721 melius
947 1675 1038 1735 quam
1053 1674 1101 1719 se·

125 1753 226 1810 natum
238 1760 343 1807 nosse.
364 1747 570 1809 revocandum
583 1746 673 1822 igitur
683 1755 714 1808 et
724 1744 904 1820 cogendum,
921 1758 1001 1817 quae
1011 1743 1105 1804 vellet
1177 1752 1180 1756 ’

127 1836 268 1908 :quaeque
282 1831 422 1906 sentiret,
444 1845 636 1907 expromere.
668 1829 743 1888 Llll.
765 1827 912 1887 reductus
929 1831 1104 1901 apraetore

123 1912 154 1978 in
168 1916 313 1990 templum
326 1929 384 1973 rex
402 1921 433 1975 et
453 1915 555 1972 dicere
576 1912 680 1972 iussus
701 1914 992 1988 „perseverassem‘
1006 1909 1104 1986 inquit

124 2006 262 2075 ,‚tacere,
289 2004 392 2070 patres
417 1994 596 2070 conscripti,
623 1994 683 2055 nisi
707 1993 895 2056 Rhodiorum
921 1992 1102 2070 legationem

88 2127 89 2131 ,
124 2098 198 2142 mox
212 2083 378 2140 vocaturos
392 2094 451 2139 vos
466 2076 592 2149 scirem,
608 2087 638 2138 et
651 2078 711 2138 illis
725 2078 837 2139 auditis
847 2077 921 2138 mini
934 2079 1101 2139 necessita·

125 2171 185 2225 tem
199 2163 266 2223 lore
280 2160 412 2226 dicendi.
445 2176 525 2237 quae
545 2161 669 2236 quidem
688 2177 726 2222 eo
747 2161 899 2224 difficilior
920 2162 1016 2222 oratio
1037 2161 1103 2235 erit,

126 2247 210 2323 quod
224 2261 262 2306 ee
275 2245 430 2319 postulata
444 2258 550 2306 eorum
565 2245 665 2306 lutura
678 2251 765 2321 sunt,
786 2253 820 2308 ut
839 2261 901 2307 non
916 2247 1015 2306 solam
1030 2244 1104 2305 nihil

124 2330 209 2408 quod
224 2335 331 2391 contra
344 2343 392 2389 me
407 2329 461 2402 sit,
478 2329 534 2390 sed
545 2345 584 2390 nc
596 2331 682 2405 qnod
692 2330 733 2391 ad
742 2330 830 2405 ipsos
843 2329 966 2410 quidem
977 2329 1102 2405 proprie

124 2413 287 2491 pertineat,
304 2420 409 2488 petere
421 2412 589 2474 videantur.
611 2414 792 2489 agentenim
803 2428 928 2490 causam
939 2413 1103 2474 civitatium

126 2500 325 2570 Graecarum,
347 2502 378 2556 et
390 2497 511 2558 liberari
527 2513 580 2557 eas
596 2497 699 2560 dicent
712 2497 837 2559 debere.
866 2512 927 2572 quo
942 2497 1103 2574 impetrato

124 2583 173 2643 cui
184 2581 376 2653 duainmest,
393 2582 464 2656 quin
479 2578 638 2643 etanobis
650 2583 789 2659 euersuri
800 2581 933 2643 sintnon
944 2597 998 2642 eas
1009 2581 1103 2643 modo
1163 2584 1166 2588 ’

124 2666 260 2729 civitates
276 2679 356 2738 quae
370 2664 591 2739 liberabuntur,
612 2665 669 2725 sed
690 2666 780 2727 etiam
800 2672 920 2727 veteres
936 2663 1102 2741 stipendia-

125 2750 186 2809 rias
211 2754 350 2814 nostras;
373 2747 430 2806 sibi
450 2754 550 2807 autem
570 2755 654 2809 tanto
676 2748 828 2822 obligatos
842 2748 993 2810 beneflcio
1007 2747 1102 2809 vcrbo

125 2830 245 2898 socios,
271 2844 306 2889 re
324 2844 398 2888 vera
423 2830 580 2891 subiectos
600 2831 728 2905 imperio
750 2839 781 2891 et
800 2832 952 2894 obnoxios
972 2830 1103 2892 habituri

125 2915 206 2976 sinti
227 2919 258 2974 et
277 2913 304 2972 si
324 2911 372 2982 dis
394 2913 510 2987 placet,
532 2929 600 2973 cum
620 2913 677 2973 has
692 2920 792 2974 tantas
807 2930 884 2990 opes
900 2914 1103 2988 adiectabunt,

125 2995 361 3061 dissimulabunt
375 2996 438 3059 ulla
451 2996 583 3070 parteid
596 2996 636 3056 ad
651 3012 687 3057 se
701 2997 870 3071 pertinere=
891 3014 948 3059 vos
963 2998 1056 3061 modo
1071 2998 1103 3058 id

124 3085 236 3143 decere
251 3084 283 3141 et
297 3079 484 3139 conveniens
499 3094 571 3139 esse
582 3087 652 3141 ante
666 3080 754 3142 lactis
766 3078 877 3143 dicent.
899 3082 977 3142 haee
992 3097 1104 3156 vosne

125 3165 259 3241 decipiat
272 3162 385 3235 oratio,
400 3162 625 3237 providendam
639 3164 729 3225 vobis
745 3164 817 3239 erit,
833 3181 912 3226 neve
926 3182 987 3227 non
1001 3167 1102 3227 solum

125 3245 325 3323 inaequaliter
347 3247 425 3306 alios
450 3245 574 3307 nimium
598 3247 775 3324 deprimatis
800 3265 841 3310 ex
865 3249 960 3310 sociis
982 3248 1102 3320 vestris,

124 3330 207 3392 elios.
223 3330 480 3405 praetermodum
501 3331 668 3405 extollatis,
690 3333 748 3394 sed
767 3331 912 3394 etiamne
927 3331 1102 3409 quiadver·

125 3429 180 3476 sus
200 3429 258 3473 vos
277 3428 362 3472 arma
379 3412 516 3488 tulerint,
542 3415 572 3472 in
592 3415 717 3475 meliore
736 3422 818 3477 statu
838 3417 899 3477 sint
914 3431 1004 3491 quam
1025 3412 1102 3473 socii

123 3501 176 3558 aut
186 3494 275 3556 amici
283 3495 386 3555 vestri.
406 3496 490 3571 quod
502 3495 541 3556 ad
553 3510 601 3555 me
612 3493 725 3573 attinet,
740 3498 770 3557 in
782 3498 849 3559 aliis
860 3499 954 3558 rebus
966 3492 1102 3557 cessisse

834 3582 891 3638 ω*
