2600 4000
182 297 185 300 Ι
224 211 268 274 98
358 209 475 310 LIBER
486 208 620 269 XXXIII.
641 207 717 268 CAP
743 214 785 270 17.
801 215 844 270 18.
867 213 904 280 [a.
919 213 955 265 U.
971 229 996 265 o.
1011 214 1073 279 565]

227 360 351 437 quidam
364 358 461 422 Italici
475 357 613 435 generis,
628 354 772 419 Leucade
786 354 975 430 habitantes,
989 357 1028 416 ab
1043 372 1115 419 arce
1129 355 1197 419 mili-

226 454 273 507 tes
286 442 491 520 accepissant
510 457 568 502 eos
585 449 686 514 tamen
700 457 740 501 ex
755 438 916 515 superiore
927 440 997 500 loco
1013 456 1199 515 magnacum

225 528 355 590 tumultu
368 527 585 599 decurrentes,
599 524 667 585 acie
681 522 713 585 in
727 524 795 585 loro
810 522 973 596 instructa,
987 521 1068 584 iusto
1085 524 1198 601 proelio

225 610 414 688 aliquamdiu
426 607 573 671 Leucadii
588 607 808 670 sustinuerunt
828 605 949 668 interim
963 614 994 668 et
1007 608 1101 668 scalis
1116 616 1199 684 capta

224 692 328 756 mulds
352 692 429 755 locis
450 691 587 765 moenia,
613 699 645 753 et
665 707 722 767 per
743 699 876 765 stragem
897 687 1034 765 lapidum
1048 706 1085 751 ao
1099 690 1199 752 ruinas

225 787 438 840 henacensum
451 774 482 837 in
496 776 613 837 urbem.
654 774 777 850 iamque
797 774 866 849 ipse
886 775 1005 849 legatus
1026 790 1136 849 magno
1151 791 1204 851 δεῖ

225 861 306 922 mina
321 860 562 922 circumvenerat
576 867 759 935 pugnantes.
782 865 846 918 tum
854 873 933 932 ,pars
948 855 979 916 in
993 857 1095 920 medio
1105 858 1199 932 caesi,

225 962 298 1022 pars
310 943 406 1006 armis
420 940 548 1004 abiectis
563 941 747 1003 dediderunt
761 957 832 1003 sese
845 938 964 1001 victori.
999 949 1030 1001 et
1051 950 1124 1017 post
1136 941 1199 1003 dies

225 1044 353 1104 paucos,
367 1025 471 1089 audito
486 1024 622 1102 proelio,
637 1043 700 1102 quo
715 1027 754 1087 ad
770 1024 1022 1102 Cynoscephalas
1037 1033 1199 1101 pugnatum

225 1119 298 1184 arat,
314 1126 421 1172 omnes
442 1108 636 1171 Acarnaniae
656 1108 765 1185 populi
784 1108 816 1169 in
838 1106 990 1170 dicionem
1005 1108 1096 1183 legati
1109 1126 1200 1170 vene-

225 1202 303 1255 runt.
1206 1227 1207 1232 κ

306 1277 403 1337 XVllI
420 1274 538 1338 lisdem
550 1274 669 1349 diebus,
683 1273 785 1337 omnia
796 1273 886 1335 simul
897 1272 1062 1337 inclinante
1073 1276 1200 1351 fortuna,

224 1359 336 1422 Rhodii
358 1375 483 1436 quoque
503 1360 545 1420 ad
569 1358 785 1422 vindicandam
810 1375 829 1419 a
852 1357 994 1435 Philippo
1019 1357 1200 1421 continentis

223 1444 580 1524 regionem—Peraeam
588 1451 699 1505 vocant
707 1476 745 1487 -
754 1458 936 1518 possessam
947 1440 1113 1504 maioribus
1126 1442 1198 1515 suis,

223 1526 442 1589 Pausistratum
463 1534 636 1602 praetorem
658 1543 727 1588 cum
748 1524 930 1602 octingentis
944 1525 1078 1588 Achaeis
1093 1526 1200 1602 pediti·

223 1613 291 1684 bus,
307 1610 389 1672 mille
403 1619 434 1672 et
447 1609 610 1692 nongentis
627 1610 691 1672 iere
705 1608 829 1672 annalis
840 1626 880 1670 ex
891 1608 976 1669 vario
988 1625 1102 1686 genere
1115 1609 1200 1695 auai-

223 1695 333 1756 liorum
348 1693 496 1769 collectis
510 1694 672 1766 miserunt;
688 1692 765 1754 Galli
779 1700 810 1754 et
822 1691 963 1754 Pisuetae
975 1701 1006 1754 et
1015 1693 1159 1755 Nisuetae
1170 1703 1200 1755 et

223 1777 358 1839 Tamiani
379 1786 410 1841 et
428 1776 505 1839 Arei
526 1794 567 1839 ex
586 1776 692 1838 Ahica
712 1785 744 1838 et
762 1775 930 1838 Laodiceni
950 1793 989 1838 ex
1008 1775 1085 1838 Asia
1105 1785 1200 1839 erant.

223 1878 293 1923 cum
307 1861 345 1923 iis
361 1860 461 1937 copiis
467 1860 673 1924 Pausistratus
687 1860 832 1922 Tendeba
846 1858 877 1919 in
889 1859 1111 1923 Stratonicensi
1125 1878 1200 1938 agro

223 1946 324 2006 locum
339 1951 601 2021 peropportunum
616 1943 844 2021 ignarisregiis,
861 1943 913 2020 qui
925 1952 1093 2021 tenuerant,
1109 1961 1201 2008 occu·
1296 2018 1297 2025 ἵ

223 2028 315 2104 pavit.
337 2028 368 2088 in
383 2036 521 2105 tempora
535 2036 566 2091 et
580 2029 620 2091 ed
634 2028 666 2090 id
681 2028 783 2105 ipsum
797 2027 930 2090 excitum
942 2028 1105 2104 auxilinm,
1118 2030 1202 2091 mille

222 2111 339 2174 Achaei
368 2111 490 2188 pedites
516 2129 585 2174 omn
614 2122 736 2175 centum
760 2111 914 2189 equitibus
940 2123 1201 2189 supervenemnl=

221 2197 405 2259 Tbeoxenus
419 2195 458 2259 iis
473 2207 624 2273 praeerat
644 2197 827 2259 Dinocrates
841 2195 944 2272 regius
960 2199 1137 2273 praelectus
1151 2214 1201 2260 re-

222 2278 380 2357 ciperandi
405 2279 523 2342 castelli
548 2298 643 2342 causa
664 2279 762 2356 primo
784 2287 886 2342 castra
904 2281 945 2341 ad
965 2280 1036 2357 ipsa
1055 2281 1202 2344 Tendeba

221 2371 338 2436 movet,
367 2363 499 2424 indeed
519 2366 647 2426 alterum
667 2365 842 2438 castellum,
866 2362 939 2425 item
960 2364 1202 2427 Stratonicensis
1296 2434 1297 2441 ,

221 2446 301 2521 agriz
314 2446 470 2519 Astragon
485 2455 607 2507 vocant
648 2447 853 2524 omnibusque
867 2465 908 2517 ex
922 2447 1100 2525 praesidiis,
1117 2466 1203 2524 quae
1296 2446 1297 2459 ¹

221 2525 413 2589 multifariam
429 2526 559 2590 disiecta
573 2537 669 2603 erant,
683 2530 853 2607 devocatis,
867 2541 898 2593 et
913 2533 951 2592 ab
965 2530 1035 2608 ipsa
1050 2531 1202 2596 Stratoni-

220 2626 276 2671 cea
289 2609 507 2673 lbessalorum
520 2612 735 2689 auxiliaribus,
758 2615 799 2675 ad
819 2615 996 2690 Alabanda,
1018 2616 1070 2677 ubi
1090 2616 1203 2678 hostes

220 2700 314 2766 erent,
330 2694 444 2756 ducere
459 2693 567 2771 pergit.
594 2713 651 2759 nec
666 2697 778 2759 Rhodii
793 2714 927 2775 pugnem
942 2701 1203 2762 detractaverunt.
1296 2732 1297 2747 κ

219 2775 261 2837 ita
275 2776 385 2838 castris
400 2778 431 2839 in
445 2779 654 2857 propinquum
669 2780 788 2843 collatis
803 2783 957 2858 externplo
977 2784 1007 2844 in
1025 2782 1123 2845 aciem
1143 2784 1202 2843 de·

220 2875 365 2922 sconsum
386 2870 443 2924 est.
482 2862 663 2931 Dinocrates
685 2864 870 2942 quingentos
883 2866 1072 2929 Macedonas
1086 2867 1201 2927 dextro

219 2959 324 3018 cornu,
336 2946 424 3008 laevo
432 2945 583 3022 Aeriam
596 2952 686 3023 locat,
701 2949 732 3010 in
745 2949 878 3012 madium
889 2950 1009 3027 accepit
1020 2957 1202 3011 contractos

218 3044 258 3087 ex
272 3030 513 3091 castellomm-
522 3032 614 3095 Cares
628 3031 760 3094 maxime
775 3042 908 3096 arant-
920 3032 1089 3111 praesidiis,
1106 3032 1203 3108 equi·

218 3118 264 3172 tes
279 3111 422 3175 cornibus
438 3113 605 3178 circumdat
616 3125 645 3178 et
654 3116 842 3180 cretensium
852 3117 1016 3179 auxiliares
1029 3116 1204 3178 Thracum-

219 3211 288 3270 que.
310 3196 422 3259 Rhodii
433 3198 577 3261 Achaeos
589 3200 698 3262 dextro
710 3217 815 3275 comu,
828 3200 951 3264 sinistro
964 3200 1203 3262 mercennarios

218 3276 342 3353 milites,
362 3281 471 3344 lectam
486 3282 622 3358 peditum
636 3301 772 3359 manum,
793 3285 943 3359 habuere,
966 3283 1085 3346 medios
1099 3285 1204 3346 mixta

217 3362 408 3439 expluribus
423 3364 564 3441 gentibus
578 3367 705 3442 auxilia,
729 3366 848 3444 equites
864 3367 1006 3446 levisque
1021 3378 1202 3430 annaturae

215 3447 300 3520 quod
316 3455 396 3523 erat,
415 3448 559 3511 cornibus
579 3451 815 3514 circumiectum.
842 3469 881 3513 eo
897 3451 947 3513 die
962 3459 1112 3514 steterunt
1126 3459 1202 3515 tan·
