2600 4000
267 259 384 325 LlBElt
395 259 556 321 xllxvlll.
579 259 662 321 cal.
676 268 741 322 aa.
764 268 801 336 [a
815 268 846 318 c.
860 270 924 339 rsa]
1021 262 1085 329 tlt

100 417 191 479 simul
205 415 237 477 in
250 412 463 476 Athamaniam
476 413 565 475 redit.
591 413 750 474 Xenonem
764 411 835 472 in'de
850 429 919 474 cum
933 414 1015 477 mille
1029 436 1082 495 pe.

101 499 215 561 ditibus
232 498 437 575 praemissum
450 494 612 573 Ethopiam
628 511 782 573 occupare
797 495 894 572 iubet,
910 507 1083 573 opportune

1 569 3 646 ἶ
98 582 266 658 Argitheae
285 581 506 651 imminentem;
534 596 625 658 quern
644 579 698 641 ubi
718 578 815 642 teneri
836 579 876 640 ab
897 581 962 642 suis
982 584 1082 646 locum

98 666 191 739 vidit,
212 667 281 742 ipse
300 665 384 726 circa
404 667 550 741 templum
563 664 646 726 lovis
660 664 771 725 Acraei
785 663 890 739 posuit
905 673 1015 728 castra.
1041 668 1082 728 ihi

100 767 193 812 unum
209 749 290 811 diem
302 750 395 811 toeda
408 754 589 825 tempestate
602 756 748 824 retentus,
763 755 891 823 postero
907 749 957 810 die
969 751 1082 813 ducere

1 893 3 920 ,
101 832 473 909 adArgitheamintendit.
489 831 1081 910 euntibasextemploapparuereAtha·

2 971 3 974 η
99 934 207 980 manes
221 916 252 978 in
266 918 400 979 tumulos
422 914 605 978 imminentis
619 914 689 977 viae
703 915 922 981 discurrentes.
949 920 990 980 ad
1005 936 1067 995 quo
1073 953 1083 984 ι,

1 1031 3 1046 ‹
98 1018 167 1063 rum
183 1009 385 1078 conspectum
402 1000 566 1063 constitere
581 1001 679 1076 prima
693 1001 797 1077 signa,
818 1009 947 1079 totoque
960 1004 1081 1080 agmine
1186 1061 1193 1067 .

1 1091 2 1094 ’
99 1102 197 1163 pavor
210 1093 242 1146 et
254 1083 417 1161 trepidatio
432 1091 512 1157 erat;
533 1094 563 1147 et
577 1100 634 1161 pro
649 1100 685 1147 se
700 1084 833 1162 quisque
845 1085 990 1162 quidnam
1003 1090 1067 1150 tutu

98 1186 166 1231 rum
181 1167 435 1246 essct'cogitare,
456 1170 483 1229 si
498 1168 529 1230 in
545 1170 643 1230 valles
658 1169 812 1232 subiectas
826 1171 956 1248 rupibus
971 1188 1081 1249 agmen

92 1255 178 1317 toret
192 1252 370 1317 demissum.
391 1254 469 1314 haec
484 1252 674 1315 tumultuatio
689 1269 794 1329 regem
805 1254 988 1332 cupientem,
1003 1255 1081 1318 sisa

99 1343 317 1415 sequerentur,
336 1335 449 1414 raptim
462 1338 595 1399 evadere
610 1338 783 1414 angustias,
802 1354 950 1401 revocare
964 1339 1080 1417 primos

2 1437 3 1442 ¹
97 1430 129 1484 et
149 1422 259 1483 eadem
280 1437 342 1497 qua
360 1430 487 1484 venerat
499 1421 552 1482 via
564 1419 680 1483 reterre
695 1424 907 1501 coegitsigna.
935 1425 1079 1487 Athama·

99 1516 155 1567 nes
177 1504 275 1581 primo
298 1521 338 1566 ex
361 1504 520 1567 intervallo
541 1505 636 1581 quieti
658 1508 880 1584 sequebantur=
913 1514 1080 1585 postquam

98 1590 249 1651 Aetoliae
264 1588 496 1668 coniunxerunt,
511 1590 580 1666 hos,
595 1596 629 1652 ut
642 1592 681 1652 ab
697 1599 783 1670 tergo
797 1591 911 1668 agmini
925 1592 1080 1666 instarent,

97 1673 301 1750 reliquerunt,
323 1674 383 1751 ipsi
398 1674 438 1736 ab
451 1674 598 1737 lateribus
613 1691 648 1736 sc
664 1675 939 1748 circumfuderunt,
957 1675 1080 1750 quidam
1128 1753 1131 1758 4

98 1773 155 1833 per
174 1764 264 1820 notas
286 1759 379 1821 ealles
399 1760 542 1822 breviore
564 1759 616 1820 via
635 1760 812 1834 praegressi
832 1758 978 1822 transitus
999 1758 1077 1818 inse·

98 1843 188 1913 dere;
215 1849 394 1919 tantumque
409 1845 555 1906 tumultus
569 1841 791 1903 Macedonibus
807 1848 855 1902 est
869 1840 1027 1915 iniectum,
1049 1850 1081 1904 nt

97 1927 190 2003 fugae
209 1926 306 2002 magis
328 1927 446 1987 ellusae
468 1941 560 2002 quam
581 1922 698 1984 itineris
719 1923 850 1986 ordinati
870 1925 963 1987 modo
978 1926 1079 1989 multis

1 2036 2 2073 1
96 2011 190 2071 armis
214 2008 353 2084 virisque
377 2009 490 2070 relictis
516 2008 630 2068 flumen
651 2006 834 2070 uaieoerint.
867 2009 918 2072 hic
938 2010 1009 2072 linis
1028 2027 1078 2072 se·

1 2078 3 2155 Ῐ
97 2090 213 2169 quondi
228 2092 292 2151 suit,
313 2089 386 2151 inde
399 2097 464 2153 tuto
477 2090 665 2152 Macedones
681 2091 841 2170 Gomphos
856 2103 887 2155 et
901 2095 1081 2171 aGomphis
1185 2119 1188 2124 >

96 2173 128 2236 in
138 2174 352 2236 Macedoniam
361 2174 528 2237 redierunt.
542 2173 731 2238 Athamanes
741 2178 906 2254 Aetolique
917 2178 1079 2254 Ethopiam

1 2326 3 2339 ,
80 2258 138 2320 ¹ad
154 2258 314 2319 Xenonem
334 2274 371 2320 ac
391 2257 472 2320 mille
489 2259 678 2320 Macedonas
700 2260 921 2338 opprimendos
941 2263 1079 2337 undique

97 2350 328 2406 concurrerunt
353 2342 542 2406 Macedones
558 2358 666 2419 parum
681 2344 750 2407 loco
765 2346 833 2406 freti
847 2346 887 2407 ab
900 2345 1035 2421 Ethopia
1048 2347 1078 2405 in

96 2427 235 2488 altiorem
254 2428 525 2506 deruptioremque
547 2427 685 2505 undique
707 2432 855 2491 tumulum
875 2439 1078 2501 concessere;

97 2528 159 2590 quo
179 2512 319 2588 pluribus
340 2529 380 2574 ex
400 2511 477 2575 locis
499 2512 585 2576 aditu
606 2513 731 2577 invento
753 2516 900 2591 expulere
915 2530 971 2576 eos
984 2513 1078 2575 Atha-

95 2612 211 2672 manes,
226 2596 451 2674 dispersosque
466 2607 497 2659 et
511 2614 567 2676 per
581 2597 664 2659 invia
676 2605 769 2676 atquc
783 2600 903 2675 ignotas
915 2614 1011 2674 rupes
1023 2598 1078 2659 iter

96 2681 187 2756 rugae
207 2697 269 2742 non
290 2679 484 2757 expedientis
504 2683 614 2757 partim
634 2692 783 2760 ceperunt
796 2684 905 2759 partim
919 2682 1078 2757 interieoe
1199 2700 1202 2704 “

95 2770 176 2834 runt
198 2762 283 2825 multi
296 2780 413 2840 pavore
427 2764 457 2824 in
473 2765 602 2841 derupta
616 2765 822 2843 praecipitati,
843 2765 994 2842 perpauci
1006 2782 1078 2827 cum

94 2846 224 2906 Xenone
244 2848 284 2907 ad
304 2861 410 2922 regem
430 2855 602 2925 evaserunt.
635 2856 745 2923 postea
765 2866 822 2924 per
841 2850 974 2911 indutias
989 2863 1077 2925 sepe·

1 2972 2 2993 t
95 2927 190 2989 liendi
204 2945 315 2991 caesos
330 2937 468 3006 potestas
483 2933 562 2992 tacta
576 2939 632 2992 est.

180 3014 231 3074 lll.
251 3014 454 3093 Amynander
467 3024 649 3091 recuperato
664 3031 760 3091 regno
778 3018 897 3092 legatos
909 3023 940 3076 et
949 3017 1077 3079 Romam

95 3098 136 3158 ad
156 3103 297 3162 senatum
318 3106 348 3160 et
368 3099 408 3159 ad
424 3097 586 3175 Scipiones
606 3100 778 3174 inAsinrn,
799 3098 917 3176 Ephesi
929 3108 1002 3175 post
1015 3117 1076 3161 ma-

95 3198 188 3257 gnum
202 3197 272 3244 cum
282 3181 443 3244 Antiocho
448 3184 599 3259 proelium
609 3190 773 3259 morantes,
788 3181 880 3246 misit.
903 3199 1012 3259 pacem
1023 3201 1076 3260 pe-

96 3265 187 3339 tebat,
203 3266 435 3342 excusabatque
450 3280 531 3339 sese,
546 3271 630 3344 quod
645 3283 703 3344 per
714 3270 844 3331 Aetolos
859 3277 1077 3345 recuperasset
1199 3248 1201 3251 ⁵

97 3354 258 3425 paternum
271 3365 416 3427 regnum,
437 3350 609 3427 Philippum
622 3352 793 3414 incusabat.
814 3352 916 3415 Aetoli
930 3368 969 3412 ex
983 3352 1072 3412 Atha·

95 3431 197 3492 mania
210 3432 242 3492 in
252 3433 474 3510 Amphilochos
490 3434 620 3511 protecti
634 3443 714 3508 sunt,
729 3445 760 3497 et
773 3436 898 3497 maioris
911 3433 1008 3510 partis
1021 3449 1074 3493 vo

95 3517 209 3577 tuntate
222 3514 254 3575 in
268 3515 317 3578 ius
331 3517 544 3595 dicionemque
556 3524 649 3579 totam
662 3518 847 3593 redegerunt
858 3524 989 3595 gentem.
1004 3517 1072 3575 Am
