2600 4000
210 233 273 297 are
299 232 414 295 rinna
425 233 586 294 xxxvru.
609 233 693 293 cnr.
707 242 751 295 er.
773 232 1103 310 [commanens]

210 388 298 444 extra
312 382 423 442 saltum
437 381 520 442 circa
532 383 679 457 templum
688 381 870 442 Bendidium
885 387 987 441 castra
999 381 1068 441 loco
1079 388 1187 457 aperto

211 465 331 541 posuit;
349 480 424 540 pars
438 465 533 526 altera
546 464 587 524 ad
601 465 772 526 custodiam
787 463 1071 540 impedimentorum
1086 464 1187 526 medio

210 550 352 623 insultu,
374 548 489 623 duplici
507 547 696 611 circumdato
716 549 813 622 valio,
833 547 953 609 mansit.
986 554 1113 623 postero
1130 548 1189 620 dic,

211 634 297 710 prius
312 632 471 708 explorato
492 633 572 693 saltu
588 648 680 708 quam
693 637 867 704 moverent,
888 629 995 707 primis
1011 646 1046 691 se
1061 631 1189 692 coniun-

210 723 294 793 gunt
315 715 347 776 in
362 730 399 775 eo
414 715 532 790 proelio
548 730 617 775 cum
631 723 663 776 et
675 715 960 791 impedimentorum
973 730 1047 790 pars
1061 722 1093 776 et
1106 717 1190 777 calo·

211 818 283 861 num
293 807 323 860 et
333 799 441 859 milites
452 798 576 874 aliquot,
589 814 658 860 cum
669 798 785 874 passim
796 805 859 860 toto
872 814 969 874 prope
980 799 1061 860 saltu
1071 813 1189 874 pugna·

210 892 309 957 retur,
336 881 534 954 cecidissent,
564 882 724 958 plurimum
750 880 783 955 Q.
802 881 926 943 Minucii
945 881 1066 943 Thermi
1092 891 1190 944 morte

211 966 312 1029 damni
326 973 376 1028 est
388 972 561 1042 acceptum,
578 967 666 1028 fortis
680 981 717 1026 ac
731 966 846 1027 suenni
858 963 926 1026 viri.
949 982 986 1027 eo
1004 965 1054 1026 die
1071 967 1112 1026 ad
1129 966 1189 1027 He

210 1052 298 1112 brum
315 1049 427 1110 flumen
443 1057 622 1125 perventum
637 1057 693 1111 est.
716 1049 788 1110 inde
801 1047 969 1111 Aeniorum
982 1049 1053 1110 finis
1067 1057 1191 1126 praeter

210 1133 371 1208 Apollinis,
385 1132 582 1212 Zerynthium
597 1149 688 1210 quem
700 1140 812 1195 vocant
824 1131 959 1208 incolae,
978 1135 1123 1209 templum
1136 1149 1189 1195 su-

211 1223 326 1293 perant.
342 1216 420 1277 aliae
431 1217 1188 1296 angustiaeciroaTempyraexcipiunt—hocloco

211 1313 320 1360 nornen
335 1305 383 1359 est
392 1332 448 1372 -,
463 1315 521 1360 nec
535 1301 635 1363 minus
650 1303 852 1377 confragosae
866 1316 958 1378 quam
971 1302 1107 1377 priorem
1129 1301 1189 1361 sed

211 1383 283 1458 quia
303 1381 378 1443 nihil
400 1381 542 1443 silvestre
562 1385 644 1446 circa
664 1392 726 1459 est,
747 1401 787 1445 ne
801 1386 934 1446 latebras
949 1386 1074 1461 quidem
1088 1385 1130 1445 ad
1143 1384 1188 1443 in-

211 1466 383 1527 sidiandum
391 1466 548 1541 praebent
563 1467 624 1529 huc
632 1470 671 1528 ad
679 1469 807 1530 eandem
815 1484 903 1544 spem
909 1468 1190 1545 praedac'l'brausi,

210 1567 287 1627 gens
302 1559 332 1612 et
346 1550 416 1626 ipsa
428 1548 585 1624 Thracum,
604 1566 786 1614 convenere.
817 1555 874 1613 sed
890 1553 963 1628 quia
975 1554 1077 1613 nudae
1089 1553 1190 1613 valles

211 1637 318 1711 procui
331 1642 366 1696 ut
379 1633 630 1710 conspicerentur
643 1636 800 1709 angustias
816 1636 992 1698 obsidentes
1004 1635 1189 1710 eliciebant,

211 1720 311 1781 minus
332 1718 456 1780 terroris
477 1720 684 1794 tumultusque
703 1719 760 1780 luit
778 1721 862 1795 apud
878 1722 1051 1783 Romanos:
1074 1718 1190 1796 quippe

211 1804 269 1862 elsi
283 1803 388 1878 iniquo
403 1805 488 1877 loco,
510 1803 628 1877 proelio
642 1809 742 1864 tamen
757 1802 852 1878 iusto,
873 1805 940 1866 acie
954 1811 1074 1880 apertu,
1091 1802 1189 1879 signis

211 1886 329 1947 coNatis
342 1885 546 1946 dimicandum
557 1893 630 1948 erat.
646 1887 774 1948 conferti
785 1887 952 1968 subcuntes
964 1904 1034 1949 cum
1044 1888 1188 1961 clamore,

213 1975 327 2045 mpetu
341 1970 437 2044 lacto,
452 1969 584 2045 primunr
598 1972 746 2047 expulere
759 1972 829 2033 loco
842 1969 957 2046 hostis,
971 1971 1085 2033 deindo
1100 1986 1189 2032 aver·

213 2064 285 2113 tere.
314 2054 388 2128 iuga
400 2052 473 2114 inde
488 2054 679 2130 caedesque,
701 2055 767 2116 suis
780 2056 869 2130 ipsos
882 2054 1119 2131 impediendbus
1135 2070 1188 2114 an·

211 2137 330 2212 gustis,
344 2137 411 2199 ilari
426 2143 535 2212 coepta
549 2144 606 2199 est.
625 2139 755 2200 Romani
769 2137 903 2201 victores
917 2140 959 2200 ad
970 2139 1074 2200 vicum
1086 2138 1189 2199 Maro·

211 2222 392 2283 nitanrm—
405 2219 501 2282 Saren
522 2223 731 2297 appellant-
740 2232 910 2299 posuerunt
924 2229 1035 2284 castra
1059 2228 1190 2298 postero

212 2305 262 2365 die
276 2305 390 2381 patenti
403 2305 511 2366 itinere
522 2304 670 2368 Priaticus
685 2322 812 2382 campus
823 2322 879 2368 cos
890 2307 1026 2382 excepit;
1041 2305 1188 2367 triduum·

212 2404 273 2463 que
285 2389 326 2450 ibi
342 2390 524 2451 frumentum
538 2391 725 2465 accipientes
740 2397 918 2452 manserunt
926 2398 1044 2466 partem
1054 2405 1095 2450 ax
1104 2390 1190 2465 agris

212 2471 436 2546 Maronitarum,
452 2472 681 2534 conferentibus
692 2473 780 2548 ipsis,
793 2481 909 2550 partem
919 2490 956 2534 ex
968 2473 1100 2535 navibus
1111 2474 1190 2549 suis,

212 2568 292 2627 quae
308 2569 375 2613 cum
391 2554 489 2614 omnis
504 2555 625 2628 generis
640 2563 811 2618 commeatu
825 2558 1041 2633 sequebantur.
1073 2558 1112 2617 ab
1128 2565 1190 2619 sta·

211 2635 281 2696 tivis
293 2635 354 2696 diei
364 2633 616 2712 viaApolloniam
627 2639 691 2702 luit.
713 2639 1191 2717 hincparAbderitarumagmm

211 2716 369 2795 Neapon
390 2726 569 2795 perventum
591 2729 648 2783 est.
684 2723 743 2784 hoc
758 2740 848 2787 omne
863 2741 919 2801 per
934 2725 1121 2791 Graecorum
1136 2740 1189 2785 co-

210 2801 309 2865 lonias
329 2811 470 2879 pacatum
487 2803 545 2867 iter
560 2805 628 2879 luit,
643 2807 794 2884 reliquum
809 2809 880 2869 inde
893 2825 949 2884 per
962 2809 1083 2870 medios
1095 2808 1188 2868 Thra·

210 2901 264 2947 cas
279 2887 346 2948 dies
360 2896 547 2964 noctesque,
562 2891 620 2951 etsi
634 2907 697 2951 non
711 2890 865 2965 infestum,
880 2899 982 2953 tamen
998 2899 1189 2967 suspectum,

210 2969 310 3031 donec
320 2970 350 3031 in
361 2970 572 3033 Macedoniam
584 2983 797 3049 pervenerunt.
812 2975 947 3037 mitiores
958 2976 1093 3036 Thracas
1106 2975 1190 3036 idem

210 3051 373 3129 exercitus,
390 3071 458 3116 cum
470 3072 489 3115 a
501 3055 646 3132 Scipione
660 3059 768 3120 eadem
783 3057 1015 3135 deduceretur,
1029 3060 1189 3133 habuerat,
1285 3119 1287 3124 .

209 3136 320 3196 nullam
336 3138 375 3198 ob
390 3139 480 3199 aliam
494 3155 619 3201 causam
632 3157 724 3216 quam
737 3143 820 3217 quod
831 3145 966 3218 praedae
975 3141 1085 3218 minus,
1102 3142 1189 3218 quod

208 3225 371 3294 peteretur,
385 3222 492 3297 luerat,
508 3238 692 3298 quamquam
706 3232 770 3286 tum
785 3241 909 3302 quoque
920 3227 1066 3288 claudius
1082 3235 1191 3290 auctor

209 3309 257 3362 est
275 3304 315 3363 ad
338 3304 512 3378 quindecim
532 3303 614 3367 milia
632 3308 781 3369 Thracum
804 3311 998 3385 praecedenti
1019 3311 1058 3371 ad
1080 3312 1190 3387 explo-

207 3388 304 3448 randa
323 3388 393 3448 loca
407 3403 515 3464 agmen
529 3388 647 3452 Muttini
661 3391 808 3453 Numidae
829 3393 1013 3455 occurrisse.
1041 3395 1189 3471 quadrin-

208 3477 317 3541 gentos
333 3470 451 3548 equites
466 3472 562 3535 luisse
576 3474 736 3549 Numidas,
753 3492 871 3552 paucos
886 3477 1084 3554 eloplranlos;
1108 3479 1185 3540 Mut-
