<?xml version="1.0" encoding="UTF-8"?>
<!DOCTYPE html PUBLIC "-//W3C//DTD XHTML 1.0 Transitional//EN"
    "http://www.w3.org/TR/xhtml1/DTD/xhtml1-transitional.dtd">
<html xmlns="http://www.w3.org/1999/xhtml" xml:lang="en" lang="en">
 <head>
  <title>
</title>
<meta http-equiv="Content-Type" content="text/html;charset=utf-8" />
  <meta name='ocr-system' content='tesseract 3.04.00' />
  <meta name='ocr-capabilities' content='ocr_page ocr_carea ocr_par ocr_line ocrx_word'/>
</head>
<body>
  <div class='ocr_page' id='page_1' title='image "./aburbeconditali00mlgoog_0106.png"; bbox 0 0 2600 4000; ppageno 0'>
   <div class='ocr_carea' id='block_1_1' title="bbox 214 265 1132 339">
    <p class='ocr_par' dir='ltr' id='par_1_1' title="bbox 214 265 1132 339">
     <span class='ocr_line' id='line_1_1' title="bbox 214 265 1132 339; baseline -0.005 -6"><span class='ocrx_word' id='word_1_1' title='bbox 214 269 257 333; x_wconf 67' lang='grc' dir='ltr'><strong>τε)</strong></span> <span class='ocrx_word' id='word_1_2' title='bbox 277 266 520 330; x_wconf 76' lang='lat' dir='ltr'><strong>Llenaxlolll.</strong></span> <span class='ocrx_word' id='word_1_3' title='bbox 537 265 674 327; x_wconf 69' lang='lat' dir='ltr'><strong>caeso.</strong></span> <span class='ocrx_word' id='word_1_4' title='bbox 686 273 729 327; x_wconf 79' lang='lat' dir='ltr'><strong>at.</strong></span> <span class='ocrx_word' id='word_1_5' title='bbox 741 271 785 325; x_wconf 77' lang='lat' dir='ltr'><strong>aa</strong></span> <span class='ocrx_word' id='word_1_6' title='bbox 801 270 982 337; x_wconf 55' lang='lat' dir='ltr'><strong>[anasse</strong></span> <span class='ocrx_word' id='word_1_7' title='bbox 995 270 1132 339; x_wconf 79' lang='lat' dir='ltr'><strong>t.C.198]</strong></span> 
     </span>
    </p>
   </div>
   <div class='ocr_carea' id='block_1_2' title="bbox 215 414 1195 662">
    <p class='ocr_par' dir='ltr' id='par_1_2' title="bbox 215 414 1195 662">
     <span class='ocr_line' id='line_1_2' title="bbox 217 414 1193 491; baseline 0 -11"><span class='ocrx_word' id='word_1_8' title='bbox 217 435 299 480; x_wconf 85' lang='lat' dir='ltr'><strong>noxa</strong></span> <span class='ocrx_word' id='word_1_9' title='bbox 312 423 408 491; x_wconf 83' lang='lat' dir='ltr'><strong>erant,</strong></span> <span class='ocrx_word' id='word_1_10' title='bbox 425 415 610 490; x_wconf 86' lang='lat' dir='ltr'><strong>supplicium</strong></span> <span class='ocrx_word' id='word_1_11' title='bbox 624 415 764 490; x_wconf 87' lang='lat' dir='ltr'><strong>sumpsit</strong></span> <span class='ocrx_word' id='word_1_12' title='bbox 785 415 817 475; x_wconf 83' lang='lat' dir='ltr'><strong>in</strong></span> <span class='ocrx_word' id='word_1_13' title='bbox 831 414 939 476; x_wconf 87' lang='lat' dir='ltr'><strong>timore</strong></span> <span class='ocrx_word' id='word_1_14' title='bbox 950 416 1058 477; x_wconf 78' lang='lat' dir='ltr'><strong>civims</strong></span> <span class='ocrx_word' id='word_1_15' title='bbox 1071 418 1127 479; x_wconf 86' lang='lat' dir='ltr'><strong>luit</strong></span> <span class='ocrx_word' id='word_1_16' title='bbox 1141 420 1193 480; x_wconf 84' lang='lat' dir='ltr'><strong>ob</strong></span> 
     </span>
     <span class='ocr_line' id='line_1_3' title="bbox 216 498 1195 577; baseline 0.001 -13"><span class='ocrx_word' id='word_1_17' title='bbox 216 504 301 565; x_wconf 86' lang='lat' dir='ltr'><strong>sides</strong></span> <span class='ocrx_word' id='word_1_18' title='bbox 324 502 526 577; x_wconf 84' lang='lat' dir='ltr'><strong>captivosque</strong></span> <span class='ocrx_word' id='word_1_19' title='bbox 539 498 713 561; x_wconf 88' lang='lat' dir='ltr'><strong>Poenorum</strong></span> <span class='ocrx_word' id='word_1_20' title='bbox 727 515 765 559; x_wconf 81' lang='lat' dir='ltr'><strong>oa</strong></span> <span class='ocrx_word' id='word_1_21' title='bbox 778 499 885 560; x_wconf 90' lang='lat' dir='ltr'><strong>moliri.</strong></span> <span class='ocrx_word' id='word_1_22' title='bbox 917 500 1021 575; x_wconf 87' lang='lat' dir='ltr'><strong>itaque</strong></span> <span class='ocrx_word' id='word_1_23' title='bbox 1035 508 1067 562; x_wconf 89' lang='lat' dir='ltr'><strong>et</strong></span> <span class='ocrx_word' id='word_1_24' title='bbox 1077 502 1195 564; x_wconf 78' lang='lat' dir='ltr'><strong>Itouna</strong></span> 
     </span>
     <span class='ocr_line' id='line_1_4' title="bbox 215 583 1195 662; baseline 0 -15"><span class='ocrx_word' id='word_1_25' title='bbox 215 587 336 662; x_wconf 83' lang='lat' dir='ltr'><strong>vigiliae</strong></span> <span class='ocrx_word' id='word_1_26' title='bbox 350 600 407 661; x_wconf 87' lang='lat' dir='ltr'><strong>per</strong></span> <span class='ocrx_word' id='word_1_27' title='bbox 416 584 503 645; x_wconf 79' lang='lat' dir='ltr'><strong>uicos</strong></span> <span class='ocrx_word' id='word_1_28' title='bbox 512 589 664 658; x_wconf 86' lang='lat' dir='ltr'><strong>servatae,</strong></span> <span class='ocrx_word' id='word_1_29' title='bbox 676 583 815 658; x_wconf 85' lang='lat' dir='ltr'><strong>iussique</strong></span> <span class='ocrx_word' id='word_1_30' title='bbox 825 583 983 644; x_wconf 75' lang='lat' dir='ltr'><strong>mrcumire</strong></span> <span class='ocrx_word' id='word_1_31' title='bbox 995 599 1048 644; x_wconf 88' lang='lat' dir='ltr'><strong>eas</strong></span> <span class='ocrx_word' id='word_1_32' title='bbox 1060 586 1195 648; x_wconf 87' lang='lat' dir='ltr'><strong>minores</strong></span> 
     </span>
    </p>
   </div>
   <div class='ocr_carea' id='block_1_3' title="bbox 216 667 1202 3600">
    <p class='ocr_par' dir='ltr' id='par_1_3' title="bbox 217 667 1195 1165">
     <span class='ocr_line' id='line_1_5' title="bbox 217 667 1194 746; baseline 0 -15"><span class='ocrx_word' id='word_1_33' title='bbox 217 670 427 746; x_wconf 78' lang='lat' dir='ltr'><strong>mogIstratus3</strong></span> <span class='ocrx_word' id='word_1_34' title='bbox 442 676 472 729; x_wconf 89' lang='lat' dir='ltr'><strong>et</strong></span> <span class='ocrx_word' id='word_1_35' title='bbox 481 667 628 729; x_wconf 81' lang='lat' dir='ltr'><strong>triumviri</strong></span> <span class='ocrx_word' id='word_1_36' title='bbox 639 667 772 728; x_wconf 81' lang='lat' dir='ltr'><strong>carcerIs</strong></span> <span class='ocrx_word' id='word_1_37' title='bbox 782 667 995 729; x_wconf 71' lang='lat' dir='ltr'>lautumiarum</span> <span class='ocrx_word' id='word_1_38' title='bbox 1005 669 1194 731; x_wconf 65' lang='lat' dir='ltr'><strong>intentiorem</strong></span> 
     </span>
     <span class='ocr_line' id='line_1_6' title="bbox 217 751 1189 829; baseline -0.002 -12"><span class='ocrx_word' id='word_1_39' title='bbox 217 755 387 817; x_wconf 72' lang='lat' dir='ltr'><strong>custodiam</strong></span> <span class='ocrx_word' id='word_1_40' title='bbox 406 753 521 813; x_wconf 85' lang='lat' dir='ltr'><strong>habere</strong></span> <span class='ocrx_word' id='word_1_41' title='bbox 540 752 634 822; x_wconf 71' lang='lat' dir='ltr'><strong>iussi,</strong></span> <span class='ocrx_word' id='word_1_42' title='bbox 655 757 687 811; x_wconf 87' lang='lat' dir='ltr'><strong>et</strong></span> <span class='ocrx_word' id='word_1_43' title='bbox 701 751 781 812; x_wconf 87' lang='lat' dir='ltr'><strong>clrca</strong></span> <span class='ocrx_word' id='word_1_44' title='bbox 794 767 907 812; x_wconf 87' lang='lat' dir='ltr'><strong>nomen</strong></span> <span class='ocrx_word' id='word_1_45' title='bbox 919 752 1057 813; x_wconf 75' lang='lat' dir='ltr'><strong>Latinium</strong></span> <span class='ocrx_word' id='word_1_46' title='bbox 1073 770 1189 829; x_wconf 87' lang='lat' dir='ltr'><strong>aprae-</strong></span> 
     </span>
     <span class='ocr_line' id='line_1_7' title="bbox 217 834 1195 912; baseline -0.003 -11"><span class='ocrx_word' id='word_1_47' title='bbox 217 845 283 901; x_wconf 85' lang='lat' dir='ltr'><strong>tore</strong></span> <span class='ocrx_word' id='word_1_48' title='bbox 296 839 413 899; x_wconf 73' lang='lat' dir='ltr'><strong>litterae</strong></span> <span class='ocrx_word' id='word_1_49' title='bbox 427 837 556 909; x_wconf 86' lang='lat' dir='ltr'><strong>missae,</strong></span> <span class='ocrx_word' id='word_1_50' title='bbox 577 842 612 896; x_wconf 83' lang='lat' dir='ltr'><strong>ut</strong></span> <span class='ocrx_word' id='word_1_51' title='bbox 625 841 656 895; x_wconf 86' lang='lat' dir='ltr'><strong>et</strong></span> <span class='ocrx_word' id='word_1_52' title='bbox 669 834 794 895; x_wconf 88' lang='lat' dir='ltr'><strong>obsides</strong></span> <span class='ocrx_word' id='word_1_53' title='bbox 810 836 840 894; x_wconf 92' lang='lat' dir='ltr'><strong>in</strong></span> <span class='ocrx_word' id='word_1_54' title='bbox 855 836 973 910; x_wconf 88' lang='lat' dir='ltr'><strong>privato</strong></span> <span class='ocrx_word' id='word_1_55' title='bbox 989 845 1195 912; x_wconf 79' lang='lat' dir='ltr'><strong>servarentur,</strong></span> 
     </span>
     <span class='ocr_line' id='line_1_8' title="bbox 218 918 1194 998; baseline -0.002 -15"><span class='ocrx_word' id='word_1_56' title='bbox 218 938 318 998; x_wconf 88' lang='lat' dir='ltr'><strong>neque</strong></span> <span class='ocrx_word' id='word_1_57' title='bbox 332 922 363 980; x_wconf 92' lang='lat' dir='ltr'><strong>in</strong></span> <span class='ocrx_word' id='word_1_58' title='bbox 378 921 534 995; x_wconf 86' lang='lat' dir='ltr'><strong>publicum</strong></span> <span class='ocrx_word' id='word_1_59' title='bbox 548 919 722 994; x_wconf 90' lang='lat' dir='ltr'><strong>prodeundi</strong></span> <span class='ocrx_word' id='word_1_60' title='bbox 737 918 864 979; x_wconf 82' lang='lat' dir='ltr'>facultas</span> <span class='ocrx_word' id='word_1_61' title='bbox 879 920 1018 993; x_wconf 88' lang='lat' dir='ltr'><strong>daretur,</strong></span> <span class='ocrx_word' id='word_1_62' title='bbox 1036 927 1069 982; x_wconf 87' lang='lat' dir='ltr'><strong>et</strong></span> <span class='ocrx_word' id='word_1_63' title='bbox 1082 922 1194 996; x_wconf 86' lang='lat' dir='ltr'><strong>captivi</strong></span> 
     </span>
     <span class='ocr_line' id='line_1_9' title="bbox 218 1001 1193 1079; baseline -0.002 -13"><span class='ocrx_word' id='word_1_64' title='bbox 218 1022 256 1066; x_wconf 87' lang='lat' dir='ltr'><strong>ne</strong></span> <span class='ocrx_word' id='word_1_65' title='bbox 276 1006 376 1064; x_wconf 90' lang='lat' dir='ltr'><strong>minus</strong></span> <span class='ocrx_word' id='word_1_66' title='bbox 398 1005 505 1063; x_wconf 89' lang='lat' dir='ltr'><strong>decem</strong></span> <span class='ocrx_word' id='word_1_67' title='bbox 524 1004 629 1077; x_wconf 90' lang='lat' dir='ltr'><strong>pondo</strong></span> <span class='ocrx_word' id='word_1_68' title='bbox 653 1003 853 1076; x_wconf 83' lang='lat' dir='ltr'><strong>compedibus</strong></span> <span class='ocrx_word' id='word_1_69' title='bbox 872 1001 967 1062; x_wconf 85' lang='lat' dir='ltr'><strong>vineti</strong></span> <span class='ocrx_word' id='word_1_70' title='bbox 987 1003 1018 1063; x_wconf 92' lang='lat' dir='ltr'><strong>in</strong></span> <span class='ocrx_word' id='word_1_71' title='bbox 1039 1006 1193 1079; x_wconf 17' lang='lat' dir='ltr'><strong>nulla—alia</strong></span> 
     </span>
     <span class='ocr_line' id='line_1_10' title="bbox 218 1086 915 1165; baseline -0.006 -15"><span class='ocrx_word' id='word_1_72' title='bbox 218 1106 310 1165; x_wconf 86' lang='lat' dir='ltr'><strong>quam</strong></span> <span class='ocrx_word' id='word_1_73' title='bbox 323 1089 353 1147; x_wconf 92' lang='lat' dir='ltr'><strong>in</strong></span> <span class='ocrx_word' id='word_1_74' title='bbox 368 1087 502 1148; x_wconf 81' lang='lat' dir='ltr'><strong>carceris</strong></span> <span class='ocrx_word' id='word_1_75' title='bbox 516 1086 630 1161; x_wconf 78' lang='lat' dir='ltr'><strong>publici</strong></span> <span class='ocrx_word' id='word_1_76' title='bbox 646 1086 787 1147; x_wconf 81' lang='lat' dir='ltr'><strong>custodia</strong></span> <span class='ocrx_word' id='word_1_77' title='bbox 800 1093 915 1146; x_wconf 82' lang='lat' dir='ltr'><strong>essent</strong></span> 
     </span>
    </p>

    <p class='ocr_par' dir='ltr' id='par_1_4' title="bbox 217 1170 1196 1569">
     <span class='ocr_line' id='line_1_11' title="bbox 300 1170 1196 1245; baseline 0 -12"><span class='ocrx_word' id='word_1_78' title='bbox 300 1172 421 1233; x_wconf 83' lang='lat' dir='ltr'><strong>XXVII.</strong></span> <span class='ocrx_word' id='word_1_79' title='bbox 442 1170 560 1231; x_wconf 82' lang='lat' dir='ltr'><strong>Eodem</strong></span> <span class='ocrx_word' id='word_1_80' title='bbox 580 1185 662 1230; x_wconf 89' lang='lat' dir='ltr'><strong>anno</strong></span> <span class='ocrx_word' id='word_1_81' title='bbox 683 1172 774 1244; x_wconf 79' lang='lat' dir='ltr'><strong>legati</strong></span> <span class='ocrx_word' id='word_1_82' title='bbox 791 1171 831 1230; x_wconf 82' lang='lat' dir='ltr'><strong>ab</strong></span> <span class='ocrx_word' id='word_1_83' title='bbox 845 1185 919 1245; x_wconf 77' lang='lat' dir='ltr'><strong>rege</strong></span> <span class='ocrx_word' id='word_1_84' title='bbox 931 1173 1034 1231; x_wconf 82' lang='lat' dir='ltr'><strong>Attalo</strong></span> <span class='ocrx_word' id='word_1_85' title='bbox 1050 1186 1196 1233; x_wconf 87' lang='lat' dir='ltr'><strong>coronam</strong></span> 
     </span>
     <span class='ocr_line' id='line_1_12' title="bbox 217 1253 1196 1332; baseline 0 -15"><span class='ocrx_word' id='word_1_86' title='bbox 217 1271 342 1317; x_wconf 88' lang='lat' dir='ltr'><strong>auream</strong></span> <span class='ocrx_word' id='word_1_87' title='bbox 357 1256 521 1315; x_wconf 81' lang='lat' dir='ltr'><strong>ducentum</strong></span> <span class='ocrx_word' id='word_1_88' title='bbox 536 1253 737 1330; x_wconf 82' lang='lat' dir='ltr'><strong>quadraginta</strong></span> <span class='ocrx_word' id='word_1_89' title='bbox 750 1270 808 1315; x_wconf 85' lang='lat' dir='ltr'><strong>sex</strong></span> <span class='ocrx_word' id='word_1_90' title='bbox 819 1254 925 1329; x_wconf 89' lang='lat' dir='ltr'><strong>pondo</strong></span> <span class='ocrx_word' id='word_1_91' title='bbox 937 1254 968 1314; x_wconf 91' lang='lat' dir='ltr'><strong>in</strong></span> <span class='ocrx_word' id='word_1_92' title='bbox 980 1255 1127 1330; x_wconf 82' lang='lat' dir='ltr'><strong>Capitobo</strong></span> <span class='ocrx_word' id='word_1_93' title='bbox 1140 1273 1196 1332; x_wconf 92' lang='lat' dir='ltr'><strong>po-</strong></span> 
     </span>
     <span class='ocr_line' id='line_1_13' title="bbox 218 1337 1196 1415; baseline -0.001 -14"><span class='ocrx_word' id='word_1_94' title='bbox 218 1346 353 1414; x_wconf 84' lang='lat' dir='ltr'><strong>suerunt,</strong></span> <span class='ocrx_word' id='word_1_95' title='bbox 367 1339 544 1414; x_wconf 78' lang='lat' dir='ltr'><strong>gratiasque</strong></span> <span class='ocrx_word' id='word_1_96' title='bbox 558 1337 679 1399; x_wconf 87' lang='lat' dir='ltr'><strong>senatui</strong></span> <span class='ocrx_word' id='word_1_97' title='bbox 693 1353 800 1413; x_wconf 81' lang='lat' dir='ltr'><strong>agere,</strong></span> <span class='ocrx_word' id='word_1_98' title='bbox 815 1339 901 1414; x_wconf 91' lang='lat' dir='ltr'><strong>quod</strong></span> <span class='ocrx_word' id='word_1_99' title='bbox 913 1338 1098 1410; x_wconf 76' lang='lat' dir='ltr'><strong>Antiochus,</strong></span> <span class='ocrx_word' id='word_1_100' title='bbox 1114 1341 1196 1415; x_wconf 77' lang='lat' dir='ltr'><strong>lega-</strong></span> 
     </span>
     <span class='ocr_line' id='line_1_14' title="bbox 218 1422 1196 1497; baseline -0.002 -12"><span class='ocrx_word' id='word_1_101' title='bbox 218 1434 317 1485; x_wconf 90' lang='lat' dir='ltr'><strong>torum</strong></span> <span class='ocrx_word' id='word_1_102' title='bbox 329 1425 537 1485; x_wconf 83' lang='lat' dir='ltr'><strong>Rommrorum</strong></span> <span class='ocrx_word' id='word_1_103' title='bbox 551 1422 731 1483; x_wconf 78' lang='lat' dir='ltr'><strong>arcetoritate</strong></span> <span class='ocrx_word' id='word_1_104' title='bbox 745 1428 856 1497; x_wconf 91' lang='lat' dir='ltr'><strong>motus,</strong></span> <span class='ocrx_word' id='word_1_105' title='bbox 874 1422 988 1486; x_wconf 85' lang='lat' dir='ltr'><strong>tinibus</strong></span> <span class='ocrx_word' id='word_1_106' title='bbox 1000 1424 1094 1483; x_wconf 85' lang='lat' dir='ltr'><strong>Attali</strong></span> <span class='ocrx_word' id='word_1_107' title='bbox 1108 1439 1196 1484; x_wconf 84' lang='lat' dir='ltr'><strong>exer-</strong></span> 
     </span>
     <span class='ocr_line' id='line_1_15' title="bbox 219 1508 515 1569; baseline -0.01 -1"><span class='ocrx_word' id='word_1_108' title='bbox 219 1510 310 1568; x_wconf 86' lang='lat' dir='ltr'><strong>citum</strong></span> <span class='ocrx_word' id='word_1_109' title='bbox 323 1508 515 1569; x_wconf 84' lang='lat' dir='ltr'><strong>deduxisset.</strong></span> 
     </span>
    </p>

    <p class='ocr_par' dir='ltr' id='par_1_5' title="bbox 218 1590 1199 2341">
     <span class='ocr_line' id='line_1_16' title="bbox 301 1590 1197 1666; baseline 0.002 -15"><span class='ocrx_word' id='word_1_110' title='bbox 301 1591 417 1652; x_wconf 80' lang='lat' dir='ltr'><strong>Eadem</strong></span> <span class='ocrx_word' id='word_1_111' title='bbox 432 1597 549 1653; x_wconf 89' lang='lat' dir='ltr'><strong>aestate</strong></span> <span class='ocrx_word' id='word_1_112' title='bbox 563 1590 683 1666; x_wconf 87' lang='lat' dir='ltr'><strong>equites</strong></span> <span class='ocrx_word' id='word_1_113' title='bbox 699 1590 821 1650; x_wconf 79' lang='lat' dir='ltr'><strong>ducenti</strong></span> <span class='ocrx_word' id='word_1_114' title='bbox 836 1597 866 1650; x_wconf 87' lang='lat' dir='ltr'><strong>et</strong></span> <span class='ocrx_word' id='word_1_115' title='bbox 879 1590 1033 1665; x_wconf 78' lang='lat' dir='ltr'><strong>elephanti</strong></span> <span class='ocrx_word' id='word_1_116' title='bbox 1046 1591 1154 1652; x_wconf 84' lang='lat' dir='ltr'><strong>decem</strong></span> <span class='ocrx_word' id='word_1_117' title='bbox 1168 1600 1197 1654; x_wconf 85' lang='lat' dir='ltr'><strong>et</strong></span> 
     </span>
     <span class='ocr_line' id='line_1_17' title="bbox 219 1673 1194 1749; baseline -0.002 -11"><span class='ocrx_word' id='word_1_118' title='bbox 219 1678 307 1738; x_wconf 88' lang='lat' dir='ltr'><strong>tritici</strong></span> <span class='ocrx_word' id='word_1_119' title='bbox 327 1676 461 1737; x_wconf 89' lang='lat' dir='ltr'><strong>modium</strong></span> <span class='ocrx_word' id='word_1_120' title='bbox 482 1676 616 1735; x_wconf 87' lang='lat' dir='ltr'><strong>ducenta</strong></span> <span class='ocrx_word' id='word_1_121' title='bbox 634 1673 717 1733; x_wconf 86' lang='lat' dir='ltr'><strong>milia</strong></span> <span class='ocrx_word' id='word_1_122' title='bbox 734 1674 773 1732; x_wconf 89' lang='lat' dir='ltr'><strong>ab</strong></span> <span class='ocrx_word' id='word_1_123' title='bbox 787 1690 861 1749; x_wconf 81' lang='lat' dir='ltr'><strong>rege</strong></span> <span class='ocrx_word' id='word_1_124' title='bbox 874 1674 1041 1736; x_wconf 79' lang='lat' dir='ltr'><strong>Masinissa</strong></span> <span class='ocrx_word' id='word_1_125' title='bbox 1055 1676 1095 1735; x_wconf 85' lang='lat' dir='ltr'><strong>ad</strong></span> <span class='ocrx_word' id='word_1_126' title='bbox 1110 1690 1194 1736; x_wconf 84' lang='lat' dir='ltr'><strong>exer·</strong></span> 
     </span>
     <span class='ocr_line' id='line_1_18' title="bbox 219 1757 1194 1836; baseline -0.002 -15"><span class='ocrx_word' id='word_1_127' title='bbox 219 1762 324 1834; x_wconf 86' lang='lat' dir='ltr'><strong>citum,</strong></span> <span class='ocrx_word' id='word_1_128' title='bbox 348 1760 401 1836; x_wconf 89' lang='lat' dir='ltr'><strong>qni</strong></span> <span class='ocrx_word' id='word_1_129' title='bbox 415 1760 446 1820; x_wconf 88' lang='lat' dir='ltr'><strong>in</strong></span> <span class='ocrx_word' id='word_1_130' title='bbox 463 1759 591 1820; x_wconf 61' lang='lat' dir='ltr'><strong>Gratum</strong></span> <span class='ocrx_word' id='word_1_131' title='bbox 604 1764 685 1832; x_wconf 86' lang='lat' dir='ltr'><strong>erat,</strong></span> <span class='ocrx_word' id='word_1_132' title='bbox 707 1766 921 1833; x_wconf 85' lang='lat' dir='ltr'><strong>pervenerunt.</strong></span> <span class='ocrx_word' id='word_1_133' title='bbox 953 1760 1026 1820; x_wconf 85' lang='lat' dir='ltr'><strong>item</strong></span> <span class='ocrx_word' id='word_1_134' title='bbox 1041 1774 1081 1819; x_wconf 85' lang='lat' dir='ltr'><strong>ex</strong></span> <span class='ocrx_word' id='word_1_135' title='bbox 1094 1757 1194 1820; x_wconf 83' lang='lat' dir='ltr'><strong>Sicilia</strong></span> 
     </span>
     <span class='ocr_line' id='line_1_19' title="bbox 219 1842 1198 1919; baseline -0.002 -14"><span class='ocrx_word' id='word_1_136' title='bbox 219 1843 422 1919; x_wconf 81' lang='lat' dir='ltr'><strong>Sardiniaque</strong></span> <span class='ocrx_word' id='word_1_137' title='bbox 449 1842 550 1918; x_wconf 79' lang='lat' dir='ltr'><strong>nagni</strong></span> <span class='ocrx_word' id='word_1_138' title='bbox 575 1848 764 1903; x_wconf 82' lang='lat' dir='ltr'><strong>commeatus</strong></span> <span class='ocrx_word' id='word_1_139' title='bbox 792 1848 822 1902; x_wconf 87' lang='lat' dir='ltr'><strong>et</strong></span> <span class='ocrx_word' id='word_1_140' title='bbox 845 1843 1028 1904; x_wconf 86' lang='lat' dir='ltr'><strong>vestimenta</strong></span> <span class='ocrx_word' id='word_1_141' title='bbox 1051 1843 1198 1903; x_wconf 79' lang='lat' dir='ltr'><strong>exercitui</strong></span> 
     </span>
     <span class='ocr_line' id='line_1_20' title="bbox 219 1925 1197 2002; baseline 0.001 -15"><span class='ocrx_word' id='word_1_142' title='bbox 219 1929 325 1987; x_wconf 81' lang='lat' dir='ltr'><strong>missa.</strong></span> <span class='ocrx_word' id='word_1_143' title='bbox 348 1926 482 1987; x_wconf 86' lang='lat' dir='ltr'><strong>Siciliam</strong></span> <span class='ocrx_word' id='word_1_144' title='bbox 497 1927 537 1985; x_wconf 90' lang='grc' dir='ltr'><strong>Μ.</strong></span> <span class='ocrx_word' id='word_1_145' title='bbox 552 1925 725 2002; x_wconf 83' lang='lat' dir='ltr'><strong>Marcellus,</strong></span> <span class='ocrx_word' id='word_1_146' title='bbox 742 1925 914 1986; x_wconf 81' lang='lat' dir='ltr'><strong>Sardiniam</strong></span> <span class='ocrx_word' id='word_1_147' title='bbox 927 1926 969 1987; x_wconf 90' lang='grc' dir='ltr'><strong>Μ.</strong></span> <span class='ocrx_word' id='word_1_148' title='bbox 983 1928 1109 1988; x_wconf 78' lang='lat' dir='ltr'><strong>Porcius</strong></span> <span class='ocrx_word' id='word_1_149' title='bbox 1124 1927 1197 1988; x_wconf 82' lang='lat' dir='ltr'><strong>Cato</strong></span> 
     </span>
     <span class='ocr_line' id='line_1_21' title="bbox 220 2011 1199 2086; baseline 0.001 -15"><span class='ocrx_word' id='word_1_150' title='bbox 220 2011 388 2085; x_wconf 83' lang='lat' dir='ltr'><strong>obtinebat,</strong></span> <span class='ocrx_word' id='word_1_151' title='bbox 410 2017 536 2072; x_wconf 86' lang='lat' dir='ltr'><strong>sanctus</strong></span> <span class='ocrx_word' id='word_1_152' title='bbox 552 2017 583 2072; x_wconf 89' lang='lat' dir='ltr'><strong>et</strong></span> <span class='ocrx_word' id='word_1_153' title='bbox 595 2011 761 2085; x_wconf 78' lang='lat' dir='ltr'><strong>innocens,</strong></span> <span class='ocrx_word' id='word_1_154' title='bbox 776 2012 917 2086; x_wconf 82' lang='lat' dir='ltr'><strong>asperior</strong></span> <span class='ocrx_word' id='word_1_155' title='bbox 930 2019 1031 2073; x_wconf 76' lang='lat' dir='ltr'><strong>mmen</strong></span> <span class='ocrx_word' id='word_1_156' title='bbox 1046 2012 1077 2072; x_wconf 89' lang='lat' dir='ltr'><strong>in</strong></span> <span class='ocrx_word' id='word_1_157' title='bbox 1092 2013 1199 2073; x_wconf 84' lang='lat' dir='ltr'><strong>fenore</strong></span> 
     </span>
     <span class='ocr_line' id='line_1_22' title="bbox 218 2095 1199 2171; baseline 0.001 -15"><span class='ocrx_word' id='word_1_158' title='bbox 218 2095 392 2156; x_wconf 85' lang='lat' dir='ltr'><strong>coercendo</strong></span> <span class='ocrx_word' id='word_1_159' title='bbox 413 2095 545 2156; x_wconf 83' lang='lat' dir='ltr'><strong>habitus.</strong></span> <span class='ocrx_word' id='word_1_160' title='bbox 580 2096 738 2171; x_wconf 75' lang='lat' dir='ltr'><strong>fugatique</strong></span> <span class='ocrx_word' id='word_1_161' title='bbox 760 2112 799 2156; x_wconf 83' lang='lat' dir='ltr'><strong>ex</strong></span> <span class='ocrx_word' id='word_1_162' title='bbox 820 2096 922 2157; x_wconf 70' lang='lat' dir='ltr'><strong>insuda</strong></span> <span class='ocrx_word' id='word_1_163' title='bbox 939 2098 1144 2171; x_wconf 80' lang='lat' dir='ltr'><strong>feneratores,</strong></span> <span class='ocrx_word' id='word_1_164' title='bbox 1169 2104 1199 2157; x_wconf 84' lang='lat' dir='ltr'><strong>et</strong></span> 
     </span>
     <span class='ocr_line' id='line_1_23' title="bbox 219 2180 1199 2258; baseline -0.002 -16"><span class='ocrx_word' id='word_1_165' title='bbox 219 2186 374 2255; x_wconf 79' lang='lat' dir='ltr'><strong>sumptus,</strong></span> <span class='ocrx_word' id='word_1_166' title='bbox 401 2196 481 2256; x_wconf 88' lang='lat' dir='ltr'><strong>qnos</strong></span> <span class='ocrx_word' id='word_1_167' title='bbox 505 2180 537 2240; x_wconf 91' lang='lat' dir='ltr'><strong>in</strong></span> <span class='ocrx_word' id='word_1_168' title='bbox 565 2182 679 2241; x_wconf 86' lang='lat' dir='ltr'><strong>cultum</strong></span> <span class='ocrx_word' id='word_1_169' title='bbox 698 2189 873 2258; x_wconf 88' lang='lat' dir='ltr'><strong>praetorum</strong></span> <span class='ocrx_word' id='word_1_170' title='bbox 896 2180 976 2242; x_wconf 85' lang='lat' dir='ltr'><strong>socii</strong></span> <span class='ocrx_word' id='word_1_171' title='bbox 994 2181 1097 2241; x_wconf 83' lang='lat' dir='ltr'><strong>lacere</strong></span> <span class='ocrx_word' id='word_1_172' title='bbox 1116 2180 1199 2241; x_wconf 88' lang='lat' dir='ltr'><strong>soliti</strong></span> 
     </span>
     <span class='ocr_line' id='line_1_24' title="bbox 218 2264 704 2341; baseline -0.004 -16"><span class='ocrx_word' id='word_1_173' title='bbox 218 2270 313 2341; x_wconf 76' lang='lat' dir='ltr'><strong>mont,</strong></span> <span class='ocrx_word' id='word_1_174' title='bbox 329 2264 502 2326; x_wconf 76' lang='lat' dir='ltr'><strong>cnonmoisi</strong></span> <span class='ocrx_word' id='word_1_175' title='bbox 516 2271 569 2325; x_wconf 91' lang='lat' dir='ltr'><strong>aut</strong></span> <span class='ocrx_word' id='word_1_176' title='bbox 583 2265 704 2326; x_wconf 87' lang='lat' dir='ltr'><strong>sublati.</strong></span> 
     </span>
    </p>

    <p class='ocr_par' dir='ltr' id='par_1_6' title="bbox 217 2348 1200 3178">
     <span class='ocr_line' id='line_1_25' title="bbox 302 2348 1198 2410; baseline -0.001 -1"><span class='ocrx_word' id='word_1_177' title='bbox 302 2348 497 2410; x_wconf 71' lang='lat' dir='ltr'><strong>sandalias</strong></span> <span class='ocrx_word' id='word_1_178' title='bbox 519 2350 690 2410; x_wconf 72' lang='lat' dir='ltr'><strong>consuler</strong></span> <span class='ocrx_word' id='word_1_179' title='bbox 704 2349 800 2409; x_wconf 82' lang='lat' dir='ltr'><strong>Galba</strong></span> <span class='ocrx_word' id='word_1_180' title='bbox 821 2350 1009 2410; x_wconf 90' lang='lat' dir='ltr'><strong>comitiorum</strong></span> <span class='ocrx_word' id='word_1_181' title='bbox 1028 2348 1198 2409; x_wconf 70' lang='lat' dir='ltr'><strong>causalia</strong></span> 
     </span>
     <span class='ocr_line' id='line_1_26' title="bbox 218 2432 1199 2505; baseline 0.001 -14"><span class='ocrx_word' id='word_1_182' title='bbox 218 2448 299 2492; x_wconf 90' lang='lat' dir='ltr'><strong>mam</strong></span> <span class='ocrx_word' id='word_1_183' title='bbox 314 2448 382 2492; x_wconf 88' lang='lat' dir='ltr'><strong>cum</strong></span> <span class='ocrx_word' id='word_1_184' title='bbox 396 2433 544 2505; x_wconf 80' lang='lat' dir='ltr'><strong>redisset,</strong></span> <span class='ocrx_word' id='word_1_185' title='bbox 566 2433 682 2492; x_wconf 83' lang='lat' dir='ltr'><strong>creavit</strong></span> <span class='ocrx_word' id='word_1_186' title='bbox 696 2433 841 2492; x_wconf 85' lang='lat' dir='ltr'><strong>consules</strong></span> <span class='ocrx_word' id='word_1_187' title='bbox 857 2432 888 2493; x_wconf 77' lang='lat' dir='ltr'><strong>G.</strong></span> <span class='ocrx_word' id='word_1_188' title='bbox 905 2433 1078 2495; x_wconf 63' lang='lat' dir='ltr'><strong>Cornutum</strong></span> <span class='ocrx_word' id='word_1_189' title='bbox 1093 2432 1199 2492; x_wconf 85' lang='lat' dir='ltr'><strong>Cethe·</strong></span> 
     </span>
     <span class='ocr_line' id='line_1_27' title="bbox 218 2513 1200 2592; baseline 0.003 -19"><span class='ocrx_word' id='word_1_190' title='bbox 218 2530 287 2589; x_wconf 78' lang='lat' dir='ltr'><strong>gum</strong></span> <span class='ocrx_word' id='word_1_191' title='bbox 300 2522 330 2574; x_wconf 88' lang='lat' dir='ltr'><strong>et</strong></span> <span class='ocrx_word' id='word_1_192' title='bbox 341 2515 376 2588; x_wconf 77' lang='lat' dir='ltr'><strong>Q.</strong></span> <span class='ocrx_word' id='word_1_193' title='bbox 387 2513 554 2579; x_wconf 83' lang='lat' dir='ltr'><strong>Miuuoium</strong></span> <span class='ocrx_word' id='word_1_194' title='bbox 562 2515 685 2575; x_wconf 82' lang='lat' dir='ltr'><strong>Rufum.</strong></span> <span class='ocrx_word' id='word_1_195' title='bbox 700 2515 796 2575; x_wconf 84' lang='lat' dir='ltr'><strong>biduo</strong></span> <span class='ocrx_word' id='word_1_196' title='bbox 807 2523 880 2589; x_wconf 92' lang='lat' dir='ltr'><strong>post</strong></span> <span class='ocrx_word' id='word_1_197' title='bbox 890 2524 1066 2592; x_wconf 81' lang='lat' dir='ltr'><strong>praetorum</strong></span> <span class='ocrx_word' id='word_1_198' title='bbox 1079 2516 1200 2576; x_wconf 84' lang='lat' dir='ltr'><strong>comitia</strong></span> 
     </span>
     <span class='ocr_line' id='line_1_28' title="bbox 217 2597 1199 2676; baseline 0.003 -20"><span class='ocrx_word' id='word_1_199' title='bbox 217 2597 329 2656; x_wconf 79' lang='lat' dir='ltr'><strong>habim.</strong></span> <span class='ocrx_word' id='word_1_200' title='bbox 357 2612 415 2657; x_wconf 85' lang='lat' dir='ltr'><strong>sex</strong></span> <span class='ocrx_word' id='word_1_201' title='bbox 429 2604 588 2671; x_wconf 85' lang='lat' dir='ltr'><strong>praetores</strong></span> <span class='ocrx_word' id='word_1_202' title='bbox 602 2598 656 2659; x_wconf 88' lang='lat' dir='ltr'><strong>illo</strong></span> <span class='ocrx_word' id='word_1_203' title='bbox 671 2614 751 2657; x_wconf 89' lang='lat' dir='ltr'><strong>anno</strong></span> <span class='ocrx_word' id='word_1_204' title='bbox 765 2599 896 2673; x_wconf 89' lang='lat' dir='ltr'><strong>primum</strong></span> <span class='ocrx_word' id='word_1_205' title='bbox 911 2603 1013 2676; x_wconf 86' lang='lat' dir='ltr'><strong>ereati,</strong></span> <span class='ocrx_word' id='word_1_206' title='bbox 1034 2600 1199 2661; x_wconf 80' lang='lat' dir='ltr'><strong>moscenti-</strong></span> 
     </span>
     <span class='ocr_line' id='line_1_29' title="bbox 217 2677 1199 2761; baseline 0.005 -21"><span class='ocrx_word' id='word_1_207' title='bbox 217 2677 357 2740; x_wconf 83' lang='lat' dir='ltr'><strong>basiam</strong></span> <span class='ocrx_word' id='word_1_208' title='bbox 381 2679 549 2755; x_wconf 77' lang='lat' dir='ltr'><strong>proviaciis</strong></span> <span class='ocrx_word' id='word_1_209' title='bbox 571 2687 602 2742; x_wconf 89' lang='lat' dir='ltr'><strong>et</strong></span> <span class='ocrx_word' id='word_1_210' title='bbox 620 2682 711 2743; x_wconf 83' lang='lat' dir='ltr'><strong>latius</strong></span> <span class='ocrx_word' id='word_1_211' title='bbox 733 2689 912 2759; x_wconf 81' lang='lat' dir='ltr'><strong>patescente</strong></span> <span class='ocrx_word' id='word_1_212' title='bbox 932 2684 1071 2761; x_wconf 73' lang='lat' dir='ltr'><strong>imperim</strong></span> <span class='ocrx_word' id='word_1_213' title='bbox 1106 2682 1199 2745; x_wconf 87' lang='lat' dir='ltr'><strong>creati</strong></span> 
     </span>
     <span class='ocr_line' id='line_1_30' title="bbox 217 2763 1199 2844; baseline 0.004 -22"><span class='ocrx_word' id='word_1_214' title='bbox 217 2770 319 2823; x_wconf 79' lang='lat' dir='ltr'><strong>culam</strong></span> <span class='ocrx_word' id='word_1_215' title='bbox 342 2763 389 2823; x_wconf 79' lang='lat' dir='ltr'><strong>hi:</strong></span> <span class='ocrx_word' id='word_1_216' title='bbox 424 2764 457 2823; x_wconf 90' lang='lat' dir='ltr'><strong>L.</strong></span> <span class='ocrx_word' id='word_1_217' title='bbox 479 2764 611 2827; x_wconf 86' lang='lat' dir='ltr'><strong>Manlius</strong></span> <span class='ocrx_word' id='word_1_218' title='bbox 635 2767 734 2827; x_wconf 85' lang='lat' dir='ltr'><strong>Vulso</strong></span> <span class='ocrx_word' id='word_1_219' title='bbox 756 2766 787 2826; x_wconf 85' lang='lat' dir='ltr'><strong>C.</strong></span> <span class='ocrx_word' id='word_1_220' title='bbox 809 2766 1011 2844; x_wconf 84' lang='lat' dir='ltr'><strong>Sempronius</strong></span> <span class='ocrx_word' id='word_1_221' title='bbox 1030 2767 1199 2829; x_wconf 86' lang='lat' dir='ltr'><strong>Tuditanus</strong></span> 
     </span>
     <span class='ocr_line' id='line_1_31' title="bbox 217 2845 1199 2921; baseline 0.001 -15"><span class='ocrx_word' id='word_1_222' title='bbox 217 2847 257 2906; x_wconf 90' lang='grc' dir='ltr'><strong>Μ.</strong></span> <span class='ocrx_word' id='word_1_223' title='bbox 273 2845 399 2921; x_wconf 79' lang='lat' dir='ltr'><strong>Sergius</strong></span> <span class='ocrx_word' id='word_1_224' title='bbox 416 2847 497 2909; x_wconf 87' lang='lat' dir='ltr'><strong>Silus</strong></span> <span class='ocrx_word' id='word_1_225' title='bbox 511 2849 551 2910; x_wconf 83' lang='lat' dir='ltr'><strong>nt</strong></span> <span class='ocrx_word' id='word_1_226' title='bbox 563 2850 689 2912; x_wconf 82' lang='lat' dir='ltr'><strong>Helvius</strong></span> <span class='ocrx_word' id='word_1_227' title='bbox 703 2851 743 2911; x_wconf 88' lang='grc' dir='ltr'><strong>Μ.</strong></span> <span class='ocrx_word' id='word_1_228' title='bbox 753 2850 905 2914; x_wconf 78' lang='lat' dir='ltr'><strong>Minucius</strong></span> <span class='ocrx_word' id='word_1_229' title='bbox 919 2851 1199 2916; x_wconf 69' lang='lat' dir='ltr'><strong>autmundus.</strong></span> 
     </span>
     <span class='ocr_line' id='line_1_32' title="bbox 218 2929 1199 3011; baseline 0.003 -20"><span class='ocrx_word' id='word_1_230' title='bbox 218 2929 419 3006; x_wconf 86' lang='lat' dir='ltr'><strong>Sempronius</strong></span> <span class='ocrx_word' id='word_1_231' title='bbox 434 2939 465 2994; x_wconf 89' lang='lat' dir='ltr'><strong>et</strong></span> <span class='ocrx_word' id='word_1_232' title='bbox 474 2933 601 2995; x_wconf 87' lang='lat' dir='ltr'><strong>Helvius</strong></span> <span class='ocrx_word' id='word_1_233' title='bbox 615 2951 657 2996; x_wconf 83' lang='lat' dir='ltr'><strong>ex</strong></span> <span class='ocrx_word' id='word_1_234' title='bbox 669 2935 707 2995; x_wconf 81' lang='lat' dir='ltr'><strong>i&#39;us</strong></span> <span class='ocrx_word' id='word_1_235' title='bbox 718 2935 834 2996; x_wconf 83' lang='lat' dir='ltr'><strong>aediles</strong></span> <span class='ocrx_word' id='word_1_236' title='bbox 846 2936 945 3011; x_wconf 86' lang='lat' dir='ltr'><strong>plebis</strong></span> <span class='ocrx_word' id='word_1_237' title='bbox 957 2941 1053 2999; x_wconf 86' lang='lat' dir='ltr'><strong>erant</strong></span> <span class='ocrx_word' id='word_1_238' title='bbox 1074 2936 1199 2994; x_wconf 78' lang='lat' dir='ltr'><strong>eurtdes</strong></span> 
     </span>
     <span class='ocr_line' id='line_1_33' title="bbox 217 3015 1199 3097; baseline 0.005 -24"><span class='ocrx_word' id='word_1_239' title='bbox 217 3015 332 3074; x_wconf 86' lang='lat' dir='ltr'><strong>aediles</strong></span> <span class='ocrx_word' id='word_1_240' title='bbox 352 3016 386 3089; x_wconf 78' lang='lat' dir='ltr'><strong>Q.</strong></span> <span class='ocrx_word' id='word_1_241' title='bbox 402 3016 555 3080; x_wconf 76' lang='lat' dir='ltr'><strong>munaus</strong></span> <span class='ocrx_word' id='word_1_242' title='bbox 575 3018 723 3083; x_wconf 81' lang='lat' dir='ltr'><strong>Thermus</strong></span> <span class='ocrx_word' id='word_1_243' title='bbox 744 3025 775 3080; x_wconf 89' lang='lat' dir='ltr'><strong>et</strong></span> <span class='ocrx_word' id='word_1_244' title='bbox 787 3019 830 3079; x_wconf 89' lang='lat' dir='ltr'><strong>Ti.</strong></span> <span class='ocrx_word' id='word_1_245' title='bbox 846 3018 1048 3097; x_wconf 80' lang='lat' dir='ltr'><strong>Sempronim</strong></span> <span class='ocrx_word' id='word_1_246' title='bbox 1061 3019 1199 3094; x_wconf 75' lang='lat' dir='ltr'><strong>Longus.</strong></span> 
     </span>
     <span class='ocr_line' id='line_1_34' title="bbox 217 3098 878 3178; baseline 0.009 -21"><span class='ocrx_word' id='word_1_247' title='bbox 217 3098 278 3157; x_wconf 90' lang='lat' dir='ltr'><strong>ludi</strong></span> <span class='ocrx_word' id='word_1_248' title='bbox 295 3100 423 3161; x_wconf 88' lang='lat' dir='ltr'><strong>Romani</strong></span> <span class='ocrx_word' id='word_1_249' title='bbox 438 3118 476 3162; x_wconf 90' lang='lat' dir='ltr'><strong>eo</strong></span> <span class='ocrx_word' id='word_1_250' title='bbox 491 3117 571 3164; x_wconf 88' lang='lat' dir='ltr'><strong>anno</strong></span> <span class='ocrx_word' id='word_1_251' title='bbox 587 3109 696 3178; x_wconf 88' lang='lat' dir='ltr'><strong>quater</strong></span> <span class='ocrx_word' id='word_1_252' title='bbox 708 3103 878 3164; x_wconf 85' lang='lat' dir='ltr'><strong>instaurati.</strong></span> 
     </span>
    </p>

    <p class='ocr_par' dir='ltr' id='par_1_7' title="bbox 216 3184 1202 3600">
     <span class='ocr_line' id='line_1_35' title="bbox 298 3184 1202 3262; baseline 0.004 -18"><span class='ocrx_word' id='word_1_253' title='bbox 298 3184 432 3245; x_wconf 83' lang='lat' dir='ltr'><strong>XXVIII.</strong></span> <span class='ocrx_word' id='word_1_254' title='bbox 455 3185 486 3246; x_wconf 80' lang='lat' dir='ltr'><strong>c.</strong></span> <span class='ocrx_word' id='word_1_255' title='bbox 495 3184 636 3247; x_wconf 78' lang='lat' dir='ltr'><strong>comalio</strong></span> <span class='ocrx_word' id='word_1_256' title='bbox 647 3187 718 3262; x_wconf 81' lang='lat' dir='ltr'><strong>etQ.</strong></span> <span class='ocrx_word' id='word_1_257' title='bbox 725 3187 859 3248; x_wconf 84' lang='lat' dir='ltr'><strong>Minucio</strong></span> <span class='ocrx_word' id='word_1_258' title='bbox 872 3188 1051 3250; x_wconf 84' lang='lat' dir='ltr'><strong>consulibus</strong></span> <span class='ocrx_word' id='word_1_259' title='bbox 1064 3187 1202 3249; x_wconf 83' lang='lat' dir='ltr'><strong>amulum</strong></span> 
     </span>
     <span class='ocr_line' id='line_1_36' title="bbox 217 3266 1200 3348; baseline 0.003 -24"><span class='ocrx_word' id='word_1_260' title='bbox 217 3266 349 3341; x_wconf 90' lang='lat' dir='ltr'><strong>primum</strong></span> <span class='ocrx_word' id='word_1_261' title='bbox 373 3269 413 3329; x_wconf 85' lang='lat' dir='ltr'><strong>de</strong></span> <span class='ocrx_word' id='word_1_262' title='bbox 439 3270 608 3343; x_wconf 85' lang='lat' dir='ltr'><strong>provinciis</strong></span> <span class='ocrx_word' id='word_1_263' title='bbox 635 3273 796 3333; x_wconf 83' lang='lat' dir='ltr'><strong>consulum</strong></span> <span class='ocrx_word' id='word_1_264' title='bbox 821 3280 1062 3348; x_wconf 80' lang='lat' dir='ltr'><strong>prcetomcha</strong></span> <span class='ocrx_word' id='word_1_265' title='bbox 1085 3275 1200 3333; x_wconf 83' lang='lat' dir='ltr'><strong>actum.</strong></span> 
     </span>
     <span class='ocr_line' id='line_1_37' title="bbox 216 3351 1201 3433; baseline 0.004 -24"><span class='ocrx_word' id='word_1_266' title='bbox 216 3351 302 3425; x_wconf 89' lang='lat' dir='ltr'><strong>prius</strong></span> <span class='ocrx_word' id='word_1_267' title='bbox 326 3353 365 3411; x_wconf 89' lang='lat' dir='ltr'><strong>de</strong></span> <span class='ocrx_word' id='word_1_268' title='bbox 385 3352 579 3428; x_wconf 83' lang='lat' dir='ltr'><strong>praetoribus</strong></span> <span class='ocrx_word' id='word_1_269' title='bbox 600 3360 757 3416; x_wconf 68' lang='lat' dir='ltr'><strong>bnamma</strong></span> <span class='ocrx_word' id='word_1_270' title='bbox 775 3371 843 3427; x_wconf 86' lang='lat' dir='ltr'><strong>res,</strong></span> <span class='ocrx_word' id='word_1_271' title='bbox 864 3373 946 3433; x_wconf 86' lang='lat' dir='ltr'><strong>quaa</strong></span> <span class='ocrx_word' id='word_1_272' title='bbox 965 3357 1093 3431; x_wconf 79' lang='lat' dir='ltr'><strong>uaoslgi</strong></span> <span class='ocrx_word' id='word_1_273' title='bbox 1114 3361 1201 3415; x_wconf 88' lang='lat' dir='ltr'><strong>sorta</strong></span> 
     </span>
     <span class='ocr_line' id='line_1_38' title="bbox 216 3435 1200 3515; baseline 0.003 -20"><span class='ocrx_word' id='word_1_274' title='bbox 216 3442 344 3509; x_wconf 86' lang='lat' dir='ltr'><strong>poterat.</strong></span> <span class='ocrx_word' id='word_1_275' title='bbox 381 3437 500 3498; x_wconf 87' lang='lat' dir='ltr'><strong>urbana</strong></span> <span class='ocrx_word' id='word_1_276' title='bbox 526 3435 650 3512; x_wconf 71' lang='lat' dir='ltr'><strong>Sergio,</strong></span> <span class='ocrx_word' id='word_1_277' title='bbox 680 3440 843 3515; x_wconf 77' lang='lat' dir='ltr'><strong>peregrine</strong></span> <span class='ocrx_word' id='word_1_278' title='bbox 869 3439 1039 3503; x_wconf 82' lang='lat' dir='ltr'><strong>iurisdictIo</strong></span> <span class='ocrx_word' id='word_1_279' title='bbox 1063 3438 1200 3501; x_wconf 81' lang='lat' dir='ltr'><strong>Minucio</strong></span> 
     </span>
     <span class='ocr_line' id='line_1_39' title="bbox 216 3518 1199 3600; baseline 0.001 -20"><span class='ocrx_word' id='word_1_280' title='bbox 216 3519 340 3596; x_wconf 82' lang='lat' dir='ltr'><strong>obtigit;</strong></span> <span class='ocrx_word' id='word_1_281' title='bbox 368 3518 540 3582; x_wconf 88' lang='lat' dir='ltr'><strong>Sardiniam</strong></span> <span class='ocrx_word' id='word_1_282' title='bbox 559 3523 685 3596; x_wconf 83' lang='lat' dir='ltr'><strong>Atilius,</strong></span> <span class='ocrx_word' id='word_1_283' title='bbox 708 3522 842 3584; x_wconf 87' lang='lat' dir='ltr'><strong>Siciliam</strong></span> <span class='ocrx_word' id='word_1_284' title='bbox 861 3523 1008 3599; x_wconf 84' lang='lat' dir='ltr'><strong>Manlius,</strong></span> <span class='ocrx_word' id='word_1_285' title='bbox 1029 3523 1199 3600; x_wconf 81' lang='lat' dir='ltr'><strong>Hispanias</strong></span> 
     </span>
    </p>
   </div>
   <div class='ocr_carea' id='block_1_4' title="bbox 0 0 1305 4000">
    <p class='ocr_par' dir='ltr' id='par_1_8' title="bbox 0 0 1305 4000">
     <span class='ocr_line' id='line_1_40' title="bbox 0 0 1305 4000; baseline 0 0"><span class='ocrx_word' id='word_1_286' title='bbox 0 0 1305 4000; x_wconf 95' lang='lat' dir='ltr'><strong> </strong></span> 
     </span>
    </p>
   </div>
  </div>
 </body>
</html>
