2600 4000
310 266 426 327 LIBER
439 266 572 327 xllxlll.
595 266 678 326 cAP.
693 276 758 329 rsa.
781 274 817 342 [a.
830 274 937 344 cunr}
1064 270 1106 334 85

124 418 267 481 auserunt
290 416 512 492 perferuntque
533 422 620 491 parte
639 416 846 478 membrorum
867 428 1004 496 captum,
1029 439 1106 499 pau-

122 504 220 579 lisper
236 501 338 562 contio
356 498 530 568 intermissa
544 508 601 561 est.
626 500 812 563 Aristaenus
826 502 899 563 inde
911 504 1107 568 Achaeorum

122 593 248 665 praetor
262 600 300 646 eo
316 600 385 645 cum
399 584 515 645 maiore
529 584 709 646 auctoritate
723 586 856 661 auditus,
873 589 958 662 quod
971 604 1034 649 non
1048 591 1107 650 alia

123 688 216 749 quarn
231 684 312 745 quae
326 668 462 729 Achaeis
478 675 619 728 suaserat
627 667 755 730 Boeotis
770 670 929 731 suadebat.
940 688 1053 748 ,pauca
1068 675 1106 735 ab

121 757 193 832 ipso
210 752 351 828 Quinctio
365 751 494 828 adiecta,
511 752 605 814 fidem
618 753 717 828 magis
731 754 900 816 Romanam
916 773 1009 831 quam
1023 773 1106 820 arma

122 846 176 901 aut
190 853 269 914 opes
290 838 458 899 extollente
471 837 584 899 verbis.
617 838 738 913 rogatio
751 839 855 900 iudea
868 838 1042 901 Plataeensi
1055 840 1103 902 Di-

123 922 273 985 caearcho
294 922 357 982 lata
375 922 561 997 recitataque
581 923 620 984 dc
638 924 776 985 socictate
796 939 865 984 cum
878 924 1025 986 Romanis
1040 925 1103 986 iun·

121 1008 234 1085 ganda,
247 1008 333 1067 nullo
344 1013 452 1068 contra
462 1007 566 1067 dicere
576 1009 717 1081 audente,
731 1007 865 1069 omnium
873 1009 1021 1071 Boeotiae
1032 1008 1104 1070 civi·

122 1099 217 1155 tatum
241 1088 397 1166 suffragiis
423 1090 571 1166 accipitur
594 1091 787 1169 iubeturque.
820 1093 950 1154 concilio
976 1091 1105 1155 dimisso

122 1174 280 1252 Quinctius
294 1182 410 1237 tantum
422 1174 535 1236 'l'hebis
550 1184 702 1249 moratus,
725 1185 871 1253 quantum
885 1178 978 1238 Attali
991 1187 1105 1253 repens

121 1277 215 1324 castus
231 1260 342 1336 coegit,
357 1260 525 1336 postquam
539 1276 601 1321 non
616 1260 697 1320 vitae
711 1276 861 1337 praesens
877 1262 1046 1337 periculum
1056 1262 1104 1322 vis

121 1344 221 1409 morbi
241 1344 380 1405 attulisse
400 1344 459 1405 sed
472 1344 678 1406 membrorum
692 1344 877 1407 debilitatem
891 1346 959 1406 visa
973 1352 1036 1420 est,
1057 1361 1101 1405 re

121 1430 195 1491 licto
216 1444 255 1490 eo
275 1429 316 1489 ad
345 1427 534 1490 curationem
554 1429 762 1489 necessariam
786 1430 943 1505 corporis,
968 1428 1104 1504 Elatiam,

121 1514 207 1575 unde
228 1513 383 1588 proiectus
405 1519 485 1586 erat,
510 1513 589 1574 redit
607 1513 736 1574 Boeotis
758 1529 897 1589 quoque,
919 1513 999 1574 sicut
1018 1512 1103 1588 prim

122 1596 266 1672 Achaeis,
281 1598 321 1658 ad
335 1596 513 1658 societatem
528 1597 655 1659 adscitis
670 1603 708 1671 et,
724 1598 870 1673 quoniam
883 1604 948 1658 tuta
962 1613 1001 1655 ea
1013 1611 1104 1671 paca-

121 1688 215 1758 taque
226 1682 265 1743 ab
276 1687 362 1757 tergo
372 1680 631 1757 relinquebantur,
644 1681 785 1741 omnibus
796 1681 858 1740 iam
870 1678 1104 1755 cogitationibus

122 1765 154 1826 in
166 1765 341 1842 Philippum
355 1772 385 1827 et
400 1765 485 1841 quod
500 1766 653 1842 reliquum
666 1763 739 1824 belli
753 1772 819 1824 erat
833 1764 1003 1824 conversis.

204 1851 255 1909 111.
283 1848 442 1925 Philippus
464 1865 589 1925 quoqne
610 1847 708 1925 primo
722 1863 812 1923 vere,
833 1854 1001 1923 postquam
1014 1846 1104 1922 legati

121 1934 161 1995 ab
176 1934 276 1996 Roma
289 1934 363 1993 nihil
378 1934 481 2009 pacati
493 1934 684 2007 rettulerant,
706 1932 850 1993 dilectum
864 1947 920 2010 per
934 1931 1036 1992 omnia
1050 1946 1104 2009 op·

122 2019 196 2094 pida
209 2017 297 2095 regni
309 2016 426 2077 habere
440 2017 567 2077 instituit
580 2017 612 2076 in
626 2032 737 2090 magna
750 2018 856 2093 inopia
869 2017 1030 2078 iuniorum.
1051 2017 1104 2077 ab·

122 2108 319 2178 sumpserant
339 2098 419 2159 enim
438 2113 495 2173 per
513 2101 624 2158 multas
645 2098 706 2157 iam
725 2108 841 2160 aetates
862 2101 1007 2161 conhnua
1025 2100 1106 2159 bella

118 2185 328 2250 Macedonas,
351 2181 421 2254 ipso
437 2195 563 2254 quoque
575 2186 722 2254 regnante
736 2189 768 2241 et
779 2182 941 2241 navalibus
951 2181 1040 2242 bellis
1052 2183 1105 2240 ad-

118 2281 234 2344 versus
248 2263 388 2326 Rhodios
403 2263 600 2339 Attalumque
620 2269 650 2323 et
665 2263 859 2325 terrestribus
879 2264 1030 2330 adversus
1043 2264 1105 2325 Ro·

119 2365 234 2413 manos
249 2348 401 2410 ceciderat
414 2362 545 2422 magnus
560 2362 715 2409 numerus.
738 2347 780 2408 ita
793 2355 824 2408 et
836 2346 952 2409 mones
967 2345 1005 2406 ab
1016 2347 1104 2407 sede

122 2437 182 2497 cim
196 2432 285 2495 annis
299 2432 410 2493 milites
425 2430 587 2507 scribebat,
602 2438 632 2492 et
646 2431 778 2492 emeritis
795 2431 919 2508 quidam
933 2430 1103 2507 stipendiis,

123 2518 237 2595 quibus
246 2517 340 2580 modo
353 2515 518 2593 quicquam
527 2516 638 2592 reliqui
649 2515 773 2576 roboris
784 2523 857 2592 erat,
865 2516 905 2576 ad
916 2516 1006 2592 signa
1016 2531 1104 2578 revo-

123 2603 280 2663 cabantur.
314 2603 356 2661 ita
376 2601 520 2677 suppleto
540 2600 692 2673 exercitu,
715 2601 886 2662 secundum
905 2615 1034 2661 vernum
1054 2616 1114 2660 ae-¹

123 2686 312 2762 quinoctium
332 2684 431 2746 omnis
452 2685 559 2759 copias
573 2684 663 2747 Dium
678 2685 844 2755 contraxit;
866 2685 971 2760 ibique
986 2683 1103 2744 stativis

122 2769 248 2846 positis,
269 2769 444 2830 exercendo
467 2768 604 2844 quotidie
622 2768 717 2828 milite
735 2768 856 2829 hostem
877 2766 1103 2845 opperiebatur.

122 2860 154 2915 et
168 2852 325 2927 Quinctius
345 2867 403 2928 per
422 2851 550 2913 eosdem
570 2852 666 2912 ferme
687 2852 754 2912 dies
774 2852 815 2912 ab
828 2852 926 2913 Elatia
947 2852 1103 2926 proiectus
1223 2914 1225 2921 ,

121 2944 244 3013 praeter
253 2935 419 2997 Thronium
433 2941 464 2995 et
474 2934 662 3012 Scarpheam
672 2936 712 2995 ad
721 2935 944 3014 Thermopylas
955 2934 1104 3010 pervenit.

122 3020 165 3085 ibi
186 3019 349 3082 concilium
362 3020 542 3082 Aetolorum
554 3019 735 3080 Heracleam
754 3019 902 3080 indictum
921 3018 1018 3080 tenuit
1031 3035 1109 3079 con-¹

124 3104 316 3180 saltantium,
337 3102 460 3180 quantis
481 3102 603 3164 auxiliis
615 3103 787 3166 Romanum
807 3103 849 3163 ad
865 3104 979 3164 bellum
992 3117 1104 3177 seque

123 3195 237 3251 rentur.
266 3187 396 3264 cognitis
418 3187 573 3250 sociorum
588 3186 721 3249 decretis
736 3187 823 3248 tertia
837 3187 887 3247 die
901 3186 940 3246 ab
954 3186 1105 3246 Heraclea

121 3271 241 3351 Xynias
262 3287 467 3348 praegressus
487 3272 520 3332 in
539 3272 674 3333 confinio
688 3271 860 3331 Aenianum
872 3271 1104 3331 Thessalorum·

122 3372 184 3433 que
208 3357 318 3433 positis
344 3356 453 3418 eastris
474 3356 615 3431 Aetolica
639 3354 753 3415 auxilia
773 3354 998 3430 opperiebatur.
1030 3352 1104 3413 nihil

121 3442 231 3501 morati
249 3440 351 3503 Aetoli
372 3448 458 3502 sunta
488 3438 630 3499 Phaenea
649 3439 729 3498 duce
749 3438 886 3498 sexcenti
899 3436 1020 3512 pedites
1035 3452 1103 3495 cum

122 3523 277 3600 equitibus
293 3523 523 3601 quadringentis
538 3527 697 3583 venerunt
729 3536 768 3581 ne
783 3520 908 3583 dubium
922 3526 1015 3588 esset,
1030 3514 1104 3589 quid
