2600 4000
190 250 235 319 bb
335 248 580 310 Ltsshnxxxlt.
605 246 1017 321 CAP.12.13.[0.U.c.bbe]

192 409 354 483 postquam
365 399 466 460 multis
473 398 639 459 vulneratis
650 396 878 474 interfectisque
887 412 1035 474 recepere
1041 413 1077 459 se
1086 399 1163 474 regii

190 489 220 552 lu
234 490 372 548 locaaut
384 482 568 545 munimento
584 487 635 542 aut
647 487 756 542 natura
765 488 838 556 tuta,
852 488 984 543 verterat
993 482 1164 558 periculum

189 572 398 643 inhumanos,
413 574 526 629 temere
540 567 571 626 in
584 565 653 626 loca
663 565 769 641 iniqua
779 580 836 625 nec
848 564 945 626 iacilis
956 566 997 626 ad
1006 574 1164 642 receptum

190 653 347 732 angustias
373 665 569 728 progressos.
604 665 706 725 neque
730 649 877 725 impunita
901 649 1068 709 temeritate
1092 650 1165 712 inde

188 739 380 815 recepissent
393 750 473 809 sese,
488 734 519 795 ni
531 736 645 796 clamor
657 733 787 809 primum
797 732 836 793 ab
846 739 932 809 tergo
944 732 1077 808 auditus,
1092 734 1163 795 dein

190 840 293 902 pugna
314 821 404 881 etiam
424 825 534 893 coepta
555 819 683 879 amentis
697 818 856 894 repentino
871 823 988 879 terrore
1001 817 1104 891 regios
1119 820 1163 878 ie·

189 908 292 970 cisset.
315 919 387 980 pars
402 903 432 964 in
448 904 550 977 fugam
565 901 657 964 effusi
674 909 757 972 sunt;
787 918 861 977 pars
876 901 950 976 quia
963 901 1060 976 muas
1075 903 1163 963 locus

189 993 280 1067 lupae
300 989 419 1061 decrat,
441 1001 532 1061 quam
547 987 631 1063 quod
651 985 743 1047 animi
764 987 840 1047 satis
859 992 944 1047 esset
961 986 1001 1046 ad
1020 1001 1164 1061 pugnam,

190 1092 258 1137 curn
273 1071 489 1144 substitissent,
505 1069 544 1130 ab
558 1070 648 1132 hoste
662 1077 692 1132 et
705 1086 724 1130 a
739 1070 837 1130 trente
848 1076 879 1132 et
889 1070 929 1129 ab
939 1077 1025 1145 tergo
1037 1080 1164 1146 urgente

189 1155 383 1221 circumventi
394 1161 474 1216 suut.
496 1154 590 1214 deteri
601 1161 684 1217 totus
695 1154 848 1216 exercitus
860 1154 967 1229 potuit,
983 1154 1010 1215 si
1021 1154 1164 1229 fugientis

189 1240 343 1319 persecuti
363 1240 495 1301 victores
516 1246 635 1300 essent:
668 1238 726 1299 sod
745 1238 878 1314 equitem
898 1238 1058 1314 angustiae
1078 1240 1163 1299 teco-

187 1340 315 1402 rumque
338 1323 503 1400 asperitas,
532 1321 665 1398 peditem
687 1339 840 1385 armorum
862 1323 995 1398 marias
1017 1322 1162 1398 impediit

189 1426 243 1474 rex
265 1409 362 1486 primo
384 1406 482 1470 effuse
503 1421 540 1467 ac
561 1406 628 1468 sine
646 1414 792 1482 respectu
812 1407 902 1482 iugita
935 1406 1005 1467 dein
1026 1405 1163 1482 quinque

188 1493 300 1555 milium
321 1491 453 1568 spatium
473 1506 674 1568 progressus,
697 1507 766 1552 cum
787 1507 826 1551 ex
840 1491 996 1567 iniquitate
1015 1491 1178 1578 locorum„

188 1578 220 1639 id
239 1576 323 1654 quod
342 1581 421 1648 erat,
442 1575 616 1651 suspicatus
638 1582 722 1636 esset
743 1576 831 1651 sequi
847 1591 908 1637 non
923 1589 1019 1650 posse
1032 1574 1162 1648 hostem,

188 1662 321 1724 substitit
334 1660 365 1722 in
385 1662 499 1722 tumulo
522 1659 671 1735 quodam,
694 1659 869 1735 dimisitque
890 1674 965 1721 suos
985 1659 1163 1734 peremnia

187 1747 258 1822 iuga
271 1746 439 1821 vallesque,
455 1746 507 1820 qni
521 1745 640 1819 palatos
654 1743 685 1803 in
698 1759 793 1804 unum
807 1743 993 1820 colligerent
1015 1759 1077 1806 nou
1092 1744 1163 1818 plus

188 1831 310 1892 duobus
323 1829 444 1889 milibus
455 1828 611 1891 hominum
621 1828 754 1903 amissis,
770 1833 872 1888 cetera
882 1827 982 1889 omnis
994 1827 1163 1903 multitudo,

187 1915 270 1975 velut
289 1913 408 1989 signum
431 1911 557 1988 aliquod
577 1918 698 1984 secuta,
720 1912 749 1973 in
765 1929 859 1973 unum
874 1927 944 1974 cum
958 1911 1162 1986 convenisset,

187 1996 338 2072 frequenti
350 1996 470 2073 agmine
481 1997 790 2074 petuntThessaiiam.
805 1996 943 2071 Romani,
952 1996 1055 2073 quoad
1065 2003 1162 2058 tutum

188 2081 244 2144 tuit
259 2081 403 2155 insecuti,
425 2083 588 2144 caedentes
604 2081 835 2160 spoliantesque
850 2096 977 2155 caesos,
1000 2086 1101 2141 castra
1113 2095 1162 2140 re-

187 2167 247 2243 gia,
259 2166 348 2227 etiam
361 2165 428 2227 sine
440 2166 655 2229 defensoribus
667 2166 782 2228 difficili
794 2166 886 2241 aditu,
894 2164 1054 2240 diripiuut;
1070 2171 1163 2240 atque

187 2266 225 2311 eu
239 2258 329 2312 nocte
342 2252 372 2312 in
384 2250 449 2312 suis
462 2252 571 2313 castris
582 2257 767 2312 manserunt.
788 2250 866 2311 Xlll.
889 2255 1015 2326 postero
1027 2248 1078 2309 die
1089 2264 1160 2310 con·

187 2337 233 2397 sul
256 2351 312 2411 per
330 2335 416 2410 ipsas
438 2335 610 2411 augustine,
634 2351 696 2410 qua
710 2350 745 2394 se
759 2335 836 2393 inter
850 2335 945 2394 valles
961 2332 1074 2393 flumen
1088 2332 1160 2393 insi·

187 2427 267 2492 nnat,
281 2418 400 2479 hostem
415 2419 561 2493 sequitur.

270 2502 336 2562 Rex
351 2501 448 2575 primo
460 2500 510 2560 die
521 2501 561 2560 ad
571 2507 673 2560 castra
683 2499 792 2578 Pyrrhi
803 2500 956 2575 pervenit=
971 2501 1059 2562 locus
1072 2516 1162 2577 quem

186 2585 228 2644 ita
241 2591 360 2655 vocant,
377 2582 468 2643 estin
482 2582 638 2661 Triphylia
652 2589 752 2643 terrae
765 2582 927 2645 Meiotidis.
950 2584 1021 2645 indo
1036 2592 1161 2661 postera

186 2667 289 2728 die-
299 2666 406 2741 ingens
420 2666 477 2726 iter
490 2667 610 2742 agmini,
626 2667 683 2727 sed
698 2673 795 2727 metus
810 2667 991 2744 urgebat-
1001 2669 1030 2728 in
1042 2675 1161 2731 montes

186 2751 312 2829 Lyncon
333 2751 477 2826 perrexit.
509 2750 568 2826 ipsi
584 2750 669 2827 Epiri
689 2757 774 2826 sunt,
795 2752 941 2813 interiecti
961 2752 1163 2813 Macedoniae
1249 2800 1254 2806 .

185 2834 439 2910 Thessaliaeque:
461 2834 555 2907 latus,
579 2835 663 2912 quod
679 2835 777 2911 vergit
791 2835 821 2895 in
835 2836 1038 2909 Thessaliam,
1061 2836 1161 2898 urien-

186 2925 246 2979 tem
261 2924 396 2995 spectat;
416 2919 583 2995 septentrio
598 2936 617 2980 a
630 2919 812 2981 Macedonia
826 2920 964 2981 obicitur.
987 2918 1089 2982 vestiti
1102 2921 1161 2981 tre·

186 3002 349 3079 quentibus
362 3003 447 3064 siluis
460 3010 546 3074 sunt;
560 3004 757 3080 iugasumma
768 3019 895 3079 campos
902 3011 1042 3080 patentes
1050 3020 1161 3081 aquas-

185 3102 246 3163 que
271 3087 415 3163 perennis
442 3086 565 3148 habent.
596 3087 637 3148 ibi
658 3087 776 3149 stativis
799 3103 856 3148 rex
881 3103 937 3164 per
957 3089 1074 3164 aliquot
1094 3089 1161 3150 dies

184 3169 294 3233 habitis
309 3170 473 3233 fluctuatus
489 3172 589 3232 animo
604 3179 661 3246 est
675 3179 775 3233 utrmn
790 3173 927 3248 protinus
942 3173 972 3233 in
984 3188 1112 3248 regnum
1126 3188 1162 3233 se

184 3255 349 3330 reciperet,
376 3272 414 3315 an
437 3256 587 3330 praeverti
605 3256 636 3315 in
650 3255 839 3317 Thessaliam
859 3264 976 3332 posset.
1008 3256 1163 3318 inclinavit

185 3340 334 3401 sententia
347 3346 381 3400 ut
393 3339 424 3398 in
435 3338 624 3400 Thessaliam
638 3355 747 3415 agmen
759 3340 943 3411 demitteret3
963 3340 1163 3416 Triccamque

185 3424 332 3499 proximis
354 3422 498 3484 limitibus
519 3424 608 3498 petit,
629 3424 702 3485 inde
718 3424 826 3507 ebrias
841 3425 934 3486 urbes
948 3424 1059 3501 raptim
1074 3439 1162 3500 pera·

184 3505 292 3581 mavit
306 3507 455 3583 homines,
465 3508 517 3584 qui
529 3508 618 3583 sequi
629 3516 767 3583 possent,
776 3507 902 3569 sedibus
908 3509 1037 3585 excibat,
1047 3507 1161 3584 oppida
