2600 4000
205 261 264 326 tao
378 261 494 322 amna
507 261 627 321 xxxv.
649 261 733 321 cnr.
747 271 774 323 a.
785 269 812 323 a
836 266 919 335 [ao.
933 267 1031 331 aas]

199 432 267 478 rum
288 430 435 490 corporea
463 412 568 474 densis
589 420 690 474 mmen
712 412 871 473 ordinibus
887 428 969 474 nunc
983 412 1034 472 alii
1050 411 1081 471 in
1096 410 1179 473 alios

200 515 282 561 nunc
296 500 328 559 in
343 503 432 559 scuta
445 496 655 558 incumbentes
670 496 862 557 sustinebant
874 495 1006 571 impetus
1020 495 1180 556 Romano·

199 601 276 645 rum.
300 582 384 659 quod
397 580 449 642 ubi
464 578 676 641 animadvertit
689 580 812 653 consul,
827 579 867 639 ad
883 578 1109 654 perturbandos
1126 596 1180 640 or·

200 668 288 729 dines
309 681 416 727 eorum
430 664 461 724 0.
476 663 593 724 Livium
608 660 824 736 Salinatorem,
847 663 899 738 qui
919 669 1059 737 praeerat
1072 663 1180 723 mariis

200 751 370 826 equitibus,
387 764 479 824 quam
494 746 749 808 concitatissimos
764 761 864 820 equos
873 746 1036 808 immittere
1044 743 1138 817 iubet,
1145 754 1181 806 et

199 833 384 910 legionarios
399 830 517 906 equites
531 829 563 890 in
578 829 725 891 subsidiis
740 844 821 889 esse.
843 828 921 890 haec
935 830 1071 904 procella
1081 843 1179 904 eque·
1290 864 1291 867 =

200 918 272 979 stris
293 916 390 992 primo
413 914 551 975 contudit
564 921 594 974 et
607 914 751 986 turbavit,
773 912 884 972 deinde
901 911 1064 987 dissipavit
1077 913 1179 973 aciem

201 1001 370 1066 Gallomm;
392 1012 454 1056 non
473 1003 574 1057 tamen
594 1003 628 1057 ut
647 1003 733 1072 terga
746 996 862 1055 darent
892 995 1055 1056 obstabant
1068 995 1176 1071 duces,

199 1082 360 1143 hastilibus
381 1079 546 1140 caedentes
564 1088 650 1155 terga
662 1079 877 1155 trepidantium
891 1086 921 1139 et
933 1079 1034 1139 redire
1048 1079 1078 1138 in
1094 1079 1177 1139 ordi-

199 1180 255 1225 nes
275 1170 436 1239 cogentes:
457 1163 516 1223 sed
535 1163 783 1237 interequitantes
797 1162 882 1222 alarii
896 1178 959 1222 non
973 1161 1176 1237 patiebantur.

201 1247 309 1309 consul
320 1245 527 1307 obtestabatur
537 1246 656 1320 milites,
671 1255 704 1308 ut
714 1246 839 1323 paulum
849 1244 1063 1320 adniterentur,
1078 1245 1175 1306 victo·

199 1332 275 1391 riam
299 1332 330 1390 in
350 1329 490 1389 manibus
515 1345 602 1400 esse;
635 1329 708 1391 dum
728 1329 922 1405 perturbatos
944 1336 974 1389 ct
994 1327 1175 1404 trepidantis

199 1414 352 1486 viderent,
377 1413 538 1473 instarentr
570 1412 598 1472 si
616 1414 735 1474 restitui
758 1413 882 1474 ordines
904 1412 1032 1487 sissent,
1056 1413 1174 1488 integro

200 1514 308 1558 rursus
328 1512 383 1557 eos
397 1495 515 1571 proelio
531 1502 562 1556 et
575 1496 668 1556 dubio
685 1495 891 1557 dimicaturos.
922 1495 1034 1557 inferre
1048 1496 1174 1556 vexilla-

199 1583 263 1642 rios
278 1580 367 1642 iussit
380 1580 476 1655 signa.
500 1594 606 1641 omnes
619 1578 717 1640 conisi
727 1579 850 1640 tandem
861 1587 1035 1641 averterunt
1045 1579 1174 1641 hostem.

200 1674 364 1741 postquam
377 1668 462 1738 terga
477 1662 590 1724 dabant
603 1668 634 1722 et
648 1664 679 1722 in
690 1664 793 1738 lugam
804 1662 920 1738 passim
932 1662 1174 1738 effundebantur,

200 1756 262 1810 turn
273 1749 313 1810 ad
325 1747 558 1823 persequendos
570 1760 625 1806 eos
635 1745 792 1820 legionarii
803 1748 923 1821 equites
935 1745 1071 1808 immissi.
1088 1755 1173 1823 quat-

200 1832 367 1894 tuordecim
386 1831 468 1892 milia
487 1830 633 1892 Boiorum
653 1844 691 1891 eo
712 1829 762 1890 dic
784 1845 877 1890 caesa
897 1836 983 1901 sunt;
1010 1830 1072 1891 vivi
1093 1831 1171 1906 capti

200 1916 280 1975 mille
293 1914 458 1988 nonaginta
473 1914 543 1989 duo,
559 1914 678 1990 equites
694 1912 877 1989 septingenti
887 1912 992 1989 viginti
1007 1930 1095 1988 unus,
1110 1920 1171 1974 tres

200 1997 296 2058 duces
310 2013 425 2072 eorum,
441 1997 529 2073 signa
543 1995 682 2059 militaria
696 1998 828 2059 ducenta
841 1997 1011 2070 duodecim,
1029 2006 1173 2073 carpenta

200 2081 358 2156 sexaginta
371 2079 438 2142 tria.
458 2096 516 2142 nec
526 2082 672 2144 Romanis
686 2083 843 2143 incruenta
855 2081 981 2142 victoria
992 2082 1062 2142 luit:
1079 2097 1173 2158 supra

144 2205 149 2214 ·
200 2166 335 2242 quinque
345 2165 427 2227 milia
437 2165 571 2241 militum,
582 2167 722 2242 ipsorum
731 2172 783 2227 aut
793 2165 955 2240 sociorum,
969 2171 1040 2227 sunt
1050 2164 1173 2239 amissa,

200 2250 394 2311 centuriones
408 2257 471 2311 tres
487 2258 517 2310 et
530 2251 650 2325 viginti,
672 2249 818 2326 praelecti
832 2249 951 2309 socium
965 2256 1122 2324 quattuor,
1144 2256 1174 2309 et

198 2334 238 2395 Μ.
255 2335 407 2396 Genucius
429 2341 459 2393 et
473 2334 507 2406 Q.
522 2341 553 2393 et
565 2332 605 2392 Μ.
623 2333 728 2393 Marcii
747 2332 858 2392 tribuni
878 2332 1003 2393 militum
1018 2332 1174 2393 secundae

199 2417 338 2492 legionis.

281 2500 333 2557 vt.
361 2497 478 2557 Eodem
498 2498 561 2555 iere
582 2504 719 2572 tempore
739 2498 869 2559 duorum
884 2501 1043 2560 consulum
1058 2499 1174 2560 litterae

199 2578 318 2639 adlatae
332 2585 411 2652 sunt
425 2578 458 2637 L.
472 2579 602 2639 cornelii
614 2580 654 2640 dc
668 2580 785 2655 proelio
801 2583 840 2642 ad
851 2581 996 2643 Mutinam
1008 2597 1077 2642 cum
1088 2581 1172 2642 Boiis

199 2660 289 2736 lacto,
305 2669 335 2722 et
352 2661 385 2736 Q.
400 2660 524 2722 Minucii
540 2662 666 2724 aPisisa
688 2665 809 2726 comitia
823 2682 899 2726 suae
912 2666 1005 2727 sortis
1019 2681 1107 2734 esse;
1123 2680 1172 2725 ce·
1290 2651 1291 2708 ἕ

198 2750 295 2805 terum
318 2746 396 2806 adeo
417 2760 571 2821 suspensa
591 2747 692 2808 omnia
713 2749 743 2807 in
756 2747 919 2824 Liguribus
940 2765 976 2810 se
990 2748 1117 2822 habere,
1141 2755 1173 2809 ut

198 2827 324 2889 abscedi
344 2829 415 2890 inde
436 2829 502 2890 sine
522 2831 658 2907 pernicie
673 2831 827 2893 sociorum
843 2839 874 2892 ct
890 2832 1001 2894 damno
1016 2832 1061 2892 rei
1075 2831 1171 2906 publi-

199 2925 254 2970 cae
274 2928 335 2972 non
355 2921 472 2989 posset.
507 2915 533 2976 si
554 2916 594 2976 ita
614 2915 769 2977 videretur
789 2916 940 2991 patribus,
961 2915 1112 2978 mitterent
1132 2914 1171 2974 ad

199 2994 355 3071 collegam,
369 3004 403 3058 ut
413 2998 449 3073 is,
464 2997 515 3073 qui
526 2998 720 3075 profligatum
730 2999 841 3060 bellum
850 2998 986 3074 haberet,
1000 2998 1041 3060 ad
1051 2995 1173 3061 comitia

197 3076 325 3139 Romam
344 3082 466 3146 rediret.
498 3082 525 3141 si
540 3082 571 3141 id
586 3083 688 3142 iacere
707 3088 897 3157 gravaretur,
921 3083 1004 3158 quod
1019 3098 1082 3143 non
1096 3096 1173 3142 suae

198 3161 289 3221 sortis
310 3162 342 3224 id
362 3164 515 3239 negotium
530 3172 627 3238 esset,
648 3166 822 3239 sequidem
838 3167 987 3227 iacturum
1002 3166 1171 3241 quodcum·

198 3259 258 3317 que
280 3255 404 3308 senatus
427 3246 611 3323 censuisset,
634 3249 690 3308 sed
711 3248 800 3309 ctiam
813 3256 905 3324 atque
919 3249 1009 3309 etiam
1021 3249 1171 3321 viderent,

197 3342 236 3386 ne
257 3330 353 3404 magis
375 3331 577 3407 erepublica
597 3337 681 3391 esset
700 3331 903 3406 interregnum
920 3332 1003 3406 iniri,
1026 3348 1119 3407 quam
1133 3332 1173 3392 ab

197 3426 232 3470 se
245 3410 275 3471 in
291 3428 328 3473 eo
344 3420 424 3474 statu
444 3414 573 3489 relinqui
590 3414 787 3490 provinciam.
822 3422 947 3476 senatus
962 3416 993 3476 c.
1010 3414 1173 3476 Scribonio
1288 3475 1289 3478 ,

197 3496 350 3569 negotium
366 3497 463 3571 dedit,
481 3503 514 3558 ut
534 3497 612 3558 duos
627 3500 744 3572 legatos
759 3514 798 3557 ex
813 3499 920 3558 ordine
936 3498 1090 3560 senatorio
1105 3499 1170 3559 mit-
