2600 4000
285 260 402 321 LIBER
422 258 526 320 XXXI.
550 260 693 321 cAP.1a
710 269 752 323 13.
776 269 811 334 [a.
828 268 860 319 c.
875 267 938 334 200]
1065 260 1103 322 ll

120 408 205 475 nucii
219 408 380 487 praetoris,
406 408 455 471 cui
469 408 577 472 Bruttii
591 411 753 487 provincia
765 421 843 474 erat=
864 413 1023 489 pecuniam
1045 412 1104 475 Lo-

121 494 183 558 cris
199 512 239 557 ex
252 491 457 570 Proserpinae
474 494 627 556 thesauris
649 503 740 557 noete
762 497 840 556 clam
861 499 1025 572 sublatam,
1046 513 1104 558 nec

120 581 161 640 ad
177 595 257 656 quos
272 577 423 654 pertineat
437 577 572 654 lacinus,
585 578 719 654 vestigia
738 580 801 640 ulla
815 588 948 641 exstare.
981 579 1105 655 indigne

122 678 238 742 passus
253 663 380 723 senatus
394 678 456 723 non
481 660 599 723 cessari
619 662 659 722 ab
680 661 868 738 sacrilegiis,
890 672 921 725 et
939 679 979 724 ne
998 664 1102 723 Plemi-

120 743 354 821 eranquidam,
369 753 429 807 tam
445 747 560 806 clarum
574 762 750 823 recensque
764 762 866 808 noxae
877 746 968 808 simul
979 763 1017 807 ac
1031 764 1104 822 poe-

121 848 180 893 nae
206 830 396 905 exemplum,
422 827 563 891 homines
585 830 749 890 deterrere.
786 830 816 891 C.
837 830 964 892 Aurelio
986 828 1105 891 consuli

121 912 279 991 negotium
293 913 404 986 datum,
419 920 454 974 ut
467 913 508 973 ad
521 921 696 988 praetorem
709 911 738 973 in
751 914 884 975 Bruttios
898 913 1047 976 scriberet
1058 931 1105 974 se-

121 997 206 1060 natui
223 998 348 1072 placere
363 996 577 1072 quaestionem
598 998 637 1057 de
658 998 800 1073 expilatis
820 998 973 1060 thesauris
994 998 1104 1059 eodem

120 1081 264 1156 exemplo
279 1079 394 1152 haberi,
412 1098 475 1156 quo
488 1081 530 1140 Μ.
544 1081 732 1156 Pomponius
746 1091 870 1158 praetor
889 1082 1019 1143 triennio
1035 1089 1105 1141 ante

119 1163 290 1228 habuisset
326 1181 406 1241 quae
426 1163 552 1226 inventa
572 1164 704 1240 pecunia
717 1174 817 1240 esset,
842 1165 966 1241 reponi,
994 1165 1021 1227 si
1042 1181 1104 1241 quo

120 1249 223 1312 minus
237 1246 396 1309 inventurn
411 1248 498 1321 foret,
514 1248 640 1324 expleri,
656 1266 693 1310 ac
706 1249 883 1326 piacularia,
899 1250 927 1311 si
940 1249 1105 1320 videretur,

121 1333 202 1396 sieut
215 1339 286 1393 ante
300 1330 465 1408 pontifices
479 1331 683 1407 censuissent,
697 1332 774 1394 fieri.
810 1351 913 1401 euram
931 1332 1105 1411 expiandae

119 1415 296 1479 violationis
318 1415 386 1476 eius
407 1415 512 1490 templi
531 1416 673 1493 prodigia
692 1416 782 1478 etiam
804 1419 861 1479 sub
882 1418 964 1478 idern
983 1426 1104 1492 tempus

119 1500 260 1579 pluribus
275 1498 353 1561 locis
375 1501 510 1561 nuntiata
530 1502 748 1562 accenderunt.
781 1500 813 1560 in
833 1500 966 1562 Lucanis
986 1502 1104 1561 eaelum

120 1584 238 1647 arsisse
248 1580 580 1659 adserebantPriverni
592 1602 704 1647 sereno
716 1601 773 1661 per
782 1578 863 1646 dieta
874 1594 970 1646 totum
980 1585 1104 1644 rubrum

120 1670 220 1730 solem
234 1667 341 1741 luisse,
354 1667 483 1728 Lanuvii
497 1670 611 1744 templo
624 1666 770 1744 Sospitae
780 1667 908 1729 Iunonis
923 1675 1014 1728 noete
1030 1674 1104 1727 stre·

120 1751 218 1829 pitum
243 1750 396 1826 ingentem
411 1759 559 1815 exortum.
596 1751 658 1813 iam
677 1751 854 1813 animalium
875 1750 1003 1813 obsceni
1026 1751 1105 1810 letus

121 1835 261 1912 pluribus
286 1834 364 1896 locis
388 1834 620 1898 nuntiabantum
641 1836 673 1896 in
695 1834 818 1897 Sabinis
844 1834 979 1896 incertus
1004 1833 1105 1894 intans

121 1928 211 1981 natus
225 1919 382 1981 masculus
396 1936 435 1979 an
451 1919 563 1980 lamina
577 1929 676 1994 esset,
702 1921 779 1981 alter
799 1919 957 1981 sexdecim
978 1918 1038 1980 iam
1053 1935 1105 1978 an·

120 2021 231 2065 uorum
246 2002 317 2065 item
332 2002 474 2079 ambiguo
487 2021 566 2065 sexu
577 2003 736 2075 inventus3
748 2005 920 2067 Frusinone
931 2021 1029 2079 agnus
1038 2019 1105 2064 eum

120 2087 213 2149 suillo
230 2085 339 2161 eapite,
354 2086 522 2147 Sinuessae
537 2103 653 2161 porcus
668 2104 738 2147 cum
752 2087 852 2162 capite
862 2089 996 2148 humano
1007 2095 1108 2158 natus,

118 2171 153 2232 in
167 2167 304 2229 Lucanis
318 2166 350 2225 in
371 2184 446 2242 agro
468 2168 593 2242 publico
619 2171 745 2228 eculeus
771 2186 840 2228 eum
864 2169 1001 2244 quinque
1021 2167 1107 2243 pedi·

117 2256 195 2321 bus.
230 2250 323 2311 foeda
338 2249 439 2311 omnia
454 2257 485 2311 et
506 2249 656 2311 deformia
671 2249 864 2326 errantisque
883 2251 913 2310 in
932 2252 1050 2311 alienos
1066 2251 1079 2307 l
1098 2282 1106 2291 ·

118 2347 174 2400 lus
189 2342 317 2396 naturae
329 2332 411 2395 visa:
427 2342 498 2395 ante
514 2334 618 2395 omnia
632 2333 799 2396 abominati
814 2333 1002 2408 semimares,
1018 2331 1108 2395 iussi-

122 2437 185 2497 que
200 2419 231 2479 in
246 2434 330 2479 mare
346 2420 500 2495 extemplo
515 2418 688 2494 deportari,
710 2417 790 2481 sicut
809 2418 951 2495 proxime
973 2420 1004 2479 C.
1022 2419 1107 2480 Clau-

124 2503 175 2566 dio
190 2503 231 2564 Μ.
244 2501 332 2564 Livio
347 2502 529 2564 consulibus
544 2504 723 2579 deportatus
746 2502 853 2564 similis
873 2502 1006 2580 prodigii
1028 2504 1108 2564 letus

123 2596 199 2649 erat.
234 2586 328 2647 nihilo
344 2586 446 2648 minus
466 2586 661 2649 decemviros
683 2587 768 2647 adire
788 2587 883 2649 libros
905 2588 945 2648 de
965 2595 1107 2663 portento

123 2688 163 2733 eo
188 2670 354 2732 iusserunt.
392 2670 559 2731 decemviri
584 2687 624 2731 ex
653 2670 738 2732 libris
762 2687 813 2732 res
836 2670 956 2731 divinas
972 2673 1109 2744 easdem,

125 2771 206 2831 quae
220 2753 361 2830 proxima
376 2756 547 2816 seeundum
561 2753 593 2815 id
607 2753 783 2831 prodigium
798 2756 896 2816 iactae
912 2763 1031 2827 essent,
1053 2753 1108 2813 im-

124 2845 279 2914 perarunt.
316 2854 438 2898 cumen
467 2846 626 2913 praeterea
651 2839 690 2899 ab
715 2847 761 2899 ter
784 2838 914 2902 novenis
939 2837 1109 2914 virginibus

126 2919 196 2984 cani
210 2937 267 2997 per
280 2922 387 2982 urbem
401 2921 567 2995 iusserunt,
582 2923 760 2998 donumque
770 2920 879 2983 lunoni
890 2921 1015 2998 reginae
1028 2919 1109 2982 ferri.

128 3021 164 3066 aa
186 3004 231 3066 uti
255 3005 380 3081 fierent,
406 3005 437 3065 G.
457 3003 601 3066 Aurelius
619 3007 729 3068 consul
743 3023 783 3066 ex
797 3004 1042 3068 decemvirorum
1062 3020 1106 3064 re-

125 3105 244 3166 sponso
260 3087 387 3150 curavit.
424 3104 562 3163 carmen,
587 3087 668 3151 sicut
687 3098 807 3165 patrum
827 3088 974 3150 memoria
993 3088 1107 3161 Livius,

124 3172 167 3236 lta
181 3180 245 3234 tum
259 3171 396 3234 condidit
409 3172 441 3233 P.
456 3170 592 3233 Licinius
606 3173 730 3248 Tegula.

206 3257 285 3317 Xlll.
312 3255 452 3332 Expiatis
468 3255 610 3317 omnibus
631 3254 832 3330 religionibus
856 3291 899 3302 -
924 3271 995 3315 nam
1021 3253 1110 3314 etiam

123 3339 232 3402 Locris
247 3338 443 3416 sacrilegium
458 3339 698 3416 pervestigatum
713 3340 752 3399 ab
768 3339 802 3411 Q.
816 3337 951 3399 Minucio
967 3344 1041 3409 erat,
1057 3352 1109 3410 pe-

124 3422 279 3500 cuniaque
293 3440 333 3483 ex
346 3421 438 3485 bonis
453 3421 617 3484 noxiorum
631 3421 663 3482 in
674 3423 839 3484 thesauros
850 3421 1031 3497 reposita-
1042 3434 1110 3476 eum

125 3508 272 3570 consules
286 3506 317 3567 in
334 3506 511 3583 provincias
526 3505 684 3582 proficisci
698 3507 826 3575 vellent,
842 3502 953 3577 privati
967 3503 1109 3570 trequen-
