2600 4000
279 252 394 313 LIBER
407 251 554 311 XXXVII.
575 250 658 310 cnP.
673 258 717 311 43.
728 258 772 312 lt.
793 256 828 323 [a.
842 255 874 307 O.
887 258 949 325 190]
1038 250 1100 314 299

121 408 206 463 rent:
238 411 394 478 postremo
416 402 467 461 dat
487 402 607 476 signum
628 400 708 474 suis,
734 407 767 460 ut
787 401 901 476 primos
923 401 1098 476 rugientium

121 486 269 560 caedant,
290 484 408 546 turbam
427 483 653 559 insequentium
667 484 748 545 lerro
763 490 794 545 et
806 483 984 544 vulneribus
999 487 1029 545 in
1044 487 1098 548 ho·

121 576 199 629 stern
219 569 368 644 redigant.
400 568 451 628 hic
470 568 568 628 maior
585 568 676 627 timor
694 568 842 629 minorem
861 567 942 628 vicit.
974 569 1097 644 ancipiti

122 651 221 714 coacti
237 659 320 713 metu
336 652 434 729 primo
449 651 666 721 constiterunt;
690 650 801 712 deinde
815 658 846 712 et
860 651 920 727 ipsi
933 651 1054 713 rediere
1068 654 1097 714 in

120 751 268 813 pugnarn,
291 745 321 797 et
340 734 488 797 Aemilius
511 751 579 795 curn
600 743 659 796 sno
680 734 985 810 praesidio-erant
998 743 1097 796 autern

121 820 183 880 duo
204 819 285 880 milia
306 820 439 881 virorum
455 818 577 880 tortium
587 849 631 865 -
640 816 740 879 effuse
754 817 895 894 sequenti
909 818 975 893 regi
988 819 1098 882 acriter

119 903 243 965 obstitit.
271 912 301 964 ct
314 905 433 965 Attalus
448 901 593 963 Eumenis
614 901 706 962 irater
723 901 762 962 ab
777 902 885 964 dextro
900 916 1012 977 cornu,
1034 920 1096 979 quo

118 987 239 1048 laevum
254 986 387 1050 hostium
401 987 500 1062 primo
514 987 629 1061 impetn
642 987 778 1061 iugatum
792 985 899 1061 luerat,
920 992 955 1047 ut
968 986 1006 1046 ab
1024 985 1096 1047 sinl-

119 1076 182 1132 stro
198 1071 300 1146 lugam
315 1087 441 1132 suornm
455 1076 486 1131 et
498 1071 656 1131 tumultum
671 1069 753 1129 circa
766 1075 867 1130 castra
881 1069 964 1142 vidit,
979 1069 1009 1128 in
1022 1079 1096 1131 tern-

118 1169 196 1229 pore
217 1170 286 1215 curn
311 1155 451 1215 ducentis
476 1152 628 1229 equitibus
654 1153 786 1214 advenit
820 1152 989 1215 Antiochus
1010 1160 1094 1230 post-

119 1254 210 1314 quam
226 1244 256 1298 et
271 1253 342 1310 eos,
359 1253 489 1315 quorum
503 1244 588 1311 terga
602 1237 695 1297 ruodo
709 1235 841 1310 viderat,
856 1237 1024 1313 repetentis
1039 1252 1095 1312 pu·
1127 1303 1132 1314 ,

117 1336 208 1397 gnam
230 1328 261 1383 et
281 1322 370 1382 aliam
391 1330 422 1382 et
435 1336 453 1380 e
468 1319 578 1381 cestris
599 1327 629 1381 et
643 1336 683 1380 ex
697 1319 763 1381 acie
776 1320 963 1381 adfluentem
976 1320 1095 1382 turbam

118 1405 295 1482 conspexit,
314 1405 344 1465 in
362 1406 465 1480 lugam
478 1403 568 1465 vertit
581 1419 704 1480 equum.
738 1404 779 1464 ita
793 1412 925 1482 utroque
939 1419 1037 1465 cornu
1050 1405 1094 1464 vi-

117 1494 219 1550 ctores
232 1487 362 1550 Romanl
376 1504 433 1564 per
446 1503 575 1550 acervos
590 1501 762 1565 corporum,
779 1504 859 1564 quos
873 1489 904 1549 ln
919 1489 1019 1548 media
1031 1503 1093 1548 ma-

116 1572 198 1632 xirnc
213 1573 279 1633 acie
293 1573 528 1648 cumulaverant,
542 1571 595 1633 ubi
610 1578 641 1634 et
655 1572 749 1633 robur
762 1572 997 1634 lorussimorum
1013 1571 1093 1631 viro-

116 1672 183 1716 rum
204 1662 235 1716 et
253 1672 338 1717 annm
361 1656 510 1732 gravitate
533 1656 636 1733 lugam
661 1655 876 1731 impedierant,
904 1659 1035 1729 pergunt
1054 1655 1093 1714 ad

117 1746 217 1800 castra
231 1739 410 1817 diripienda
432 1741 554 1818 equites
568 1740 659 1816 primi
669 1737 802 1799 omniurn
812 1735 967 1813 Eumenis,
981 1736 1094 1798 deinde

117 1830 147 1884 et
167 1822 245 1885 alius
266 1824 420 1900 equitatus
440 1832 504 1886 toto
525 1824 642 1899 passim
657 1836 766 1895 campo
781 1827 951 1894 sequuntur
964 1820 1091 1893 hostem,

117 1914 146 1967 et
159 1913 348 1981 postremos,
363 1914 397 1967 ut
411 1921 553 1982 quosque
566 1903 671 1979 adepti
686 1908 771 1976 sunt,
786 1902 926 1964 caedunt.
961 1910 1093 1964 ceterum

117 1989 301 2065 fugientibus
322 1987 419 2049 maior
434 1988 529 2062 pestis
544 1985 723 2047 intermixtis
738 1985 895 2063 quadrigis
909 1986 1091 2065 elephantis·

116 2088 178 2148 que
197 2079 229 2131 et
249 2072 374 2131 camelis
393 2078 474 2146 erat,
495 2077 525 2131 et
545 2086 602 2131 sua
622 2069 758 2144 ipsorum
773 2071 876 2144 turba,
899 2087 967 2132 cum
982 2073 1091 2133 solutis

116 2152 276 2215 ordinibus
291 2154 374 2214 velut
394 2154 477 2214 caeci
496 2169 592 2228 super
605 2152 682 2214 alios
698 2153 748 2213 alli
761 2162 899 2228 ruerent,
924 2162 954 2216 et
967 2155 1091 2215 incursu

115 2238 272 2299 beluarum
290 2237 507 2298 obtererentur.
530 2235 683 2298 incastris
701 2250 825 2312 quoque
837 2238 944 2314 ingens
955 2238 1092 2300 etmaior

114 2336 213 2398 prope
234 2337 325 2398 quam
348 2320 379 2380 in
400 2321 465 2382 acie
486 2322 598 2382 caedes
617 2329 665 2381 est
679 2320 774 2383 edita=
797 2336 868 2382 narn
882 2328 912 2383 et
925 2322 1091 2399 primorum

114 2406 187 2480 luga
202 2403 232 2464 in
248 2412 349 2467 castra
362 2404 493 2466 maxime
506 2403 670 2480 inclinavit,
685 2410 717 2465 et
729 2404 821 2466 huius
836 2405 948 2467 fiducia
962 2404 1091 2465 multitu·

115 2489 204 2564 dinis,
220 2489 317 2566 quiin
332 2489 486 2564 pracsidio
501 2496 595 2564 crant,
611 2489 797 2564 pertinacius
813 2505 869 2564 pro
881 2492 962 2551 vallo
973 2504 1090 2566 pugna·

113 2579 191 2635 runt.
223 2574 332 2634 retenti
345 2573 376 2633 in
390 2573 487 2649 portis
502 2573 661 2649 valloque,
685 2586 764 2649 quae
778 2588 813 2635 se
827 2574 941 2650 impetu
954 2574 1024 2650 ipso
1041 2588 1090 2634 ca-

112 2663 221 2733 pturos
240 2656 446 2728 crediderant,
468 2657 595 2717 Romani
615 2665 781 2733 postquam
799 2657 921 2718 tandem
942 2671 1089 2734 perrupe-

53 2803 60 2814 ,
112 2745 191 2814 runt,
206 2738 245 2799 ab
260 2740 307 2799 ira
316 2739 488 2814 graviorem
499 2740 660 2800 ediderunt
670 2741 804 2801 caedem.
826 2740 928 2800 XLIV.
950 2742 991 2801 ad
1003 2741 1089 2817 quln-

116 2820 258 2899 quaginta
278 2822 359 2883 milia
379 2822 514 2898 peditum
535 2837 628 2883 caesa
647 2837 685 2882 eo
706 2821 932 2898 dedicantur,
954 2826 1089 2900 equiturn

112 2905 170 2967 tria
184 2904 280 2975 milia,
309 2905 389 2965 mille
403 2911 434 2966 et
448 2904 661 2987 quadringenti
676 2906 773 2982 capti,
787 2912 818 2964 et
832 2907 1005 2981 quindecim
1021 2924 1089 2969 cum

111 2986 283 3050 rectoribus
299 2987 461 3065 elephanti.
483 2989 690 3051 Romanorum
705 2988 822 3066 aliquot
835 2990 985 3051 vulnerati
1000 2998 1088 3061 sunt;

112 3071 289 3134 ceciderunt
308 3088 369 3133 non
391 3073 461 3149 plus
480 3072 608 3133 trecenti
621 3072 758 3149 pedites,
781 3080 923 3148 quattuor
941 3082 971 3135 et
983 3073 1088 3150 viginti

112 3156 247 3230 equites;
269 3162 300 3217 et
312 3157 353 3217 de
365 3155 509 3220 Eumenis
524 3158 661 3218 exercitu
675 3156 812 3233 quinque
825 3164 856 3218 at
867 3157 982 3234 viginti.

194 3239 232 3299 Et
250 3238 303 3301 illo
324 3239 448 3315 quidem
468 3239 518 3300 die
535 3238 671 3305 uictores
689 3241 817 3317 dneptss
831 3241 963 3303 hostium
978 3240 1087 3303 castris

111 3335 180 3382 cunr
200 3338 309 3398 magula
327 3325 444 3400 praeda
462 3324 492 3383 in
507 3339 565 3385 sua
578 3331 786 3395 reverterunt3
807 3334 934 3401 postero
949 3326 1000 3386 die
1015 3341 1087 3400 spo·

110 3404 224 3464 liubant
237 3419 398 3467 caesorum
409 3421 541 3480 corpora
551 3415 583 3467 et
595 3407 735 3480 captivos
747 3408 975 3468 contrahebant
996 3407 1086 3482 legati

1 3548 2 3553 ,
109 3486 303 3563 οδΉηαιίτα
323 3495 354 3548 et
366 3488 525 3562 Magnesia
539 3488 579 3546 ad
594 3487 735 3562 Sipylum
755 3489 796 3547 ad
813 3489 972 3548 dedendas
992 3489 1085 3548 tubes
