2600 4000
275 244 523 305 urnsnxxxv.
546 244 630 305 one.
642 253 687 305 ro.
699 253 742 306 ιι.
759 228 794 318 [ἰ.
807 250 839 304 c.
853 253 914 318 ιιι]
995 213 1081 312 ἰιι

93 389 261 468 ‘Quinctius
277 399 307 452 et
321 392 373 451 Cn.
388 393 537 453 Domitius
553 395 698 454 consules
713 395 744 453 in
761 394 937 470 provincias
952 400 1082 473 proiecti

104 483 188 550 sunt,
217 474 374 549 Quinctius
399 476 429 535 in
453 477 597 551 Ligures,
627 477 777 538 Domitius
802 479 952 540 adversus
977 481 1081 543 Boios.
1186 498 1189 501 “

103 559 170 622 Boii
186 559 383 635 quieverunt3
406 564 499 635 atque
518 560 608 622 etiam
629 566 755 622 senatus
775 577 881 623 eorum
896 580 965 624 cum
978 565 1086 627 liberis.

104 650 135 704 et
145 643 292 719 praerecti
303 659 371 704 eum
383 645 572 719 equitatu—
583 660 702 705 summa
714 645 847 705 omnium
858 646 940 706 mille
951 655 981 709 et
996 648 1081 723 quin·

103 727 186 803 genti
199 757 242 769 -
256 727 375 789 consuli
397 727 580 789 dediderunt
594 744 675 789 sese.
703 728 742 788 ab
756 731 851 791 altero
867 731 995 791 consule
1009 746 1082 807 ager
1105 732 1108 738 '

103 811 247 886 Ligurum
260 813 320 892 iate
335 820 384 873 est
397 818 534 872 vastatus
549 813 738 888 castellaque
752 813 868 888 aliquot
880 822 986 890 eapta;
1000 815 1083 875 unde

104 911 165 957 non
179 895 297 971 praeda
310 896 408 970 modo,
420 896 519 956 omnis
532 897 655 972 generis
672 912 742 957 cum
756 897 886 971 captivis
901 904 1003 974 parta,
1026 900 1082 959 sed

103 979 219 1054 recepti
234 994 360 1055 quoqne
374 979 492 1055 aliquot
505 980 589 1041 cives
601 979 829 1057 sociique-qui
840 981 870 1042 in
881 981 1015 1043 hostium
1026 998 1081 1057 po-

104 1063 354 1125 testateiuerant.
370 1063 479 1124 eodem
492 1063 552 1124 hoe
563 1064 804 1125 annoVibonem
816 1066 938 1127 colonia
949 1065 1082 1127 deducta
1136 1084 1137 1087 ¹

104 1154 201 1208 estex
214 1154 339 1208 senatus
352 1149 490 1209 consulto
501 1147 647 1224 plebique
659 1148 747 1210 scito.
766 1149 823 1208 tria
832 1148 915 1210 milia
925 1157 956 1210 et
966 1149 1078 1224 septin·

103 1231 186 1307 genti
200 1231 322 1307 pedites
344 1231 458 1304 ierunt,
480 1231 612 1293 trecenti
628 1231 760 1307 equites.
783 1232 931 1294 triumviri
945 1233 1081 1294 deduxe-

102 1323 172 1376 runt
191 1330 247 1376 eos
268 1315 302 1389 Q.
321 1315 455 1377 Naevius
479 1315 519 1375 Μ.
541 1314 693 1376 Minucius
712 1316 752 1375 Μ.
774 1316 886 1378 Furius
909 1315 1081 1393 Crassipes.

106 1399 198 1474 quina
212 1399 292 1459 dena
306 1400 411 1474 iugera
424 1399 490 1474 egri
505 1399 576 1460 data
590 1401 621 1460 in
639 1400 779 1475 singulos
794 1401 914 1476 pedites
928 1408 1009 1475 sunt
1025 1402 1080 1463 du·

104 1485 175 1559 piex
195 1482 298 1558 equiti.
327 1482 513 1543 Bruttiorum
532 1484 673 1559 proxime
686 1484 786 1546 tuerat
799 1499 889 1561 ager;
909 1484 1015 1546 Bruttii
1031 1501 1080 1546 ce-

103 1573 212 1642 perant
226 1567 265 1626 de
280 1566 415 1627 Graecis.
437 1567 555 1628 Romae
569 1583 627 1644 per
646 1567 728 1629 idern
742 1575 864 1645 tempus
880 1570 942 1629 due
957 1567 1081 1628 maximi

103 1651 223 1710 fuerunt
241 1654 390 1726 terrores,
412 1651 546 1712 diutinus
566 1654 643 1713 alter
666 1653 724 1713 sed
744 1653 884 1728 segnior:
913 1658 995 1712 terra
1014 1650 1081 1711 dies
1150 1724 1152 1729 ‚

104 1733 410 1811 duodequadraginta
424 1736 527 1797 movit.
548 1752 605 1813 per
619 1736 746 1798 totidem
760 1737 828 1798 dies
844 1734 938 1795 seriae
951 1735 983 1804 in
998 1733 1079 1794 solli·

104 1816 235 1878 titudine
250 1835 287 1879 ae
300 1825 383 1881 metu
397 1820 498 1890 iuere3
522 1821 553 1880 in
566 1820 699 1882 triduum
714 1819 780 1879 eius
794 1819 839 1879 rei
855 1833 950 1879 eausa
964 1817 1080 1893 suppti-

103 1901 180 1962 catio
194 1901 298 1963 habita
311 1910 367 1963 est
388 1904 439 1963 ille
453 1920 515 1964 non
527 1918 625 1978 pavor
637 1917 752 1977 vanus,
767 1902 825 1962 scd
834 1916 908 1961 vera
918 1903 1081 1963 multorum

103 1984 207 2046 clades
222 1985 293 2046 iuit·
315 1984 458 2047 incendio
470 2003 489 2046 a
500 1986 568 2047 ioro
581 1984 715 2046 Bovario
728 1992 802 2046 orto
807 1984 888 2046 diem
898 1992 1082 2062 noctemque

102 2067 264 2128 aedificta
255 2084 287 2126 ιιι
296 2068 428 2128 Tiberim
439 2083 532 2128 versa
542 2084 647 2130 arsere
654 2070 882 2145 tabernaeque
894 2085 1001 2130 omnes
1012 2085 1081 2130 cum

102 2150 205 2225 magni
220 2145 308 2225 pretii
323 2150 475 2211 mercibus
490 2143 768 2225 conflagraverunt

186 2232 260 2293 XLI
283 2233 346 2292 iam
361 2233 470 2293 ierem
485 2231 568 2294 exitu
582 2249 682 2294 annus
700 2242 780 2309 erat,
800 2234 858 2295 et
850 2251 880 2293 ιιι
902 2232 969 2310 dies
984 2235 1081 2310 magis

103 2317 184 2377 fama
198 2317 237 2377 de
250 2314 394 2379 Antiochi
408 2307 489 2379 bello
504 2324 535 2379 et
549 2334 622 2378 cura
632 2317 771 2393 patribus
783 2305 956 2379 erescebata
978 2316 1082 2394 itaque

103 2401 144 2461 de
155 2401 321 2476 provinctls
333 2400 560 2476 designatorum
571 2401 892 2485 magistratuumque
903 2401 1082 2463 intentiores

102 2491 208 2547 essent
221 2500 344 2560 omnes,
366 2483 471 2559 agitari
487 2491 629 2562 coeptum
644 2493 701 2547 est.
729 2486 897 2547 deerevere
916 2492 950 2547 ut
969 2501 1081 2547 consu

102 2567 182 2631 libus
196 2568 281 2631 italia
295 2575 325 2630 et
341 2584 402 2643 quo
418 2576 544 2631 senatus
559 2569 785 2631 censuisset—
801 2568 862 2630 iam
877 2585 948 2631 esse
968 2569 1081 2629 bellum

103 2651 254 2715 adversus
265 2652 449 2714 Antiochum
462 2669 687 2729 regem-omnes
700 2652 838 2715 sciebant
852 2688 888 2699 -
903 2653 1082 2730 provinciae

102 2743 217 2798 essent.
239 2737 327 2798 cuius
338 2751 376 2795 ea
386 2752 458 2797 sors
468 2743 563 2811 esset,
574 2743 718 2812 quattuor
728 2737 811 2797 milia
822 2738 958 2813 peditum
970 2735 1082 2798 civium

101 2820 309 2881 Romanorum
324 2825 356 2879 et
369 2821 496 2880 trecenti
516 2819 651 2896 equites,
673 2837 730 2881 sex
750 2820 833 2881 milia
852 2815 971 2881 socium
984 2820 1082 2881 Latini

102 2903 235 2966 nominis
250 2919 320 2964 cmn
332 2903 563 2978 quadringentis
575 2902 730 2979 equitibus
741 2910 813 2965 sunt
823 2904 956 2965 decreta
976 2917 1082 2965 eorum

102 2986 248 3050 dilectum
263 2986 376 3048 babere
390 2987 424 3045 L.
439 2987 598 3061 Quinctius
613 2989 722 3048 consul
736 2988 857 3061 iussus,
873 3003 913 3066 ne
929 2987 1003 3061 quid
1016 3003 1082 3048 mo-

102 3079 235 3148 roratur,
257 3087 320 3149 qua
335 3069 560 3133 minus'consul
577 3087 697 3147 ιιοιιιιε,
720 3087 782 3148 quo
803 3078 929 3133 senatus
944 3070 1082 3132 censuis-

104 3162 165 3228 set,
182 3157 337 3232 extempio
352 3153 508 3230 proficisci
523 3163 642 3233 posset.
664 3155 735 3216 item
749 3156 789 3216 de
809 3154 976 3231 provinciis
994 3170 1082 3229 prae

103 3245 202 3301 torum
217 3242 373 3301 decretum
387 3246 449 3315 est,
473 3238 573 3316 prima
591 3247 626 3301 ut
645 3256 716 3301 sors
738 3239 833 3314 duae,
853 3239 1033 3313 urbanaque
1054 3244 1084 3297 et

104 3322 183 3382 inter
194 3323 270 3384 civis
281 3340 318 3385 ac
329 3323 511 3400 peregrinos
522 3322 691 3385 iurisdictio
704 3332 803 3396 esset,
818 3323 955 3384 secunda
966 3319 1082 3393 Bruttii,

105 3405 194 3466 tertia
204 3408 329 3483 classis,
344 3413 378 3468 ut
388 3407 546 3483 navigaret
557 3422 619 3484 quo
631 3413 757 3484 senatus
770 3406 957 3479 censuisset,
973 3409 1083 3482 quarta

104 3487 224 3566 Sicilia,
240 3489 345 3569 quinta
358 3489 514 3566 Sardinia,
530 3498 619 3552 sexta
632 3490 785 3565 Hispania
795 3491 931 3551 ulterior.
952 3488 1083 3562 impera·

819 3574 876 3631 14*
