2600 4000
238 248 301 313 tto
372 248 486 308 utana
501 247 648 308 xxxvu.
670 245 753 306 cur.
768 253 872 332 seso.
887 251 924 319 [t.
937 249 971 301 u.
984 250 1082 318 asta]

239 408 316 475 tuor,
327 401 482 460 eburneos
494 397 602 458 dentes
613 397 695 457 mille
705 396 856 458 ducentos
866 393 989 471 triginta
997 412 1103 471 unum,
1110 412 1223 458 aureas

183 505 188 513 ·
239 499 372 545 coronas
387 482 536 545 ducentas
552 479 672 556 triginta
683 486 835 556 quattuor,
850 479 1085 556 argentipondo
1099 487 1222 541 centum

239 567 361 644 triginta
385 572 505 642 septem
528 564 611 626 milia
630 562 854 640 quadringenta
873 563 995 639 viginti,
1020 564 1223 626 tetrachmum

240 653 409 714 Atticorum
433 650 566 711 ducenta
589 648 696 724 viginti
721 655 865 724 quattuor
887 647 985 721 milia,
1009 646 1223 723 cistophorum

238 743 375 798 trecenta
389 733 511 809 triginta
523 749 617 794 unum
632 732 714 796 milia
728 732 933 808 septuaginta,
953 746 1094 792 nummos
1109 748 1224 794 aureos

206 857 209 864 »
238 817 416 896 Philippeos
431 825 551 879 centum
567 803 769 893 quadraginta
783 815 882 886 milia3
903 831 1051 877 vasorum
1061 824 1225 892 argenteo

238 920 306 964 rum
322 937 361 949 -
377 902 479 962 omnia
503 902 620 962 caelata
639 908 771 960 erant-
795 898 876 960 mille
896 900 1002 975 pondo
1024 907 1056 960 et
1076 901 1225 975 quadrin-

238 995 329 1063 genta
342 983 448 1062 viginti
463 992 615 1061 quattuor,
631 999 794 1045 aureorum
808 983 889 1043 mille
901 984 1006 1058 pondo
1017 984 1124 1059 viginti
1137 993 1224 1061 quat·

240 1079 317 1132 tuor.
347 1077 378 1131 et
390 1070 487 1131 duces
506 1069 598 1144 regii,
621 1068 783 1143 praetecti,
804 1068 963 1143 purpurati
981 1067 1042 1128 duo
1058 1073 1089 1127 et
1102 1069 1225 1144 Qum

239 1161 309 1215 ante
334 1169 457 1215 currum
481 1153 573 1214 ducti.
610 1151 755 1212 militibus
780 1151 864 1227 quini
885 1148 986 1212 viceni
1010 1151 1128 1212 denarii
1151 1153 1223 1214 dati

239 1238 354 1313 duplex
375 1235 561 1311 centurioni,
581 1237 692 1313 triplex
715 1235 819 1311 equiti.
847 1240 878 1296 et
892 1236 1079 1310 stipendium
1093 1233 1225 1297 militare

238 1327 270 1381 et
283 1320 466 1381 trumentum
486 1321 604 1396 duplex
624 1326 696 1397 post
709 1317 895 1396 triumphum
910 1318 1023 1380 datum.
1056 1320 1179 1395 proelio
1194 1337 1225 1381 m

239 1405 315 1465 Asia
335 1404 416 1466 iacto
437 1404 553 1479 duplex
574 1404 711 1465 dederat.
743 1402 941 1479 triumphavit
959 1418 1041 1464 anno
1060 1405 1124 1464 lere
1139 1411 1224 1479 post,

239 1505 332 1565 quarn
347 1489 509 1550 consulatu
522 1487 605 1548 abiit.

322 1571 384 1633 LX.
404 1570 522 1633 Eodem
543 1571 608 1630 iere
628 1576 767 1648 tempore
788 1580 818 1633 et
839 1572 891 1632 Cn.
908 1571 1039 1633 Manlius
1061 1574 1173 1632 consul
1194 1570 1222 1633 in

238 1659 344 1719 Asiam
359 1664 389 1717 et
400 1656 435 1732 Q.
446 1655 559 1718 Fabius
570 1654 674 1716 Labeo
689 1661 813 1730 praetor
827 1656 867 1716 ad
881 1655 1014 1717 classem
1029 1655 1122 1715 venit.
1143 1665 1223 1717 cete

238 1759 305 1803 rum
326 1741 446 1803 consuli
467 1756 530 1801 non
553 1740 660 1816 deerat
680 1755 750 1799 cnm
768 1738 863 1801 Gallis
882 1737 955 1800 belli
976 1741 1120 1809 materia;
1139 1756 1224 1801 mare

238 1832 382 1901 pacatum
396 1832 462 1885 erat
476 1824 596 1885 devicto
611 1823 775 1885 Antiocho.
798 1821 943 1898 cogitanti
958 1822 993 1897 Q.
1003 1823 1099 1884 Fabio
1116 1822 1167 1884 cui
1180 1824 1223 1885 rei

239 1908 433 1985 potissimum
457 1908 625 1983 insisteret,
651 1923 691 1968 ne
712 1905 842 1971 otiosam
867 1906 1057 1984 provinciam
1074 1906 1223 1969 habuisse

238 1989 335 2052 videri
350 1999 472 2066 posset,
489 1991 637 2067 optimum
649 1993 751 2055 visum
766 1997 815 2054 est
828 1994 858 2052 in
874 1992 990 2053 Cretam
1006 1991 1140 2052 insulam
1152 1992 1223 2054 trai-

239 2091 318 2136 cere.
341 2074 530 2152 Cydoniatae
544 2077 659 2138 bellum
674 2078 826 2138 adversus
842 2077 1008 2154 Gortynios
1024 2076 1222 2153 Gnesiashue

237 2159 393 2236 gerebant,
409 2168 440 2222 et
454 2160 646 2237 captivorum
660 2162 868 2223 Romanorum
882 2167 975 2235 atque
991 2158 1087 2221 italici
1099 2163 1223 2236 generis

238 2259 368 2322 magnus
383 2259 530 2307 numerus
540 2244 570 2304 in
583 2246 729 2306 servitute
741 2259 813 2306 esse
824 2259 880 2320 per
891 2250 984 2306 totam
995 2245 1130 2305 insulam
1141 2245 1222 2308 dice

237 2329 335 2391 batur.
367 2331 468 2391 classe
489 2329 528 2390 ab
547 2327 674 2404 Epheso
696 2329 853 2405 protectus
874 2343 943 2390 cum
962 2328 1095 2404 primum
1117 2329 1223 2392 Cretae

238 2414 309 2476 litus
324 2412 429 2488 attigit,
445 2413 567 2474 nuntios
583 2411 666 2474 circa
681 2412 818 2474 civitates
832 2411 923 2487 misit,
935 2420 969 2473 ut
982 2412 1075 2474 armis
1090 2413 1221 2475 absiste

237 2505 318 2569 rent,
341 2496 544 2572 captivosque
559 2495 589 2554 in
605 2497 671 2558 suls
689 2512 831 2573 quaeque
845 2494 972 2558 urbibus
987 2497 1136 2574 agrisque
1151 2514 1222 2560 con-

238 2579 368 2654 quisitos
378 2579 571 2653 reducerent,
583 2584 615 2641 et
625 2581 745 2657 legatos
758 2582 909 2642 mitterent
919 2582 960 2640 ad
971 2597 1015 2657 se,
1028 2597 1098 2642 cum
1110 2583 1222 2658 quibus

237 2662 383 2722 derebus
404 2663 444 2723 ad
459 2661 614 2724 Cretensis
638 2665 752 2741 pariter
763 2666 985 2741 Romanosque
998 2667 1223 2741 pertinentibus

237 2753 349 2821 ageret.
373 2745 644 2824 nihilmagnopere
658 2749 868 2811 eaCretenses
880 2757 1051 2811 moverunt
1072 2751 1223 2826 captivos,

238 2837 359 2906 praeter
377 2830 553 2909 Gortynios,
568 2833 643 2895 nulli
657 2834 867 2895 reddiderunt.
899 2834 1044 2895 Valerius
1058 2835 1170 2896 Antias
1185 2835 1222 2895 ad

238 2921 382 2990 quattuor
395 2916 479 2978 milia
492 2918 694 2994 captivorum,
710 2919 782 2996 quia
794 2918 867 2978 belli
880 2917 979 2979 minas
993 2918 1169 2993 timuerunt,
1184 2934 1223 2979 ex

236 3004 299 3059 tota
319 2998 420 3061 insula
439 3001 560 3063 reddita
573 3003 714 3080 scripsit,
736 3016 866 3077 eamque
882 3017 1010 3064 eausam
1021 3001 1134 3078 Fabio,
1156 3017 1224 3063 cum

239 3097 304 3142 rem
324 3085 436 3144 nullam
452 3084 543 3145 aliam
557 3088 725 3161 gessisset,
747 3085 865 3146 navalis
880 3084 1025 3162 triumphi
1039 3084 1224 3162 impetrandi

236 3166 275 3226 ab
297 3174 408 3228 senatu
428 3167 535 3231 luisse.
569 3184 588 3228 a
608 3170 698 3231 Creta
715 3170 874 3245 Ephesum
893 3169 1007 3231 Fabius
1025 3169 1122 3240 redit;
1150 3168 1225 3230 inde

235 3249 331 3311 tribus
352 3251 483 3313 navibus
503 3250 534 3310 in
548 3252 696 3313 Thraciae
717 3270 801 3315 oram
822 3253 927 3314 missis
949 3254 988 3314 ab
1002 3253 1093 3316 Aeno
1114 3251 1223 3315 etita-

233 3332 322 3396 ronia
338 3333 496 3412 praesidia
507 3335 651 3397 Antiochi
669 3336 780 3399 deduci
794 3335 899 3411 iussit,
920 3337 999 3400 utin
1014 3334 1156 3400 libertate
1169 3351 1226 3400 eac

234 3414 374 3480 civitates
388 3430 502 3480 essent.

612 3549 822 3559 —..--..———-
