2600 4000
210 198 275 264 142
340 198 456 259 LIBER
466 199 600 258 XXXIV.
620 198 869 262 camitem.
891 206 928 273 [e.
940 205 974 257 tt.
987 223 1013 264 e.
1023 202 1087 278 oet}

207 352 304 414 stituit
327 350 425 426 signa.
458 347 501 411 ibi
521 350 707 410 delectarum
727 320 897 411 cohortium
916 348 1079 411 stationem
1099 336 1193 412 relin-

209 451 324 512 quens,
350 433 510 510 praecepit
528 433 582 505 iis,
604 448 644 492 ne
665 449 700 493 se
721 448 819 507 exeo
841 433 910 495 loco
932 441 1001 493 ante
1021 439 1192 509 moverent,

208 535 300 596 quam
313 519 384 594 ipse
398 515 439 577 ad
452 532 508 579 eos
523 516 669 577 venisset„
701 524 821 578 ceteras
836 517 944 591 copias
959 517 1000 577 ad
1015 514 1194 578 ulteriorem

208 612 326 680 partem
339 600 425 662 urbis
440 600 648 663 circumducit.
676 599 842 661 maximum
857 616 897 660 ex
912 600 1054 662 omnibus
1069 599 1194 661 auxiliis

208 702 367 759 numerum
382 683 589 762 Suessetanae
602 683 767 747 iuventutis
781 683 930 746 habebata
952 699 1008 744 eos
1020 684 1061 744 ad
1071 699 1194 745 nimum

208 768 449 848 oppugnandum
472 766 576 829 subire
596 767 689 829 iubet.
723 783 854 844 quorum
874 767 927 830 ubi
942 783 1027 828 arma
1040 767 1194 843 signaque

207 855 351 916 Lacetani
365 867 549 928 cognovere,
564 867 728 929 memores,
744 867 942 928 quamsaepe
953 851 984 911 in
998 867 1072 926 agro
1084 866 1193 912 eorum

208 940 333 1015 impune
346 938 578 1013 persultassent,
596 936 738 1012 quotiens
753 936 842 1012 ipsos
853 934 951 1011 signis
963 935 1082 997 collatis
1094 935 1194 995 ludis-
1291 924 1293 1001 ἶ

208 1028 278 1083 sent
304 1023 543 1096 fugassentqua
566 1021 720 1098 patefacta
743 1025 871 1097 repente
895 1026 985 1096 porta
1002 1018 1139 1080 universi
1161 1018 1193 1079 in

209 1122 264 1168 eos
289 1110 458 1180 erumpunt
492 1102 545 1164 vix
569 1105 733 1166 clamorem
758 1118 879 1178 eorum,
908 1104 1032 1164 nedum.
1046 1102 1193 1178 impetum

211 1188 391 1250 Suessetani
404 1188 546 1248 tulerunt.
570 1188 655 1264 quod
669 1194 844 1264 postquam,
865 1186 946 1248 sicut
959 1188 1092 1248 futurum
1106 1192 1193 1246 ratus

210 1278 287 1346 erat,
310 1273 419 1332 consul
438 1270 505 1333 fieri
526 1271 614 1333 etiam
636 1272 726 1346 vidit,
748 1286 829 1349 equo
845 1269 936 1332 citato
951 1270 1058 1333 subter
1071 1284 1193 1330 murum
1225 1277 1233 1289 ·

210 1355 342 1418 hostium
353 1356 397 1415 ad
413 1354 557 1417 cohortes
572 1355 723 1430 avehitur,
739 1363 832 1432 atque
847 1371 901 1417 eas
916 1361 1065 1432 arreptas,
1082 1352 1192 1415 effusis

210 1439 351 1517 omnibus
366 1440 407 1498 ad
421 1441 600 1514 sequendos
613 1438 830 1516 Suessetanos,
847 1443 909 1517 qu'a
924 1438 1076 1500 silentium
1091 1454 1128 1499 ac
1140 1453 1192 1498 so·

177 1556 180 1562 1
211 1523 304 1585 titudo
320 1528 395 1596 erat
408 1523 442 1583 in
453 1521 560 1584 urbem
571 1523 705 1593 inducit,
721 1522 871 1601 priusque
881 1521 984 1584 omnia
994 1523 1085 1599 cepit,
1099 1537 1193 1597 quam

211 1623 249 1683 se
258 1606 431 1683 reciperent
442 1606 596 1669 Lacetani.
624 1622 698 1667 mox
711 1606 798 1683 ipsos
814 1606 887 1668 nihil
902 1613 1025 1683 praeter
1038 1621 1123 1669 arma
1136 1605 1191 1665 ha·

210 1691 308 1752 bentis
331 1690 362 1750 in
377 1690 563 1752 deditionem
576 1690 705 1767 accepit
737 1690 814 1754 xxi.
837 1690 998 1753 confestim
1012 1688 1193 1750 indevictcr

209 1776 250 1835 ad
260 1775 407 1850 Vergium
419 1783 552 1836 castrum
564 1775 656 1836 ducit.
674 1776 906 1850 receptaculum
916 1775 948 1835 id
958 1774 1090 1835 maxime
1101 1788 1192 1849 prae-

98 1919 101 1923 .
151 1928 154 1933 ,
210 1859 325 1919 donum
339 1865 413 1933 erat,
431 1867 461 1920 et
474 1859 546 1920 inde
561 1859 753 1920 incursiones
767 1859 798 1919 in
813 1874 905 1941 agros
919 1866 1047 1934 pacatos
1063 1856 1189 1933 provin·

210 1940 276 2004 ciae
297 1942 363 2003 eius
382 1942 507 2003 debant.
540 1941 703 2020 transfugit
721 1943 793 2006 inde
814 1941 854 2006 ad
870 1944 1028 2006 consulem
1044 1940 1191 2018 princeps

208 2027 430 2101 Vergestanus,
445 2033 477 2088 et
490 2044 621 2104 purgare
635 2044 671 2089 se
686 2044 722 2088 ac
733 2028 892 2107 popularis
905 2027 1021 2104 coepit:
1044 2043 1105 2087 non
1118 2041 1192 2086 esse

209 2110 240 2170 in
255 2126 347 2172 manu
366 2111 443 2186 ipsis
464 2126 528 2172 rem
548 2113 719 2188 publicana
743 2113 915 2188 praedones
936 2117 1080 2186 receptos
1095 2116 1192 2170 totum

209 2211 286 2257 suae
306 2195 466 2271 potestatis
486 2195 519 2258 id
539 2204 672 2258 castrum
692 2197 814 2257 iecisse.
847 2195 956 2258 consul
977 2211 1047 2256 eum
1068 2194 1192 2256 domum

208 2279 310 2340 redire
324 2279 457 2341 conficta
470 2280 574 2357 aliqua
584 2279 744 2356 probabili,
761 2296 815 2341 cur
826 2279 964 2354 afuisset,
980 2295 1075 2339 causa
1086 2277 1191 2339 iussita

209 2379 279 2425 cum
293 2379 328 2424 se
342 2379 447 2425 muros
461 2363 586 2424 subisse
601 2369 741 2423 cerneret
754 2363 948 2441 intentosque
962 2363 1135 2439 praedones
1150 2359 1191 2422 ad

115 2481 118 2487 -
209 2448 323 2508 tuenda
336 2446 458 2507 moenia
472 2461 553 2521 esse,
568 2452 631 2505 tum
640 2445 684 2506 uti
696 2461 764 2507 cum
776 2463 852 2507 suae
862 2445 1004 2513 factionis
1015 2446 1189 2506 hominibus

210 2529 398 2614 meminisset
411 2543 512 2589 arcem
528 2543 692 2604 occupare.
724 2529 764 2604 id,
780 2530 821 2590 uti
837 2538 1046 2607 praeceperat,
1062 2530 1189 2591 iactume

209 2619 335 2688 repente
357 2626 474 2687 anceps
488 2617 600 2684 terror,
622 2612 693 2672 hine
708 2629 812 2675 muros
827 2614 1065 2675 ascendentibus
1078 2614 1188 2674 Roma-

209 2695 267 2770 nis,
282 2694 364 2754 illinc
379 2709 451 2756 arce
466 2702 565 2771 capta,
578 2695 730 2759 barbaros
745 2697 948 2761 circumvasit,
971 2696 1062 2760 huius
1076 2696 1189 2773 potitus
1290 2753 1291 2768 ,

208 2778 270 2839 loci
289 2780 397 2839 consul
423 2795 479 2841 eos
505 2781 557 2857 qui
582 2795 685 2842 arcem
709 2789 869 2845 tenuerant
892 2781 1006 2843 liberos
1028 2797 1099 2844 esse
1120 2797 1189 2842 cum
1290 2773 1291 2788 ¹

209 2863 349 2937 cognatis
363 2880 484 2940 suaque
498 2864 612 2925 habere
625 2863 725 2941 iussit,
738 2868 947 2942 Vergestanos
961 2872 1083 2927 ceteros
1095 2881 1188 2941 quae·

208 2946 284 3008 stori
297 2953 332 3007 ut
344 2948 493 3011 venderet
512 2948 691 3025 imperavit,
711 2949 751 3011 de
771 2951 980 3025 praedonibus
1002 2948 1187 3027 supplicium

209 3039 350 3105 sumpsit.
385 3039 496 3108 pacata
514 3032 674 3109 provincia
691 3034 853 3109 vectigalia
873 3050 984 3110 magna
1004 3032 1131 3096 instituit
1149 3048 1189 3092 ex

208 3114 343 3176 ferrariis
365 3117 623 3193 argentariisque3
646 3116 758 3194 quibus
772 3125 836 3180 tum
850 3117 992 3181 institutis
1006 3116 1190 3194 locupletior
1290 3165 1291 3172 ,

208 3197 239 3259 in
254 3198 321 3259 dies
336 3200 496 3277 provincia
509 3200 573 3274 fuit
596 3200 635 3262 ob
650 3200 707 3262 has
722 3218 773 3263 res
788 3208 891 3277 gestas
906 3203 937 3262 in
950 3202 1102 3279 Hispania
1115 3217 1189 3276 sup-

208 3281 403 3360 plicationem
418 3283 448 3344 in
462 3283 595 3346 triduum
608 3291 713 3361 patres
729 3286 939 3347 decreverunt.

112 3441 116 3448 ¹
291 3367 383 3428 XXII.
410 3367 526 3428 Eadem
548 3374 664 3429 aestate
681 3370 759 3431 alter
773 3372 881 3432 consul
895 3370 928 3431 L.
943 3369 1087 3431 Valerius
1102 3368 1187 3429 Flac-

209 3467 265 3514 cus
286 3450 316 3513 in
333 3451 430 3512 Gallia
450 3449 518 3513 cum
532 3452 677 3514 Boiorum
695 3452 832 3514 exercitu
846 3462 972 3532 propter
985 3453 1122 3514 Litanam
1136 3450 1188 3512 sil·
