2600 4000
222 201 289 267 qgg
359 200 476 261 mult
488 199 623 260 xxxvl.
645 198 728 259 cni.
743 206 787 260 ts.
801 205 846 259 44·
869 202 907 270 l·-
922 200 956 253 ὓ·
972 216 996 253 a
1010 200 1074 268 ⁵⁶1]

223 359 357 417 classem
369 368 441 427 rex,
464 353 612 430 quianon
626 349 824 413 interfuturus
838 350 940 410 navali
955 350 1110 411 certamini
1126 361 1205 424 erat,

224 438 413 514 Magnesiam
432 452 514 514 quae
534 437 575 497 ad
589 435 731 513 sipylum
750 441 799 496 est
818 433 974 495 concessit
992 433 1033 494 ad
1046 436 1206 496 terrestris

224 520 332 599 copias
353 520 588 597 comparandas.
621 519 731 580 classis
748 519 789 579 ad
804 517 975 580 Cissuntem
989 523 1111 594 portum
1124 518 1204 597 Ery·

223 608 407 680 tbraeorum,
420 612 575 680 tamquam
588 602 632 664 ibi
645 604 747 679 aptius
758 607 974 676 exspectatura
982 600 1113 676 bostem,
1130 616 1204 664 con-

221 689 328 754 tendit
359 688 503 762 Romani,
523 687 577 748 ubi
592 685 723 764 primum
737 685 898 762 aquilones
908 683 983 747 —ii
997 700 1132 762 namque
1147 701 1205 761 per

223 774 341 852 aliquot
364 772 433 833 dies
457 777 674 833 tenuerant—
688 770 879 843 ceciderunt,
906 769 946 829 ab
969 769 1045 830 Delo
1070 768 1204 842 Phanas,

224 865 346 937 portum
360 855 503 918 chiorum
516 855 548 915 in
560 855 720 931 Aegaeum
733 868 818 914 mare
835 867 970 927 versum,
985 858 1108 928 petunt;
1130 853 1205 913 iude

225 943 265 1003 ad
278 941 385 1002 urbem
400 940 607 1013 circumegere
620 953 726 1010 naves,
742 942 975 1011 commeatuque
988 942 1111 1011 sumpto
1122 935 1204 997 Pbo-

225 1040 330 1086 caeam
343 1021 494 1084 traiciunt
521 1022 675 1083 Eumenes
689 1020 866 1082 Elaeamad
880 1035 969 1080 suam
983 1021 1116 1081 classem
1131 1034 1191 1095 pro

226 1109 339 1180 iectus,
360 1105 469 1181 paucis
489 1112 561 1182 post
580 1105 651 1167 inde
672 1104 780 1166 diebus
801 1119 871 1166 cum
891 1109 1033 1179 quattuor
1051 1109 1082 1163 et
1095 1102 1206 1179 viginti

225 1190 355 1250 navibus
375 1189 479 1264 tectis,
499 1189 614 1265 apertis
635 1189 774 1265 pluribus
789 1188 882 1264 paulo
900 1187 1074 1249 anocaea
1086 1186 1127 1247 ad
1141 1187 1206 1248 Ro-

225 1289 334 1335 manos
354 1272 491 1349 parantis
505 1272 746 1349 instruentisque
760 1287 796 1333 se
809 1271 850 1332 ad
863 1271 973 1332 navale
987 1276 1139 1332 ceramon
1154 1286 1205 1331 re-

224 1357 288 1418 diit.
318 1356 392 1416 inde
412 1362 533 1418 centum
553 1355 691 1433 quinque
703 1356 792 1417 tectis
806 1354 952 1428 navibus,
974 1355 1090 1430 apertis
1107 1355 1207 1415 terme

225 1437 447 1518 quinquaginta
459 1440 599 1515 proiecti,
613 1440 712 1516 primo
727 1438 922 1515 aquilonibus
935 1437 1120 1500 transversis
1133 1453 1207 1500 cum

224 1531 405 1600 urgereum
424 1522 456 1583 in
475 1529 603 1595 terram,
626 1523 814 1597 cogebantur
828 1521 911 1584 tenui
924 1522 1045 1598 agmine
1059 1537 1161 1597 prope
1173 1521 1206 1582 in

225 1608 364 1671 ordinem
385 1607 524 1683 singulae
544 1620 640 1666 naves
661 1605 721 1675 ire;
750 1605 862 1668 deinde
881 1612 914 1668 ut
932 1604 1026 1667 lenita
1046 1606 1205 1681 paullulum

224 1694 272 1753 vis
291 1690 375 1753 venti
394 1698 456 1766 est,
477 1689 517 1750 ad
532 1689 683 1767 corycum
697 1696 832 1764 portum,
855 1689 908 1765 qui
922 1704 1018 1766 super
1032 1688 1204 1751 Cissuntem

224 1783 287 1852 est,
308 1774 410 1837 conati
424 1780 496 1837 sunt
508 1774 645 1834 traicere.
676 1772 780 1833 XLIV.
801 1772 1025 1850 Polyxenidas,
1043 1780 1077 1834 ut
1089 1788 1202 1850 appro

225 1860 376 1935 pinquare
394 1859 493 1921 hostis
513 1858 648 1919 adlatum
668 1862 731 1932 est,
752 1855 916 1919 occasione
933 1856 1090 1933 pugnandi
1105 1857 1205 1917 laetus

225 1942 381 2004 sinistrum
401 1941 470 2019 ipse
490 1957 587 2004 cornu
607 1941 638 2002 in
658 1942 751 2004 altum
772 1941 921 2015 extendit,
947 1941 1087 2002 dextrum
1107 1955 1204 2002 cornu
1290 2014 1291 2019 ἵ

223 2026 399 2102 praefectos
419 2023 543 2087 narium
565 2027 605 2087 ad
625 2033 736 2088 terram
757 2024 912 2101 explicare
931 2025 1032 2100 iubet,
1053 2031 1084 2086 et
1103 2039 1204 2099 aequa

225 2110 324 2172 bonta
337 2110 379 2171 ad
397 2125 532 2187 pugnam
551 2109 750 2186 procedebat.
781 2110 866 2185 quod
879 2108 933 2170 ubi
946 2108 1023 2169 vidit
1034 2110 1204 2181 Romanus,

225 2194 293 2256 vela
304 2193 455 2256 contrahit
465 2195 626 2270 malosque
636 2194 768 2269 inclinat,
783 2200 814 2254 ot
825 2192 913 2255 simul
924 2198 1110 2254 annamenta
1120 2208 1204 2254 com-

223 2294 345 2356 ponens
368 2277 527 2355 opperitm
545 2276 737 2354 insequentis
757 2274 855 2338 navis.
887 2276 948 2338 iam
968 2277 1065 2339 ferme
1080 2275 1205 2352 triginta
1289 2314 1290 2349 3

224 2363 255 2423 in
269 2364 370 2424 bonta
384 2367 485 2433 erant,
509 2358 622 2437 quibus
637 2367 673 2421 ut
686 2366 833 2438 aequaret
845 2362 967 2422 laevum
981 2377 1094 2437 eomu,
1115 2359 1199 2422 dolo·

223 2446 314 2506 nibus
329 2445 439 2505 erectis
454 2445 546 2504 altum
557 2450 663 2518 petere
672 2443 808 2517 intendit,
824 2443 919 2506 iussis
931 2445 985 2521 qui
995 2445 1205 2523 sequebantur

224 2529 376 2588 adversus
401 2526 543 2586 dexbum
562 2539 659 2586 comu
680 2542 779 2602 prope
798 2534 910 2589 terram
930 2545 1040 2605 proras
1059 2528 1204 2605 dirigere.

224 2611 377 2671 Eumenes
402 2623 511 2683 agmen
535 2608 674 2683 cogebat.
710 2617 844 2672 ceterum
867 2620 902 2674 ut
921 2613 1081 2674 demendis
1103 2629 1204 2674 orma·

223 2693 334 2754 mentis
352 2692 526 2754 tumultuari
545 2692 677 2768 primum
695 2702 837 2771 coeptum
856 2703 917 2772 est,
940 2696 1067 2772 etipse,
1088 2704 1205 2773 quanta

224 2776 355 2838 maxima
369 2774 522 2837 celeritate
536 2783 646 2853 potest,
663 2777 794 2840 concitat
807 2794 912 2841 naves.
940 2780 1000 2841 iam
1015 2778 1158 2843 omnibus
1172 2781 1203 2841 in

224 2866 394 2937 conspectu
413 2866 508 2921 erant
541 2862 622 2922 duae
634 2861 768 2924 Punicae
787 2878 883 2923 naves
903 2863 1127 2925 antecedebant
1140 2865 1202 2925 Ro

224 2960 345 3005 marram
359 2948 501 3020 classem,
517 2945 629 3019 quibus
644 2944 755 3007 obviae
768 2954 831 3007 tres
845 2947 967 3008 suemnt
980 2947 1084 3024 regiae
1094 2964 1202 3009 naves.

223 3035 255 3089 et
267 3029 344 3089 utin
358 3045 486 3090 numero
501 3027 623 3105 impari,
647 3030 729 3091 duae
741 3029 845 3106 regiae
859 3047 951 3092 unam
965 3031 1203 3107 circumsistunt,

223 3119 254 3172 et
278 3111 409 3188 primum
428 3113 468 3173 ab
487 3118 620 3189 utroque
642 3115 737 3175 latere
759 3128 861 3176 remos
887 3116 1062 3191 detergunt,
1088 3115 1204 3176 deindo

224 3197 443 3258 conscendunt
460 3195 580 3270 armati,
601 3203 632 3257 et
644 3195 772 3259 deiectis
787 3198 950 3274 caesisque
964 3198 1197 3275 propugnatori·

223 3279 283 3341 bus
302 3295 412 3341 navem
433 3279 565 3354 capiunt
596 3296 673 3354 una,
694 3297 774 3357 quae
794 3281 861 3358 pari
875 3281 973 3344 Marte
994 3288 1203 3356 concurrerat,

223 3370 389 3441 postquam
403 3369 524 3439 captam
538 3364 663 3425 alteram
677 3380 789 3426 navem
802 3365 885 3441 vidit,
901 3366 1081 3442 priusquam
1093 3366 1134 3427 ab
1148 3366 1203 3428 tri-

222 3447 282 3508 bus
302 3447 391 3508 simul
406 3445 689 3523 circumveniretur,
708 3455 792 3510 retro
807 3449 848 3509 ad
863 3450 994 3511 classem
1008 3449 1128 3523 refugit.
1152 3449 1199 3511 Li
