2600 4000
228 270 292 336 aaa
341 269 601 331 nunaxxxvi.
624 268 877 330 saansaan.
900 218 1094 340 [cosan]

229 422 395 495 cecidisse,
417 439 512 498 supra
527 420 663 498 quinque
678 420 760 480 milia
773 426 864 496 capta
878 435 947 481 cum
961 419 1058 495 signis
1072 419 1208 483 militari-

228 509 287 570 bus
309 507 449 567 ducentis
463 504 604 581 trigiam
630 506 835 566 Romanorum
850 509 971 564 centum
987 503 1210 580 quinquaginta

229 594 260 654 in
275 592 345 668 ipso
360 587 525 652 certamine
539 603 670 665 pugnae,
686 588 725 648 ab
738 587 864 650 incursu
878 588 1056 649 Aetolorum
1070 603 1106 647 se
1120 595 1208 649 tuen-

228 684 276 737 tes
291 692 352 736 non
367 677 437 750 plus
453 673 672 750 quinquaginta
686 672 834 733 interlecti
848 678 929 733 sunt.

312 759 376 820 XX.
405 757 538 818 Consule
551 765 614 832 'per
632 756 797 818 Phocidem
817 764 847 817 et
860 755 1019 817 Boeotiam
1039 754 1208 818 exercitum

230 845 361 906 ducente
389 842 533 903 consciae
560 838 742 902 deiectionis
768 839 906 901 civitates
932 855 1002 900 cnm
1026 839 1207 902 visamentis

141 956 144 960 ·
229 935 300 989 ante
313 932 419 1002 portas
434 926 554 986 stabant
566 931 658 1000 metu,
672 940 712 985 ne
725 922 876 984 hostiliter
890 923 1103 999 diriperentur.
1125 931 1208 985 cete-

227 1029 295 1072 rum
315 1025 372 1085 per
392 1024 499 1070 omnes
520 1010 587 1070 dies
608 1008 690 1069 baud
710 1024 802 1069 secus
818 1024 909 1084 quam
923 1013 1033 1082 pacato
1048 1022 1123 1083 agro
1139 1008 1209 1069 sine

227 1093 393 1155 vexatione
405 1092 496 1154 ullius
511 1092 555 1152 rei
569 1108 678 1168 agmen
690 1092 852 1168 processit,
867 1092 967 1152 donec
981 1090 1012 1150 in
1028 1106 1133 1166 agrum
1150 1092 1207 1153 Co·

227 1192 354 1238 roneum
375 1182 499 1237 ventum
522 1170 579 1236 est.
613 1175 655 1237 ibi
678 1180 779 1237 statua
798 1176 879 1250 regis
893 1175 1037 1236 Antiochi
1059 1175 1162 1250 posita
1177 1177 1208 1235 in

228 1261 340 1335 templo
357 1259 513 1319 Minervae
535 1259 651 1321 Itoniae
672 1255 748 1320 iram
770 1258 925 1329 accendit;
956 1255 1208 1334 permissumque

228 1341 311 1404 militi
323 1349 378 1416 est,
390 1349 423 1402 ut
435 1341 657 1404 circumiectum
669 1343 781 1419 templo
793 1358 898 1417 agmon
911 1342 1118 1418 popularetur.
1134 1342 1207 1403 dein
1298 1369 1299 1422 i

228 1423 369 1503 cogitatio
385 1424 517 1486 animum
532 1426 622 1500 subit,
638 1442 706 1487 cum
722 1426 873 1487 communi
885 1426 1009 1486 decreto
1020 1425 1207 1491 Boeotorum

228 1511 329 1588 posita
345 1516 430 1570 esset
449 1515 563 1583 statua,
586 1508 743 1585 indignum
758 1524 830 1570 esse
844 1508 874 1569 in
890 1525 983 1569 unum
999 1509 1207 1570 Coronensem

216 1611 333 1671 ugrum
348 1593 478 1656 saevire.
514 1600 658 1652 revocato
674 1595 826 1667 extemplo
842 1590 935 1654 milite
949 1591 1020 1654 linis
1037 1593 1207 1669 populandi

228 1681 344 1749 lactusa
367 1676 506 1752 castigati
519 1682 634 1737 tantum
648 1676 752 1752 verbis
762 1676 872 1737 Boeoti
882 1677 922 1737 ob
936 1675 1087 1752 ingratum
1098 1676 1129 1737 in
1140 1683 1206 1737 tan*

227 1764 266 1825 tis
282 1772 405 1839 tamque
418 1760 592 1822 recentibus
607 1758 765 1820 beneficiis
781 1760 914 1820 animum
928 1772 1001 1835 erga
1015 1761 1186 1821 Romanos.

309 1848 391 1906 lnter
404 1846 506 1921 ipsum
520 1859 642 1921 pugnae
655 1850 777 1918 tempus
793 1843 899 1905 decem
910 1859 1007 1905 naves
1019 1841 1125 1919 regiae
1136 1860 1206 1905 cum

226 1932 382 2009 praelecto
403 1927 522 1990 Isidoro
545 1929 584 1988 ad
597 1927 762 1989 Thronium
783 1927 813 1987 in
836 1927 907 1988 sinu
918 1927 1049 1987 Maliaco
1072 1927 1205 1988 stabant.

226 2029 263 2074 eo
279 2014 382 2088 gravis
396 2013 573 2075 vulneribus
588 2012 766 2072 Alexander
779 2013 937 2085 Acarnan,
956 2011 1080 2072 nuntius
1095 2012 1200 2073 adver·
1236 2060 1240 2067 ,

226 2112 281 2158 sae
292 2111 422 2173 pugnae,
439 2112 507 2157 cum
519 2096 713 2173 perfugisset,
729 2095 868 2172 trepidae
878 2094 951 2156 inde
962 2094 1078 2156 recenti
1088 2103 1203 2157 terrore

225 2196 321 2242 naves
337 2181 487 2241 Cenaeum
500 2181 646 2243 Euboeae
660 2180 820 2255 petierunt.
841 2178 883 2240 ibi
896 2185 1034 2240 mortuus
1049 2180 1203 2254 sepultus-

227 2282 287 2343 que
298 2266 481 2326 Alexander.
502 2271 574 2340 tres,
591 2279 671 2340 quac
685 2280 724 2324 ex
735 2263 811 2324 Asia
823 2264 979 2338 protectae
990 2262 1122 2323 eundem
1133 2280 1206 2339 por-

225 2359 288 2412 tum
303 2356 473 2421 tenuerunt,
489 2364 584 2409 naves
600 2348 703 2409 audita
717 2346 869 2408 exercitus
885 2348 972 2407 clade
985 2346 1143 2423 Ephesum
1158 2364 1206 2409 re-

226 2435 356 2494 dierunt.
390 2432 530 2492 Isidorus
552 2431 590 2490 ab
615 2431 735 2490 Cenaeo
749 2431 987 2505 Demetriadem,
1014 2429 1041 2491 si
1064 2431 1144 2491 torte
1168 2446 1206 2492 eo

225 2516 357 2576 deterret
370 2516 442 2589 luga
455 2529 574 2587 regem,
589 2512 715 2572 traiecit.
743 2529 800 2587 per
814 2515 941 2576 eosdem
957 2515 1024 2575 dies
1039 2515 1076 2574 A.
1091 2514 1206 2575 Atilius
1298 2512 1299 2587 i

143 2596 146 2603 '
225 2598 398 2672 praelectus
417 2597 573 2655 Romanae
596 2594 706 2655 classis
729 2612 858 2671 magnos
878 2599 982 2674 regios
1003 2605 1205 2674 commeatus,

146 2696 148 2699 ·
223 2678 283 2740 iarn
299 2681 422 2752 fretum,
440 2679 524 2752 quod
538 2678 578 2738 ad
591 2678 730 2740 Andrum
744 2679 876 2743 insulam
890 2689 947 2757 est,
962 2688 1205 2756 praetervectos,

224 2762 360 2837 excepta
383 2762 458 2823 alias
480 2759 596 2837 mersit,
618 2763 695 2825 alias
710 2764 792 2840 cepit
805 2781 911 2827 naves.
946 2781 1027 2841 quae
1041 2764 1206 2827 notissimi

223 2846 356 2921 agminis
367 2853 460 2921 emnt,
477 2863 601 2910 cursum
615 2848 645 2907 in
660 2846 766 2909 Asiam
781 2856 945 2929 verterunt.
977 2849 1087 2910 Atilius
1101 2848 1205 2910 Pirae·

178 2930 182 2935 ’
223 2947 300 3004 eum,
316 2932 400 2992 unde
410 2932 567 3007 protectus
578 2938 651 3006 erat,
668 2949 737 2994 cnm
750 2932 869 3008 agmine
881 2933 1068 3009 captivarum
1078 2933 1206 2994 navium

222 3021 365 3076 revectus
386 3031 527 3090 magnam
547 3013 608 3077 vim
628 3016 770 3077 frumenti
790 3023 820 3076 et
834 3016 1074 3078 Atheniensibus
1090 3023 1122 3076 et
1134 3017 1205 3078 aliis

223 3097 361 3158 eiusdem
377 3100 511 3174 regionis
529 3099 624 3160 sociis
640 3100 751 3160 divisit.

305 3181 382 3241 XXI.
414 3183 584 3243 Antiochus
607 3184 664 3243 sub
686 3185 853 3245 adventum·
873 3185 1011 3249 consulis
1025 3201 1044 3244 a
1058 3184 1204 3246 Chalcide

222 3265 380 3339 protectus
393 3266 508 3327 Tenum
523 3263 621 3341 primo
637 3267 746 3340 tenuit,
768 3267 838 3328 inde
851 3266 1008 3345 Ephesum
1023 3268 1204 3330 transmisit.
1298 3268 1299 3283 ¹

223 3346 343 3408 consuli
359 3347 532 3408 Chalcidem
545 3349 680 3411 venienti
694 3359 801 3426 portae
816 3357 987 3428 patuerunt,
1003 3368 1073 3417 cunr
1088 3369 1204 3429 appro-

223 3428 391 3507 pinquante
402 3448 438 3493 eo
446 3430 628 3494 Aristoteles
639 3435 812 3509 praelectus
823 3434 905 3510 regis
913 3436 990 3497 urbe
1000 3436 1203 3503 excessisset.

222 3520 252 3573 et
267 3520 387 3576 ceterae
406 3515 499 3577 urbes
516 3515 545 3575 in
560 3516 687 3577 Euboea
701 3517 768 3578 sine
782 3518 944 3578 certamine
958 3518 1102 3590 traditaea
1127 3530 1203 3596 post
