2600 4000
275 279 391 340 LlBER
400 279 534 339 xxxiv.
556 278 639 339 CAP.
650 287 695 339 ιι.
707 287 751 339 aa.
775 284 811 352 [a.
824 284 857 337 c.
872 285 932 352 res]
1031 279 1094 345 145

111 436 154 496 lta
165 449 218 494 res
235 431 382 493 Graeciae
398 431 598 506 constituatis,
616 441 650 491 ut
664 432 702 491 ab
717 432 876 492 latrocinio
893 450 1019 511 qnoque
1034 440 1094 499 Ae-

110 519 250 580 tolorum
258 515 334 576 satis
349 521 459 590 pacata
472 514 550 574 haec
563 515 776 590 relinquatis.⁴‘
795 515 963 592 Romanus,
976 523 1094 583 cunctis

111 600 248 676 undique
262 598 490 672 increpantibus
504 598 645 672 Aetolos,
659 614 883 674 responsurum
897 601 1043 663 seruisse
1058 605 1095 665 iis

112 683 205 758 dixit,
224 681 285 742 nisi
304 681 346 742 ita
365 681 505 743 infensos
527 682 626 742 omnis
647 681 679 741 in
693 698 748 742 eos
764 682 896 758 videret,
919 690 952 744 ut
966 686 1096 749 sedandi

112 766 218 844 potius
233 781 324 842 quam
339 765 476 825 irritandi
492 772 606 826 essent.
643 772 817 827 contentum
831 765 935 842 itaquc
950 769 1095 844 opinione

111 867 165 924 ea,
188 865 268 925 quae
288 849 328 908 de
341 846 488 910 Romanis
502 848 684 926 Aetolisque
704 857 803 924 esset,
823 851 939 911 referre
960 869 995 913 se
1010 853 1094 927 dixit,

112 933 189 1010 quid
212 934 252 993 de
274 931 401 992 Nabidis
425 933 507 994 bello
533 935 682 1008 placeret,
709 933 767 993 nisi
791 935 935 995 redderet
959 936 1095 1000 Achaeis

110 1020 225 1094 Argos.
248 1031 317 1077 cum
329 1030 436 1078 omnes
453 1017 566 1077 bellum
581 1016 769 1090 decressent,
786 1018 901 1077 auxilia
910 1025 945 1080 ut
954 1035 1012 1096 pro
1024 1020 1095 1081 virt-ff

110 1103 170 1163 bus
186 1100 251 1162 suis
267 1115 410 1177 quaeque
425 1100 563 1161 civitates
577 1101 730 1161 mitterent
743 1105 792 1161 est
805 1100 953 1164 hortatus.
979 1103 1020 1164 ad
1033 1106 1092 1165 Ae-

111 1186 193 1247 tolos
213 1187 347 1260 legatum
369 1184 459 1246 etiam
478 1182 574 1256 misit,
596 1184 695 1259 magis
713 1191 747 1246 ut
761 1182 893 1246 nudaret
906 1185 1041 1262 animos,
1063 1188 1095 1250 id

113 1270 198 1345 quod
219 1268 338 1342 evenit,
360 1284 451 1344 quam
472 1282 530 1343 spe
549 1267 703 1343 impetrari
717 1282 823 1344 posse.
850 1267 944 1331 XXV.
964 1271 1094 1333 tribunis

111 1353 253 1427 militum,
278 1358 313 1414 ut
333 1352 500 1414 exercitum
519 1351 559 1411 ab
578 1352 677 1413 Elatia
696 1361 903 1428 arcesserent,
923 1353 1093 1431 imperavit
1187 1388 1201 1413 0

114 1453 173 1513 per
187 1436 314 1498 eosdem
329 1435 396 1497 dies
414 1443 444 1498 et
457 1434 602 1497 Antiochi
616 1437 740 1512 legatis,
762 1436 802 1497 de
816 1438 964 1498 societate
978 1440 1092 1514 agenti·

112 1521 181 1595 bus,
191 1519 353 1594 respondit
360 1520 435 1581 nihil
445 1536 481 1581 se
494 1519 674 1581 absentibus
686 1520 793 1582 decem
804 1521 912 1596 legatis
924 1524 1094 1583 sententiae

112 1603 245 1664 haberer
266 1606 393 1666 Romam
410 1605 544 1667 eundum
559 1605 600 1665 ad
613 1609 754 1665 senatum
768 1604 806 1667 iis
822 1620 903 1664 esse.
942 1628 946 1635 ’

199 1688 270 1762 lpse
284 1689 391 1764 copias
406 1690 555 1750 adductas
571 1686 609 1748 ab
622 1689 721 1750 Elatia
735 1689 849 1765 ducere
860 1689 963 1762 Argos
978 1691 1092 1763 pergin

114 1778 206 1846 atque
220 1770 248 1832 ei
263 1773 345 1834 circa
359 1773 488 1836 Cleonas
499 1772 681 1834 Aristaenus
697 1777 904 1847 praetoremn
918 1770 1025 1831 decern
1038 1772 1091 1831 mi-

113 1855 192 1917 libus
204 1856 407 1928 Achaeorum,
422 1857 576 1931 equitibus
591 1856 673 1916 mille
688 1854 828 1933 occurrit,
844 1862 874 1915 et
887 1853 969 1915 haud
985 1858 1092 1935 procul

115 1939 185 2001 inde
200 1940 312 2004 iunctis
326 1943 510 2004 exercitibus
525 1949 697 2019 posuerunt
711 1948 821 2004 castra.
856 1951 982 2019 postero
997 1941 1048 2005 die
1062 1944 1092 2005 in

113 2040 254 2101 campum
264 2026 449 2099 Argivorum
460 2025 695 2101 descenderunt,
711 2033 895 2103 etquattuor
906 2029 1092 2089 lermemilia

113 2109 152 2169 ab
167 2109 260 2183 Argis
274 2109 377 2168 locum
392 2108 501 2167 castris
516 2108 650 2182 capiunt.
675 2112 849 2182 praelectus
865 2111 1021 2185 praesidio
1035 2112 1092 2171 La·

112 2207 226 2252 conum
240 2195 306 2250 arat
314 2188 514 2266 Pythagoras,
530 2204 625 2263 gener
638 2190 719 2249 idem
735 2192 856 2267 tyranni
867 2200 898 2252 et
907 2194 1014 2253 uxoris
1025 2193 1092 2254 eius

113 2277 222 2342 irater3
253 2271 305 2347 qui
323 2272 381 2332 sub
396 2272 560 2334 adventum
573 2273 782 2336 Romanorum
797 2280 828 2334 ct
840 2281 990 2349 utrasque
1003 2291 1092 2337 arces

110 2372 237 2416 —nam
252 2356 330 2416 duas
344 2356 458 2417 habent
470 2356 546 2433 Argi
555 2388 597 2400 -
608 2365 639 2419 et
652 2360 721 2419 locu
734 2357 802 2432 alia,
819 2375 899 2434 quae
913 2366 966 2420 aut
980 2374 1092 2434 opper-

111 2447 185 2500 tuna
207 2447 259 2501 aut
276 2447 423 2517 suspecta
443 2449 544 2517 erant,
561 2441 673 2503 validis
692 2441 855 2518 praesidiis
869 2443 1015 2506 firmavit=
1036 2441 1093 2527 sed

112 2523 191 2584 inter
204 2524 324 2600 agenda
334 2524 411 2586 haec
422 2540 571 2601 pavorem
581 2525 726 2588 iniectum
737 2527 872 2589 adventu
883 2528 1091 2588 Romanorum

112 2607 306 2669 dissimulare
319 2608 559 2687 haudquaquam
572 2616 708 2686 poterat;
731 2618 761 2672 et
775 2610 816 2670 ad
826 2618 984 2673 eumanum
997 2618 1092 2672 terro-

110 2706 177 2751 rem
190 2691 333 2753 intestiua
347 2692 438 2753 etiam
452 2694 562 2755 seditio
577 2695 719 2756 accessit.
746 2696 907 2757 Damocles
922 2702 989 2757 arat
1001 2695 1091 2771 Argi·

109 2790 180 2844 vus
201 2774 385 2837 adolescens
401 2776 524 2839 maioris
540 2778 631 2838 animi
646 2794 738 2854 quam
753 2778 891 2848 consilii;
915 2781 967 2855 qui
981 2780 1090 2856 primo,

110 2857 308 2919 iureiurando
321 2858 502 2935 interposito
518 2861 558 2920 de
574 2861 729 2935 praesidio
745 2863 929 2937 expellendo
942 2878 1011 2924 cum
1024 2862 1091 2924 ido·

109 2941 179 3001 neis
194 2942 372 3017 collocutus,
389 2943 462 3003 dnm
472 2944 555 3003 vires
569 2944 693 3005 adicere
707 2944 908 3008 coniurationi
919 2948 1030 3020 studet,
1046 2946 1091 3008 iu·

110 3025 230 3087 cautior
242 3025 316 3087 fidei
331 3026 506 3089 aestimator
518 3027 583 3091 tuit.
616 3029 841 3105 colloquentem
856 3044 926 3091 eum
942 3046 1010 3091 eum
1025 3029 1090 3091 suris

110 3110 236 3171 satelles
251 3126 270 3169 a
284 3112 440 3186 praelecto
455 3112 568 3173 missus
584 3128 654 3174 cum
668 3119 855 3188 arcesserat,
876 3114 973 3176 sensit
986 3114 1089 3190 prodi·

109 3199 174 3253 tum
194 3194 355 3256 eonsilium
375 3210 461 3272 esse,
482 3196 684 3275 hortatusque
699 3198 873 3260 coniuratos
888 3197 940 3275 qui
955 3198 1090 3271 aderaut,

109 3282 146 3336 ut
158 3276 260 3352 potius
281 3295 374 3355 quam
393 3281 503 3342 extorti
517 3289 706 3344 morerentur
719 3297 803 3343 arma
817 3296 922 3343 secum
937 3287 1091 3358 caperent.

110 3367 205 3435 atque
218 3362 261 3421 ita
275 3377 344 3423 cum
358 3363 468 3439 paucis
482 3365 512 3425 in
528 3366 627 3427 sorum
642 3366 742 3441 pergit
755 3367 799 3426 ira
810 3366 977 3440 clamitans,
992 3362 1090 3439 utqui

110 3446 229 3505 salvam
242 3461 306 3506 rem
320 3447 474 3522 publicum
487 3449 609 3523 vellent,
624 3454 781 3510 auctorem
793 3455 823 3509 et
832 3449 942 3510 ducem
954 3463 990 3508 se
999 3447 1089 3506 liber-

113 3529 182 3588 tatls
197 3536 409 3603 sequerentur.
431 3531 514 3593 haud
529 3546 605 3592 sane
614 3532 711 3593 movit
725 3548 918 3609 quemquam,
935 3531 1006 3604 quia
1016 3527 1089 3588 nihil

155 3628 183 3670 r.
197 3626 260 3670 trvr
274 3628 351 3672 ruas
365 3613 416 3674 lv.
850 3622 885 3673 10
