<?xml version="1.0" encoding="UTF-8"?>
<!DOCTYPE html PUBLIC "-//W3C//DTD XHTML 1.0 Transitional//EN"
    "http://www.w3.org/TR/xhtml1/DTD/xhtml1-transitional.dtd">
<html xmlns="http://www.w3.org/1999/xhtml" xml:lang="en" lang="en">
 <head>
  <title>
</title>
<meta http-equiv="Content-Type" content="text/html;charset=utf-8" />
  <meta name='ocr-system' content='tesseract 3.04.00' />
  <meta name='ocr-capabilities' content='ocr_page ocr_carea ocr_par ocr_line ocrx_word'/>
</head>
<body>
  <div class='ocr_page' id='page_1' title='image "./aburbeconditali00mlgoog_0320.png"; bbox 0 0 2600 4000; ppageno 0'>
   <div class='ocr_carea' id='block_1_1' title="bbox 222 275 1077 348">
    <p class='ocr_par' dir='ltr' id='par_1_1' title="bbox 222 275 1077 348">
     <span class='ocr_line' id='line_1_1' title="bbox 222 275 1077 348; baseline -0.007 -7"><span class='ocrx_word' id='word_1_1' title='bbox 222 276 284 341; x_wconf 74' lang='lat' dir='ltr'>ato</span> <span class='ocrx_word' id='word_1_2' title='bbox 356 275 472 337; x_wconf 77' lang='lat' dir='ltr'>LIBER</span> <span class='ocrx_word' id='word_1_3' title='bbox 486 275 633 335; x_wconf 71' lang='lat' dir='ltr'>xxxva.</span> <span class='ocrx_word' id='word_1_4' title='bbox 656 275 739 335; x_wconf 84' lang='lat' dir='ltr'>cAP.</span> <span class='ocrx_word' id='word_1_5' title='bbox 757 283 799 338; x_wconf 86' lang='lat' dir='ltr'>rr.</span> <span class='ocrx_word' id='word_1_6' title='bbox 814 282 856 337; x_wconf 84' lang='lat' dir='ltr'>re.</span> <span class='ocrx_word' id='word_1_7' title='bbox 878 281 915 348; x_wconf 72' lang='grc' dir='ltr'>[ι.</span> <span class='ocrx_word' id='word_1_8' title='bbox 928 280 1077 347; x_wconf 60' lang='grc' dir='ltr'>ηοω]</span> 
     </span>
    </p>
   </div>
   <div class='ocr_carea' id='block_1_2' title="bbox 106 424 1289 3621">
    <p class='ocr_par' dir='ltr' id='par_1_2' title="bbox 221 424 1289 1579">
     <span class='ocr_line' id='line_1_2' title="bbox 221 424 1198 504; baseline 0 -17"><span class='ocrx_word' id='word_1_9' title='bbox 221 432 336 504; x_wconf 76' lang='lat' dir='ltr'>gerent</span> <span class='ocrx_word' id='word_1_10' title='bbox 372 424 484 486; x_wconf 87' lang='lat' dir='ltr'>Rhodii</span> <span class='ocrx_word' id='word_1_11' title='bbox 502 424 576 485; x_wconf 89' lang='lat' dir='ltr'>moti</span> <span class='ocrx_word' id='word_1_12' title='bbox 596 424 757 500; x_wconf 87' lang='lat' dir='ltr'>precibus,</span> <span class='ocrx_word' id='word_1_13' title='bbox 785 424 921 485; x_wconf 80' lang='lat' dir='ltr'><strong>Eumene</strong></span> <span class='ocrx_word' id='word_1_14' title='bbox 940 426 1033 485; x_wconf 90' lang='lat' dir='ltr'>etiarn</span> <span class='ocrx_word' id='word_1_15' title='bbox 1051 440 1127 501; x_wconf 72' lang='lat' dir='ltr'>rege</span> <span class='ocrx_word' id='word_1_16' title='bbox 1147 426 1198 487; x_wconf 88' lang='lat' dir='ltr'>ad-</span> 
     </span>
     <span class='ocr_line' id='line_1_3' title="bbox 222 508 1198 587; baseline -0.002 -15"><span class='ocrx_word' id='word_1_17' title='bbox 222 516 353 587; x_wconf 86' lang='lat' dir='ltr'>sumpto,</span> <span class='ocrx_word' id='word_1_18' title='bbox 367 509 457 570; x_wconf 89' lang='lat' dir='ltr'>simul</span> <span class='ocrx_word' id='word_1_19' title='bbox 471 524 545 570; x_wconf 90' lang='lat' dir='ltr'>suas</span> <span class='ocrx_word' id='word_1_20' title='bbox 560 508 803 569; x_wconf 75' lang='lat' dir='ltr'>necessitudines</span> <span class='ocrx_word' id='word_1_21' title='bbox 817 509 1096 583; x_wconf 89' lang='lat' dir='ltr'>commemorando,</span> <span class='ocrx_word' id='word_1_22' title='bbox 1111 509 1198 570; x_wconf 88' lang='lat' dir='ltr'>simul</span> 
     </span>
     <span class='ocr_line' id='line_1_4' title="bbox 222 591 1289 668; baseline -0.005 -10"><span class='ocrx_word' id='word_1_23' title='bbox 222 598 373 658; x_wconf 80' lang='lat' dir='ltr'>obsessae</span> <span class='ocrx_word' id='word_1_24' title='bbox 392 594 479 668; x_wconf 76' lang='lat' dir='ltr'>regio</span> <span class='ocrx_word' id='word_1_25' title='bbox 499 591 657 668; x_wconf 88' lang='lat' dir='ltr'>praesidio</span> <span class='ocrx_word' id='word_1_26' title='bbox 676 591 762 653; x_wconf 88' lang='lat' dir='ltr'>urbis</span> <span class='ocrx_word' id='word_1_27' title='bbox 782 607 889 653; x_wconf 87' lang='lat' dir='ltr'>casum</span> <span class='ocrx_word' id='word_1_28' title='bbox 909 593 1085 653; x_wconf 87' lang='lat' dir='ltr'>miserando</span> <span class='ocrx_word' id='word_1_29' title='bbox 1100 593 1198 668; x_wconf 90' lang='lat' dir='ltr'>pervi-</span> <span class='ocrx_word' id='word_1_30' title='bbox 1288 639 1289 662; x_wconf 54' lang='lat'>2</span> 
     </span>
     <span class='ocr_line' id='line_1_5' title="bbox 222 667 1289 753; baseline -0.005 -12"><span class='ocrx_word' id='word_1_31' title='bbox 222 687 336 753; x_wconf 87' lang='lat' dir='ltr'>cerunt,</span> <span class='ocrx_word' id='word_1_32' title='bbox 350 685 384 740; x_wconf 92' lang='lat' dir='ltr'>nt</span> <span class='ocrx_word' id='word_1_33' title='bbox 398 676 627 753; x_wconf 71' lang='lat' dir='ltr'>oppugnatione</span> <span class='ocrx_word' id='word_1_34' title='bbox 642 675 856 738; x_wconf 74' lang='lat' dir='ltr'>abstineretur.</span> <span class='ocrx_word' id='word_1_35' title='bbox 877 677 1008 751; x_wconf 83' lang='lat' dir='ltr'>proiecti</span> <span class='ocrx_word' id='word_1_36' title='bbox 1021 676 1094 737; x_wconf 92' lang='lat' dir='ltr'>inde</span> <span class='ocrx_word' id='word_1_37' title='bbox 1108 692 1198 752; x_wconf 89' lang='lat' dir='ltr'>paca·</span> <span class='ocrx_word' id='word_1_38' title='bbox 1288 667 1289 704; x_wconf 65' lang='lat'>¹</span> 
     </span>
     <span class='ocr_line' id='line_1_6' title="bbox 221 759 1289 838; baseline -0.003 -13"><span class='ocrx_word' id='word_1_39' title='bbox 221 765 260 825; x_wconf 87' lang='lat' dir='ltr'>tis</span> <span class='ocrx_word' id='word_1_40' title='bbox 281 762 391 825; x_wconf 90' lang='lat' dir='ltr'>ceteris</span> <span class='ocrx_word' id='word_1_41' title='bbox 413 777 483 823; x_wconf 89' lang='lat' dir='ltr'>cum</span> <span class='ocrx_word' id='word_1_42' title='bbox 503 776 588 822; x_wconf 90' lang='lat' dir='ltr'>oram</span> <span class='ocrx_word' id='word_1_43' title='bbox 602 760 698 820; x_wconf 87' lang='lat' dir='ltr'>Asiae</span> <span class='ocrx_word' id='word_1_44' title='bbox 717 761 868 834; x_wconf 80' lang='lat' dir='ltr'>legerent,</span> <span class='ocrx_word' id='word_1_45' title='bbox 887 759 1023 838; x_wconf 80' lang='lat' dir='ltr'>Loryma</span> <span class='ocrx_word' id='word_1_46' title='bbox 1034 792 1079 804; x_wconf 94' lang='lat'>—</span> <span class='ocrx_word' id='word_1_47' title='bbox 1092 767 1199 837; x_wconf 74' lang='lat' dir='ltr'>paraus</span> <span class='ocrx_word' id='word_1_48' title='bbox 1288 763 1289 770; x_wconf 78' lang='grc'>’</span> 
     </span>
     <span class='ocr_line' id='line_1_7' title="bbox 222 843 1200 920; baseline -0.003 -12"><span class='ocrx_word' id='word_1_49' title='bbox 222 849 372 910; x_wconf 89' lang='lat' dir='ltr'>adversus</span> <span class='ocrx_word' id='word_1_50' title='bbox 392 845 533 906; x_wconf 85' lang='lat' dir='ltr'>Rhodum</span> <span class='ocrx_word' id='word_1_51' title='bbox 557 851 663 906; x_wconf 85' lang='lat' dir='ltr'>est—</span> <span class='ocrx_word' id='word_1_52' title='bbox 675 849 889 919; x_wconf 82' lang='lat' dir='ltr'>pervenerunt</span> <span class='ocrx_word' id='word_1_53' title='bbox 925 844 967 903; x_wconf 94' lang='lat' dir='ltr'>ibi</span> <span class='ocrx_word' id='word_1_54' title='bbox 985 843 1016 903; x_wconf 92' lang='lat' dir='ltr'>in</span> <span class='ocrx_word' id='word_1_55' title='bbox 1042 844 1200 920; x_wconf 87' lang='lat' dir='ltr'>principiis</span> 
     </span>
     <span class='ocr_line' id='line_1_8' title="bbox 221 927 1200 1006; baseline -0.006 -12"><span class='ocrx_word' id='word_1_56' title='bbox 221 948 324 994; x_wconf 88' lang='lat' dir='ltr'>sermo</span> <span class='ocrx_word' id='word_1_57' title='bbox 335 930 433 1006; x_wconf 89' lang='lat' dir='ltr'>primo</span> <span class='ocrx_word' id='word_1_58' title='bbox 444 928 523 990; x_wconf 84' lang='lat' dir='ltr'>inter</span> <span class='ocrx_word' id='word_1_59' title='bbox 532 928 671 990; x_wconf 88' lang='lat' dir='ltr'>tribunos</span> <span class='ocrx_word' id='word_1_60' title='bbox 681 927 808 988; x_wconf 90' lang='lat' dir='ltr'>rnilitum</span> <span class='ocrx_word' id='word_1_61' title='bbox 818 935 957 990; x_wconf 84' lang='lat' dir='ltr'>secretus</span> <span class='ocrx_word' id='word_1_62' title='bbox 969 928 1073 1002; x_wconf 76' lang='lat' dir='ltr'>oritur,</span> <span class='ocrx_word' id='word_1_63' title='bbox 1089 928 1200 988; x_wconf 90' lang='lat' dir='ltr'>deinde</span> 
     </span>
     <span class='ocr_line' id='line_1_9' title="bbox 222 1011 1289 1088; baseline -0.001 -11"><span class='ocrx_word' id='word_1_64' title='bbox 222 1016 262 1077; x_wconf 87' lang='lat' dir='ltr'>ad</span> <span class='ocrx_word' id='word_1_65' title='bbox 275 1030 368 1077; x_wconf 88' lang='lat' dir='ltr'>aures</span> <span class='ocrx_word' id='word_1_66' title='bbox 379 1014 478 1087; x_wconf 91' lang='lat' dir='ltr'>ipsius</span> <span class='ocrx_word' id='word_1_67' title='bbox 488 1012 609 1072; x_wconf 89' lang='lat' dir='ltr'>Aemilii</span> <span class='ocrx_word' id='word_1_68' title='bbox 619 1012 768 1087; x_wconf 88' lang='lat' dir='ltr'>pervenit,</span> <span class='ocrx_word' id='word_1_69' title='bbox 783 1012 894 1073; x_wconf 69' lang='lat' dir='ltr'>abdam</span> <span class='ocrx_word' id='word_1_70' title='bbox 905 1011 1090 1074; x_wconf 86' lang='lat' dir='ltr'>classemab</span> <span class='ocrx_word' id='word_1_71' title='bbox 1099 1011 1199 1088; x_wconf 81' lang='lat' dir='ltr'>Ephe</span> <span class='ocrx_word' id='word_1_72' title='bbox 1288 1073 1289 1076; x_wconf 74' lang='grc'>,</span> 
     </span>
     <span class='ocr_line' id='line_1_10' title="bbox 223 1095 1289 1173; baseline -0.003 -13"><span class='ocrx_word' id='word_1_73' title='bbox 223 1115 275 1173; x_wconf 88' lang='lat' dir='ltr'>so,</span> <span class='ocrx_word' id='word_1_74' title='bbox 297 1098 336 1158; x_wconf 88' lang='lat' dir='ltr'>ab</span> <span class='ocrx_word' id='word_1_75' title='bbox 357 1113 416 1158; x_wconf 90' lang='lat' dir='ltr'>sao</span> <span class='ocrx_word' id='word_1_76' title='bbox 435 1096 532 1170; x_wconf 91' lang='lat' dir='ltr'>bello,</span> <span class='ocrx_word' id='word_1_77' title='bbox 553 1104 588 1157; x_wconf 86' lang='lat' dir='ltr'>ut</span> <span class='ocrx_word' id='word_1_78' title='bbox 601 1095 640 1156; x_wconf 89' lang='lat' dir='ltr'>ab</span> <span class='ocrx_word' id='word_1_79' title='bbox 661 1103 747 1170; x_wconf 80' lang='lat' dir='ltr'>tergo</span> <span class='ocrx_word' id='word_1_80' title='bbox 767 1096 845 1156; x_wconf 86' lang='lat' dir='ltr'>liber</span> <span class='ocrx_word' id='word_1_81' title='bbox 857 1095 982 1158; x_wconf 87' lang='lat' dir='ltr'>relictus</span> <span class='ocrx_word' id='word_1_82' title='bbox 997 1095 1098 1157; x_wconf 88' lang='lat' dir='ltr'>hostis</span> <span class='ocrx_word' id='word_1_83' title='bbox 1112 1096 1144 1156; x_wconf 93' lang='lat' dir='ltr'>in</span> <span class='ocrx_word' id='word_1_84' title='bbox 1158 1103 1202 1157; x_wconf 89' lang='lat' dir='ltr'>tot</span> <span class='ocrx_word' id='word_1_85' title='bbox 1288 1095 1289 1108; x_wconf 58' lang='lat'>,</span> 
     </span>
     <span class='ocr_line' id='line_1_11' title="bbox 223 1179 1289 1259; baseline -0.003 -16"><span class='ocrx_word' id='word_1_86' title='bbox 223 1181 412 1259; x_wconf 89' lang='lat' dir='ltr'>propinquas</span> <span class='ocrx_word' id='word_1_87' title='bbox 433 1181 588 1242; x_wconf 87' lang='lat' dir='ltr'>sociorum</span> <span class='ocrx_word' id='word_1_88' title='bbox 601 1179 704 1240; x_wconf 82' lang='lat' dir='ltr'>urbes·</span> <span class='ocrx_word' id='word_1_89' title='bbox 710 1179 812 1240; x_wconf 90' lang='lat' dir='ltr'>omnia</span> <span class='ocrx_word' id='word_1_90' title='bbox 825 1179 950 1255; x_wconf 90' lang='lat' dir='ltr'>impune</span> <span class='ocrx_word' id='word_1_91' title='bbox 963 1179 1069 1241; x_wconf 88' lang='lat' dir='ltr'>conari</span> <span class='ocrx_word' id='word_1_92' title='bbox 1083 1186 1201 1256; x_wconf 88' lang='lat' dir='ltr'>posset</span> <span class='ocrx_word' id='word_1_93' title='bbox 1288 1209 1289 1222; x_wconf 38' lang='grc' dir='ltr'>ι</span> 
     </span>
     <span class='ocr_line' id='line_1_12' title="bbox 222 1262 1289 1339; baseline -0.002 -12"><span class='ocrx_word' id='word_1_94' title='bbox 222 1280 347 1328; x_wconf 86' lang='lat' dir='ltr'>movere</span> <span class='ocrx_word' id='word_1_95' title='bbox 367 1280 405 1325; x_wconf 92' lang='lat' dir='ltr'>ea</span> <span class='ocrx_word' id='word_1_96' title='bbox 418 1264 597 1334; x_wconf 68' lang='lat' dir='ltr'>Aemilium</span> <span class='ocrx_word' id='word_1_97' title='bbox 618 1270 811 1339; x_wconf 87' lang='lat' dir='ltr'>vocatosque</span> <span class='ocrx_word' id='word_1_98' title='bbox 823 1262 964 1326; x_wconf 86' lang='lat' dir='ltr'>Rhodios</span> <span class='ocrx_word' id='word_1_99' title='bbox 978 1275 1055 1323; x_wconf 67' lang='lat' dir='ltr'>*curn</span> <span class='ocrx_word' id='word_1_100' title='bbox 1066 1279 1199 1339; x_wconf 88' lang='lat' dir='ltr'>pereun-</span> <span class='ocrx_word' id='word_1_101' title='bbox 1288 1325 1289 1330; x_wconf 70' lang='grc'>,</span> 
     </span>
     <span class='ocr_line' id='line_1_13' title="bbox 223 1346 1202 1425; baseline -0.002 -14"><span class='ocrx_word' id='word_1_102' title='bbox 223 1357 320 1411; x_wconf 87' lang='lat' dir='ltr'>ctatus</span> <span class='ocrx_word' id='word_1_103' title='bbox 342 1355 443 1423; x_wconf 89' lang='lat' dir='ltr'>esset,</span> <span class='ocrx_word' id='word_1_104' title='bbox 464 1354 635 1408; x_wconf 81' lang='lat' dir='ltr'>uuumnam</span> <span class='ocrx_word' id='word_1_105' title='bbox 647 1346 764 1408; x_wconf 85' lang='lat' dir='ltr'>Pataris</span> <span class='ocrx_word' id='word_1_106' title='bbox 779 1347 925 1409; x_wconf 60' lang='lat' dir='ltr'>univesa</span> <span class='ocrx_word' id='word_1_107' title='bbox 939 1347 1050 1408; x_wconf 87' lang='lat' dir='ltr'>classis</span> <span class='ocrx_word' id='word_1_108' title='bbox 1064 1348 1096 1409; x_wconf 93' lang='lat' dir='ltr'>in</span> <span class='ocrx_word' id='word_1_109' title='bbox 1110 1356 1202 1425; x_wconf 91' lang='lat' dir='ltr'>portu</span> 
     </span>
     <span class='ocr_line' id='line_1_14' title="bbox 223 1431 1202 1508; baseline 0 -14"><span class='ocrx_word' id='word_1_110' title='bbox 223 1441 304 1494; x_wconf 91' lang='lat' dir='ltr'>stare</span> <span class='ocrx_word' id='word_1_111' title='bbox 314 1439 432 1508; x_wconf 88' lang='lat' dir='ltr'>posset,</span> <span class='ocrx_word' id='word_1_112' title='bbox 440 1431 758 1508; x_wconf 20' lang='lat' dir='ltr'>eum-respondissent</span> <span class='ocrx_word' id='word_1_113' title='bbox 768 1448 831 1493; x_wconf 93' lang='lat' dir='ltr'>non</span> <span class='ocrx_word' id='word_1_114' title='bbox 842 1446 1082 1507; x_wconf 70' lang='lat' dir='ltr'>posseeausam</span> <span class='ocrx_word' id='word_1_115' title='bbox 1093 1440 1202 1494; x_wconf 89' lang='lat' dir='ltr'>nactus</span> 
     </span>
     <span class='ocr_line' id='line_1_15' title="bbox 223 1513 860 1579; baseline -0.009 0"><span class='ocrx_word' id='word_1_116' title='bbox 223 1516 406 1579; x_wconf 89' lang='lat' dir='ltr'>omittendae</span> <span class='ocrx_word' id='word_1_117' title='bbox 419 1515 464 1575; x_wconf 94' lang='lat' dir='ltr'>rei</span> <span class='ocrx_word' id='word_1_118' title='bbox 479 1513 603 1575; x_wconf 80' lang='lat' dir='ltr'>Samum</span> <span class='ocrx_word' id='word_1_119' title='bbox 617 1515 740 1576; x_wconf 84' lang='lat' dir='ltr'>reduxit</span> <span class='ocrx_word' id='word_1_120' title='bbox 754 1531 860 1577; x_wconf 88' lang='lat' dir='ltr'>naves.</span> 
     </span>
    </p>

    <p class='ocr_par' dir='ltr' id='par_1_3' title="bbox 305 1597 1201 1674">
     <span class='ocr_line' id='line_1_16' title="bbox 305 1597 1201 1674; baseline 0.001 -13"><span class='ocrx_word' id='word_1_121' title='bbox 305 1600 411 1661; x_wconf 86' lang='lat' dir='ltr'>xvlll.</span> <span class='ocrx_word' id='word_1_122' title='bbox 443 1598 502 1660; x_wconf 90' lang='lat' dir='ltr'>Per</span> <span class='ocrx_word' id='word_1_123' title='bbox 526 1599 607 1659; x_wconf 89' lang='lat' dir='ltr'>idem</span> <span class='ocrx_word' id='word_1_124' title='bbox 631 1606 754 1674; x_wconf 91' lang='lat' dir='ltr'>tempus</span> <span class='ocrx_word' id='word_1_125' title='bbox 774 1597 925 1662; x_wconf 84' lang='lat' dir='ltr'>Seleucus</span> <span class='ocrx_word' id='word_1_126' title='bbox 943 1599 1088 1663; x_wconf 87' lang='lat' dir='ltr'>Antiochi</span> <span class='ocrx_word' id='word_1_127' title='bbox 1110 1601 1201 1674; x_wconf 86' lang='lat' dir='ltr'>fliius,</span> 
     </span>
    </p>

    <p class='ocr_par' dir='ltr' id='par_1_4' title="bbox 171 1683 1289 3191">
     <span class='ocr_line' id='line_1_17' title="bbox 171 1683 1203 1761; baseline -0.004 -13"><span class='ocrx_word' id='word_1_128' title='bbox 171 1706 174 1710; x_wconf 65' lang='grc'>’</span> <span class='ocrx_word' id='word_1_129' title='bbox 223 1702 292 1748; x_wconf 88' lang='lat' dir='ltr'>cum</span> <span class='ocrx_word' id='word_1_130' title='bbox 314 1700 369 1761; x_wconf 89' lang='lat' dir='ltr'>per</span> <span class='ocrx_word' id='word_1_131' title='bbox 388 1699 478 1745; x_wconf 89' lang='lat' dir='ltr'>omne</span> <span class='ocrx_word' id='word_1_132' title='bbox 491 1683 689 1744; x_wconf 89' lang='lat' dir='ltr'>hibernorum</span> <span class='ocrx_word' id='word_1_133' title='bbox 708 1689 831 1759; x_wconf 86' lang='lat' dir='ltr'>tempas</span> <span class='ocrx_word' id='word_1_134' title='bbox 846 1685 1013 1745; x_wconf 83' lang='lat' dir='ltr'>exercitum</span> <span class='ocrx_word' id='word_1_135' title='bbox 1026 1686 1058 1746; x_wconf 90' lang='lat' dir='ltr'>in</span> <span class='ocrx_word' id='word_1_136' title='bbox 1072 1685 1203 1745; x_wconf 83' lang='lat' dir='ltr'>Aeolide</span> 
     </span>
     <span class='ocr_line' id='line_1_18' title="bbox 223 1766 1204 1844; baseline -0.004 -12"><span class='ocrx_word' id='word_1_137' title='bbox 223 1769 425 1832; x_wconf 81' lang='lat' dir='ltr'>continuisset</span> <span class='ocrx_word' id='word_1_138' title='bbox 439 1768 549 1844; x_wconf 85' lang='lat' dir='ltr'>partim</span> <span class='ocrx_word' id='word_1_139' title='bbox 563 1766 658 1829; x_wconf 76' lang='lat' dir='ltr'>soeiIs</span> <span class='ocrx_word' id='word_1_140' title='bbox 673 1767 799 1829; x_wconf 90' lang='lat' dir='ltr'>lerendo</span> <span class='ocrx_word' id='word_1_141' title='bbox 816 1783 922 1844; x_wconf 91' lang='lat' dir='ltr'>opem,</span> <span class='ocrx_word' id='word_1_142' title='bbox 936 1769 1061 1844; x_wconf 89' lang='lat' dir='ltr'>partim,</span> <span class='ocrx_word' id='word_1_143' title='bbox 1077 1783 1159 1843; x_wconf 90' lang='lat' dir='ltr'>quos</span> <span class='ocrx_word' id='word_1_144' title='bbox 1174 1768 1204 1828; x_wconf 91' lang='lat' dir='ltr'>in</span> 
     </span>
     <span class='ocr_line' id='line_1_19' title="bbox 223 1851 1204 1929; baseline -0.003 -14"><span class='ocrx_word' id='word_1_145' title='bbox 223 1855 400 1915; x_wconf 85' lang='lat' dir='ltr'>societatem</span> <span class='ocrx_word' id='word_1_146' title='bbox 415 1853 564 1928; x_wconf 88' lang='lat' dir='ltr'>perlicere</span> <span class='ocrx_word' id='word_1_147' title='bbox 578 1867 640 1912; x_wconf 92' lang='lat' dir='ltr'>non</span> <span class='ocrx_word' id='word_1_148' title='bbox 656 1858 791 1928; x_wconf 88' lang='lat' dir='ltr'>poterat,</span> <span class='ocrx_word' id='word_1_149' title='bbox 813 1851 1056 1929; x_wconf 83' lang='lat' dir='ltr'>depopulandis,</span> <span class='ocrx_word' id='word_1_150' title='bbox 1071 1852 1204 1913; x_wconf 88' lang='lat' dir='ltr'>transire</span> 
     </span>
     <span class='ocr_line' id='line_1_20' title="bbox 224 1935 1204 2013; baseline -0.001 -16"><span class='ocrx_word' id='word_1_151' title='bbox 224 1939 253 1997; x_wconf 92' lang='lat' dir='ltr'>in</span> <span class='ocrx_word' id='word_1_152' title='bbox 268 1938 346 1997; x_wconf 85' lang='lat' dir='ltr'>lines</span> <span class='ocrx_word' id='word_1_153' title='bbox 366 1936 452 2012; x_wconf 69' lang='lat' dir='ltr'>regni</span> <span class='ocrx_word' id='word_1_154' title='bbox 464 1936 624 2013; x_wconf 89' lang='lat' dir='ltr'>Eumenis,</span> <span class='ocrx_word' id='word_1_155' title='bbox 647 1937 719 1996; x_wconf 90' lang='lat' dir='ltr'>dum</span> <span class='ocrx_word' id='word_1_156' title='bbox 733 1935 761 1996; x_wconf 90' lang='lat' dir='ltr'>ls</span> <span class='ocrx_word' id='word_1_157' title='bbox 775 1937 936 2012; x_wconf 85' lang='lat' dir='ltr'>proculab</span> <span class='ocrx_word' id='word_1_158' title='bbox 951 1937 1044 1998; x_wconf 90' lang='lat' dir='ltr'>domo</span> <span class='ocrx_word' id='word_1_159' title='bbox 1058 1951 1129 1997; x_wconf 88' lang='lat' dir='ltr'>carn</span> <span class='ocrx_word' id='word_1_160' title='bbox 1142 1937 1204 1997; x_wconf 88' lang='lat' dir='ltr'>Ro·</span> 
     </span>
     <span class='ocr_line' id='line_1_21' title="bbox 223 2020 1289 2100; baseline 0 -19"><span class='ocrx_word' id='word_1_161' title='bbox 223 2021 321 2082; x_wconf 90' lang='lat' dir='ltr'>manis</span> <span class='ocrx_word' id='word_1_162' title='bbox 335 2027 367 2082; x_wconf 87' lang='lat' dir='ltr'>et</span> <span class='ocrx_word' id='word_1_163' title='bbox 379 2020 508 2082; x_wconf 89' lang='lat' dir='ltr'>Rhodiis</span> <span class='ocrx_word' id='word_1_164' title='bbox 519 2021 633 2100; x_wconf 79' lang='lat' dir='ltr'>Lyciae</span> <span class='ocrx_word' id='word_1_165' title='bbox 647 2021 796 2083; x_wconf 86' lang='lat' dir='ltr'>maritima</span> <span class='ocrx_word' id='word_1_166' title='bbox 811 2030 1012 2098; x_wconf 76' lang='lat' dir='ltr'>oppugnaret,</span> <span class='ocrx_word' id='word_1_167' title='bbox 1028 2021 1143 2082; x_wconf 81' lang='lat' dir='ltr'>statuit</span> <span class='ocrx_word' id='word_1_168' title='bbox 1167 2021 1205 2081; x_wconf 88' lang='lat' dir='ltr'>ad</span> <span class='ocrx_word' id='word_1_169' title='bbox 1288 2042 1289 2095; x_wconf 66' lang='lat' dir='ltr'>q</span> 
     </span>
     <span class='ocr_line' id='line_1_22' title="bbox 224 2102 1289 2181; baseline 0.001 -16"><span class='ocrx_word' id='word_1_170' title='bbox 224 2105 347 2165; x_wconf 82' lang='lat' dir='ltr'>Elaeam</span> <span class='ocrx_word' id='word_1_171' title='bbox 361 2105 460 2181; x_wconf 88' lang='lat' dir='ltr'>primo</span> <span class='ocrx_word' id='word_1_172' title='bbox 477 2104 596 2165; x_wconf 77' lang='lat' dir='ltr'>infestis</span> <span class='ocrx_word' id='word_1_173' title='bbox 612 2103 709 2179; x_wconf 82' lang='lat' dir='ltr'>signis</span> <span class='ocrx_word' id='word_1_174' title='bbox 723 2105 871 2175; x_wconf 87' lang='lat' dir='ltr'>accessit;</span> <span class='ocrx_word' id='word_1_175' title='bbox 894 2105 1007 2167; x_wconf 90' lang='lat' dir='ltr'>deinde</span> <span class='ocrx_word' id='word_1_176' title='bbox 1021 2105 1139 2167; x_wconf 90' lang='lat' dir='ltr'>omissa</span> <span class='ocrx_word' id='word_1_177' title='bbox 1150 2121 1206 2179; x_wconf 93' lang='lat' dir='ltr'>op·</span> <span class='ocrx_word' id='word_1_178' title='bbox 1288 2102 1289 2127; x_wconf 81' lang='lat'>³</span> 
     </span>
     <span class='ocr_line' id='line_1_23' title="bbox 225 2188 1209 2265; baseline 0 -16"><span class='ocrx_word' id='word_1_179' title='bbox 225 2189 409 2265; x_wconf 82' lang='lat' dir='ltr'>pugnatione</span> <span class='ocrx_word' id='word_1_180' title='bbox 432 2189 518 2251; x_wconf 87' lang='lat' dir='ltr'>urbis</span> <span class='ocrx_word' id='word_1_181' title='bbox 540 2203 633 2263; x_wconf 79' lang='lat' dir='ltr'>agros</span> <span class='ocrx_word' id='word_1_182' title='bbox 653 2188 803 2250; x_wconf 90' lang='lat' dir='ltr'>hostiliter</span> <span class='ocrx_word' id='word_1_183' title='bbox 823 2189 1030 2265; x_wconf 87' lang='lat' dir='ltr'>depopulatus</span> <span class='ocrx_word' id='word_1_184' title='bbox 1049 2189 1090 2249; x_wconf 93' lang='lat' dir='ltr'>ad</span> <span class='ocrx_word' id='word_1_185' title='bbox 1112 2194 1209 2265; x_wconf 88' lang='lat' dir='ltr'>caput</span> 
     </span>
     <span class='ocr_line' id='line_1_24' title="bbox 224 2272 1208 2350; baseline -0.002 -16"><span class='ocrx_word' id='word_1_186' title='bbox 224 2289 387 2350; x_wconf 87' lang='lat' dir='ltr'>arcemque</span> <span class='ocrx_word' id='word_1_187' title='bbox 407 2273 493 2349; x_wconf 79' lang='lat' dir='ltr'>regni</span> <span class='ocrx_word' id='word_1_188' title='bbox 506 2272 688 2347; x_wconf 81' lang='lat' dir='ltr'>Pergamum</span> <span class='ocrx_word' id='word_1_189' title='bbox 707 2272 792 2334; x_wconf 88' lang='lat' dir='ltr'>ducit</span> <span class='ocrx_word' id='word_1_190' title='bbox 812 2273 1061 2349; x_wconf 78' lang='lat' dir='ltr'>oppugnandam.</span> <span class='ocrx_word' id='word_1_191' title='bbox 1083 2273 1208 2334; x_wconf 87' lang='lat' dir='ltr'>Attalus</span> 
     </span>
     <span class='ocr_line' id='line_1_25' title="bbox 223 2356 1289 2435; baseline -0.001 -16"><span class='ocrx_word' id='word_1_192' title='bbox 223 2359 322 2435; x_wconf 89' lang='lat' dir='ltr'>primo</span> <span class='ocrx_word' id='word_1_193' title='bbox 347 2357 529 2420; x_wconf 88' lang='lat' dir='ltr'>stationibus</span> <span class='ocrx_word' id='word_1_194' title='bbox 555 2364 625 2417; x_wconf 84' lang='lat' dir='ltr'>ante</span> <span class='ocrx_word' id='word_1_195' title='bbox 649 2357 757 2417; x_wconf 88' lang='lat' dir='ltr'>urbem</span> <span class='ocrx_word' id='word_1_196' title='bbox 781 2357 892 2433; x_wconf 90' lang='lat' dir='ltr'>positis</span> <span class='ocrx_word' id='word_1_197' title='bbox 915 2365 946 2418; x_wconf 89' lang='lat' dir='ltr'>et</span> <span class='ocrx_word' id='word_1_198' title='bbox 966 2356 1208 2418; x_wconf 82' lang='lat' dir='ltr'>excursionibus</span> <span class='ocrx_word' id='word_1_199' title='bbox 1288 2372 1289 2405; x_wconf 54' lang='lat' dir='ltr'>l</span> 
     </span>
     <span class='ocr_line' id='line_1_26' title="bbox 223 2440 1207 2519; baseline 0 -17"><span class='ocrx_word' id='word_1_200' title='bbox 223 2443 359 2519; x_wconf 86' lang='lat' dir='ltr'>equitum</span> <span class='ocrx_word' id='word_1_201' title='bbox 373 2442 512 2517; x_wconf 89' lang='lat' dir='ltr'>levisque</span> <span class='ocrx_word' id='word_1_202' title='bbox 526 2447 696 2500; x_wconf 88' lang='lat' dir='ltr'>armaturae</span> <span class='ocrx_word' id='word_1_203' title='bbox 709 2440 807 2517; x_wconf 81' lang='lat' dir='ltr'>magis</span> <span class='ocrx_word' id='word_1_204' title='bbox 824 2440 997 2502; x_wconf 84' lang='lat' dir='ltr'>lacessebat</span> <span class='ocrx_word' id='word_1_205' title='bbox 1008 2458 1101 2517; x_wconf 90' lang='lat' dir='ltr'>quarn</span> <span class='ocrx_word' id='word_1_206' title='bbox 1113 2442 1207 2502; x_wconf 88' lang='lat' dir='ltr'>susti·</span> 
     </span>
     <span class='ocr_line' id='line_1_27' title="bbox 223 2524 1209 2601; baseline 0 -16"><span class='ocrx_word' id='word_1_207' title='bbox 223 2527 316 2585; x_wconf 88' lang='lat' dir='ltr'>nebat</span> <span class='ocrx_word' id='word_1_208' title='bbox 334 2524 470 2585; x_wconf 79' lang='lat' dir='ltr'>hostem:</span> <span class='ocrx_word' id='word_1_209' title='bbox 492 2529 648 2598; x_wconf 88' lang='lat' dir='ltr'>postremo</span> <span class='ocrx_word' id='word_1_210' title='bbox 665 2538 735 2583; x_wconf 89' lang='lat' dir='ltr'>cum</span> <span class='ocrx_word' id='word_1_211' title='bbox 749 2540 805 2600; x_wconf 92' lang='lat' dir='ltr'>per</span> <span class='ocrx_word' id='word_1_212' title='bbox 819 2525 898 2586; x_wconf 90' lang='lat' dir='ltr'>levia</span> <span class='ocrx_word' id='word_1_213' title='bbox 914 2526 1080 2586; x_wconf 88' lang='lat' dir='ltr'>certamina</span> <span class='ocrx_word' id='word_1_214' title='bbox 1093 2540 1209 2601; x_wconf 87' lang='lat' dir='ltr'>exper-</span> 
     </span>
     <span class='ocr_line' id='line_1_28' title="bbox 222 2606 1210 2682; baseline 0.002 -13"><span class='ocrx_word' id='word_1_215' title='bbox 222 2620 271 2670; x_wconf 90' lang='lat' dir='ltr'>tus</span> <span class='ocrx_word' id='word_1_216' title='bbox 294 2609 377 2667; x_wconf 89' lang='lat' dir='ltr'>nulla</span> <span class='ocrx_word' id='word_1_217' title='bbox 397 2614 485 2682; x_wconf 86' lang='lat' dir='ltr'>parte</span> <span class='ocrx_word' id='word_1_218' title='bbox 504 2606 613 2666; x_wconf 88' lang='lat' dir='ltr'>virium</span> <span class='ocrx_word' id='word_1_219' title='bbox 624 2622 659 2666; x_wconf 91' lang='lat' dir='ltr'>se</span> <span class='ocrx_word' id='word_1_220' title='bbox 673 2622 780 2681; x_wconf 90' lang='lat' dir='ltr'>parem</span> <span class='ocrx_word' id='word_1_221' title='bbox 794 2625 866 2670; x_wconf 92' lang='lat' dir='ltr'>esse</span> <span class='ocrx_word' id='word_1_222' title='bbox 880 2609 958 2671; x_wconf 87' lang='lat' dir='ltr'>intra</span> <span class='ocrx_word' id='word_1_223' title='bbox 971 2608 1094 2671; x_wconf 89' lang='lat' dir='ltr'>moenia</span> <span class='ocrx_word' id='word_1_224' title='bbox 1107 2624 1146 2670; x_wconf 91' lang='lat' dir='ltr'>se</span> <span class='ocrx_word' id='word_1_225' title='bbox 1159 2626 1210 2671; x_wconf 92' lang='lat' dir='ltr'>re·</span> 
     </span>
     <span class='ocr_line' id='line_1_29' title="bbox 224 2690 1212 2770; baseline -0.001 -16"><span class='ocrx_word' id='word_1_226' title='bbox 224 2691 367 2767; x_wconf 86' lang='lat' dir='ltr'>cepisset,</span> <span class='ocrx_word' id='word_1_227' title='bbox 384 2690 519 2751; x_wconf 92' lang='lat' dir='ltr'>obsideri</span> <span class='ocrx_word' id='word_1_228' title='bbox 533 2690 607 2752; x_wconf 92' lang='lat' dir='ltr'>urbs</span> <span class='ocrx_word' id='word_1_229' title='bbox 623 2699 734 2766; x_wconf 90' lang='lat' dir='ltr'>coepta</span> <span class='ocrx_word' id='word_1_230' title='bbox 747 2699 804 2753; x_wconf 84' lang='lat' dir='ltr'>est</span> <span class='ocrx_word' id='word_1_231' title='bbox 832 2694 942 2755; x_wconf 91' lang='lat' dir='ltr'>eodem</span> <span class='ocrx_word' id='word_1_232' title='bbox 955 2700 1094 2770; x_wconf 87' lang='lat' dir='ltr'>tempore</span> <span class='ocrx_word' id='word_1_233' title='bbox 1109 2693 1212 2754; x_wconf 81' lang='lat' dir='ltr'>ferme</span> 
     </span>
     <span class='ocr_line' id='line_1_30' title="bbox 221 2773 1212 2853; baseline 0 -16"><span class='ocrx_word' id='word_1_234' title='bbox 221 2783 253 2837; x_wconf 89' lang='lat' dir='ltr'>et</span> <span class='ocrx_word' id='word_1_235' title='bbox 276 2774 448 2838; x_wconf 86' lang='lat' dir='ltr'>Antiochus</span> <span class='ocrx_word' id='word_1_236' title='bbox 475 2773 515 2835; x_wconf 93' lang='lat' dir='ltr'>ab</span> <span class='ocrx_word' id='word_1_237' title='bbox 539 2774 679 2849; x_wconf 83' lang='lat' dir='ltr'>Apamea</span> <span class='ocrx_word' id='word_1_238' title='bbox 706 2777 863 2852; x_wconf 84' lang='lat' dir='ltr'>proiectus</span> <span class='ocrx_word' id='word_1_239' title='bbox 888 2776 1037 2838; x_wconf 87' lang='lat' dir='ltr'>Sardibus</span> <span class='ocrx_word' id='word_1_240' title='bbox 1064 2777 1212 2853; x_wconf 87' lang='lat' dir='ltr'>primum,</span> 
     </span>
     <span class='ocr_line' id='line_1_31' title="bbox 224 2859 1213 2937; baseline 0 -16"><span class='ocrx_word' id='word_1_241' title='bbox 224 2859 335 2921; x_wconf 91' lang='lat' dir='ltr'>deinde</span> <span class='ocrx_word' id='word_1_242' title='bbox 354 2859 438 2922; x_wconf 90' lang='lat' dir='ltr'>hand</span> <span class='ocrx_word' id='word_1_243' title='bbox 459 2861 568 2937; x_wconf 88' lang='lat' dir='ltr'>procul</span> <span class='ocrx_word' id='word_1_244' title='bbox 583 2859 704 2921; x_wconf 88' lang='lat' dir='ltr'>Seleuci</span> <span class='ocrx_word' id='word_1_245' title='bbox 725 2861 833 2921; x_wconf 90' lang='lat' dir='ltr'>castris</span> <span class='ocrx_word' id='word_1_246' title='bbox 847 2861 888 2921; x_wconf 93' lang='lat' dir='ltr'>ad</span> <span class='ocrx_word' id='word_1_247' title='bbox 903 2868 995 2937; x_wconf 88' lang='lat' dir='ltr'>caput</span> <span class='ocrx_word' id='word_1_248' title='bbox 1010 2860 1091 2921; x_wconf 84' lang='lat' dir='ltr'>Caici</span> <span class='ocrx_word' id='word_1_249' title='bbox 1106 2861 1213 2921; x_wconf 86' lang='lat' dir='ltr'>amnis</span> 
     </span>
     <span class='ocr_line' id='line_1_32' title="bbox 224 2943 1213 3020; baseline -0.001 -15"><span class='ocrx_word' id='word_1_250' title='bbox 224 2944 334 3005; x_wconf 89' lang='lat' dir='ltr'>stativa</span> <span class='ocrx_word' id='word_1_251' title='bbox 354 2943 459 3005; x_wconf 87' lang='lat' dir='ltr'>habuit</span> <span class='ocrx_word' id='word_1_252' title='bbox 478 2959 548 3005; x_wconf 90' lang='lat' dir='ltr'>cum</span> <span class='ocrx_word' id='word_1_253' title='bbox 566 2959 678 3019; x_wconf 70' lang='lat' dir='ltr'>magno</span> <span class='ocrx_word' id='word_1_254' title='bbox 700 2944 837 3006; x_wconf 85' lang='lat' dir='ltr'>exercitu</span> <span class='ocrx_word' id='word_1_255' title='bbox 857 2945 952 3007; x_wconf 87' lang='lat' dir='ltr'>mixto</span> <span class='ocrx_word' id='word_1_256' title='bbox 967 2945 1061 3006; x_wconf 90' lang='lat' dir='ltr'>variis</span> <span class='ocrx_word' id='word_1_257' title='bbox 1076 2960 1117 3004; x_wconf 83' lang='lat' dir='ltr'>err</span> <span class='ocrx_word' id='word_1_258' title='bbox 1133 2960 1213 3020; x_wconf 79' lang='lat' dir='ltr'>gen·</span> 
     </span>
     <span class='ocr_line' id='line_1_33' title="bbox 224 3027 1215 3103; baseline 0.001 -14"><span class='ocrx_word' id='word_1_259' title='bbox 224 3027 316 3089; x_wconf 84' lang='lat' dir='ltr'>tibus.</span> <span class='ocrx_word' id='word_1_260' title='bbox 346 3028 508 3103; x_wconf 89' lang='lat' dir='ltr'>plurimum</span> <span class='ocrx_word' id='word_1_261' title='bbox 528 3028 655 3089; x_wconf 89' lang='lat' dir='ltr'>terroris</span> <span class='ocrx_word' id='word_1_262' title='bbox 669 3029 700 3088; x_wconf 91' lang='lat' dir='ltr'>in</span> <span class='ocrx_word' id='word_1_263' title='bbox 715 3028 869 3090; x_wconf 88' lang='lat' dir='ltr'>Gallomm</span> <span class='ocrx_word' id='word_1_264' title='bbox 883 3029 1027 3090; x_wconf 88' lang='lat' dir='ltr'>mercede</span> <span class='ocrx_word' id='word_1_265' title='bbox 1042 3028 1215 3091; x_wconf 87' lang='lat' dir='ltr'>conductis</span> 
     </span>
     <span class='ocr_line' id='line_1_34' title="bbox 224 3111 1289 3191; baseline 0.002 -19"><span class='ocrx_word' id='word_1_266' title='bbox 224 3119 366 3188; x_wconf 88' lang='lat' dir='ltr'>quattuor</span> <span class='ocrx_word' id='word_1_267' title='bbox 379 3111 501 3173; x_wconf 91' lang='lat' dir='ltr'>milibus</span> <span class='ocrx_word' id='word_1_268' title='bbox 515 3118 589 3172; x_wconf 88' lang='lat' dir='ltr'>erat.</span> <span class='ocrx_word' id='word_1_269' title='bbox 617 3112 676 3174; x_wconf 92' lang='lat' dir='ltr'>hos</span> <span class='ocrx_word' id='word_1_270' title='bbox 692 3112 800 3188; x_wconf 88' lang='lat' dir='ltr'>paucis</span> <span class='ocrx_word' id='word_1_271' title='bbox 814 3112 957 3175; x_wconf 86' lang='lat' dir='ltr'>admixtis</span> <span class='ocrx_word' id='word_1_272' title='bbox 971 3113 1011 3174; x_wconf 91' lang='lat' dir='ltr'>ad</span> <span class='ocrx_word' id='word_1_273' title='bbox 1026 3119 1216 3189; x_wconf 81' lang='lat' dir='ltr'>pervastan-</span> <span class='ocrx_word' id='word_1_274' title='bbox 1288 3112 1289 3191; x_wconf 62' lang='grc' dir='ltr'>ᾖ</span> 
     </span>
    </p>

    <p class='ocr_par' dir='ltr' id='par_1_5' title="bbox 106 3195 1289 3621">
     <span class='ocr_line' id='line_1_35' title="bbox 106 3195 1216 3273; baseline 0.009 -24"><span class='ocrx_word' id='word_1_275' title='bbox 106 3246 107 3249; x_wconf 74' lang='grc'>,</span> <span class='ocrx_word' id='word_1_276' title='bbox 224 3195 296 3256; x_wconf 90' lang='lat' dir='ltr'>durn</span> <span class='ocrx_word' id='word_1_277' title='bbox 307 3196 425 3271; x_wconf 90' lang='lat' dir='ltr'>passim</span> <span class='ocrx_word' id='word_1_278' title='bbox 430 3195 648 3270; x_wconf 84' lang='lat' dir='ltr'>Pergamenum</span> <span class='ocrx_word' id='word_1_279' title='bbox 660 3212 765 3271; x_wconf 81' lang='lat' dir='ltr'>agrum</span> <span class='ocrx_word' id='word_1_280' title='bbox 777 3196 909 3270; x_wconf 88' lang='lat' dir='ltr'>[milites]</span> <span class='ocrx_word' id='word_1_281' title='bbox 922 3195 1011 3258; x_wconf 88' lang='lat' dir='ltr'>misit.</span> <span class='ocrx_word' id='word_1_282' title='bbox 1026 3211 1107 3273; x_wconf 89' lang='lat' dir='ltr'>quae</span> <span class='ocrx_word' id='word_1_283' title='bbox 1119 3204 1216 3273; x_wconf 91' lang='lat' dir='ltr'>post-</span> 
     </span>
     <span class='ocr_line' id='line_1_36' title="bbox 225 3278 1218 3357; baseline 0.003 -18"><span class='ocrx_word' id='word_1_284' title='bbox 225 3295 316 3356; x_wconf 90' lang='lat' dir='ltr'>quam</span> <span class='ocrx_word' id='word_1_285' title='bbox 338 3278 463 3340; x_wconf 89' lang='lat' dir='ltr'>Samum</span> <span class='ocrx_word' id='word_1_286' title='bbox 488 3285 560 3341; x_wconf 91' lang='lat' dir='ltr'>sunt</span> <span class='ocrx_word' id='word_1_287' title='bbox 584 3281 735 3353; x_wconf 80' lang='lat' dir='ltr'>nuntiata,</span> <span class='ocrx_word' id='word_1_288' title='bbox 763 3280 860 3357; x_wconf 89' lang='lat' dir='ltr'>primo</span> <span class='ocrx_word' id='word_1_289' title='bbox 881 3280 1035 3342; x_wconf 79' lang='lat' dir='ltr'>Eumenes</span> <span class='ocrx_word' id='word_1_290' title='bbox 1057 3289 1218 3343; x_wconf 83' lang='lat' dir='ltr'>avocatus</span> 
     </span>
     <span class='ocr_line' id='line_1_37' title="bbox 224 3363 1216 3441; baseline 0.002 -17"><span class='ocrx_word' id='word_1_291' title='bbox 224 3363 393 3425; x_wconf 88' lang='lat' dir='ltr'>domestico</span> <span class='ocrx_word' id='word_1_292' title='bbox 407 3363 488 3424; x_wconf 89' lang='lat' dir='ltr'>bello</span> <span class='ocrx_word' id='word_1_293' title='bbox 504 3379 571 3424; x_wconf 89' lang='lat' dir='ltr'>cum</span> <span class='ocrx_word' id='word_1_294' title='bbox 587 3365 688 3424; x_wconf 88' lang='lat' dir='ltr'>classe</span> <span class='ocrx_word' id='word_1_295' title='bbox 698 3363 822 3425; x_wconf 80' lang='lat' dir='ltr'>Elaeam</span> <span class='ocrx_word' id='word_1_296' title='bbox 837 3364 926 3441; x_wconf 73' lang='lat' dir='ltr'>petia</span> <span class='ocrx_word' id='word_1_297' title='bbox 948 3365 1021 3426; x_wconf 89' lang='lat' dir='ltr'>inde</span> <span class='ocrx_word' id='word_1_298' title='bbox 1035 3381 1105 3426; x_wconf 89' lang='lat' dir='ltr'>cum</span> <span class='ocrx_word' id='word_1_299' title='bbox 1116 3381 1216 3440; x_wconf 76' lang='lat' dir='ltr'>prae</span> 
     </span>
     <span class='ocr_line' id='line_1_38' title="bbox 224 3447 1219 3525; baseline 0.004 -18"><span class='ocrx_word' id='word_1_300' title='bbox 224 3454 272 3509; x_wconf 88' lang='lat' dir='ltr'>sto</span> <span class='ocrx_word' id='word_1_301' title='bbox 287 3447 418 3508; x_wconf 88' lang='lat' dir='ltr'>luissent</span> <span class='ocrx_word' id='word_1_302' title='bbox 427 3447 549 3522; x_wconf 87' lang='lat' dir='ltr'>equites</span> <span class='ocrx_word' id='word_1_303' title='bbox 560 3447 760 3523; x_wconf 89' lang='lat' dir='ltr'>peditumque</span> <span class='ocrx_word' id='word_1_304' title='bbox 770 3449 916 3524; x_wconf 84' lang='lat' dir='ltr'>expediti,</span> <span class='ocrx_word' id='word_1_305' title='bbox 931 3448 1086 3525; x_wconf 90' lang='lat' dir='ltr'>praesidio</span> <span class='ocrx_word' id='word_1_306' title='bbox 1099 3464 1219 3511; x_wconf 90' lang='lat' dir='ltr'>eorum</span> 
     </span>
     <span class='ocr_line' id='line_1_39' title="bbox 226 3530 1289 3621; baseline 0.005 -32"><span class='ocrx_word' id='word_1_307' title='bbox 226 3537 316 3605; x_wconf 90' lang='lat' dir='ltr'>tutus,</span> <span class='ocrx_word' id='word_1_308' title='bbox 332 3530 511 3607; x_wconf 85' lang='lat' dir='ltr'>priusquam</span> <span class='ocrx_word' id='word_1_309' title='bbox 525 3531 632 3592; x_wconf 84' lang='lat' dir='ltr'>hostes</span> <span class='ocrx_word' id='word_1_310' title='bbox 646 3531 795 3592; x_wconf 86' lang='lat' dir='ltr'>sentirent</span> <span class='ocrx_word' id='word_1_311' title='bbox 809 3539 861 3594; x_wconf 89' lang='lat' dir='ltr'>aut</span> <span class='ocrx_word' id='word_1_312' title='bbox 874 3542 1079 3608; x_wconf 88' lang='lat' dir='ltr'>moverentur,</span> <span class='ocrx_word' id='word_1_313' title='bbox 1092 3533 1218 3608; x_wconf 76' lang='lat' dir='ltr'>Perga·</span> <span class='ocrx_word' id='word_1_314' title='bbox 1288 3612 1289 3621; x_wconf 8' lang='grc' dir='ltr'>ἵ</span> 
     </span>
    </p>
   </div>
   <div class='ocr_carea' id='block_1_3' title="bbox 0 0 1308 4000">
    <p class='ocr_par' dir='ltr' id='par_1_6' title="bbox 0 0 1308 4000">
     <span class='ocr_line' id='line_1_40' title="bbox 0 0 1308 4000; baseline 0 0"><span class='ocrx_word' id='word_1_315' title='bbox 0 0 1308 4000; x_wconf 95' lang='lat' dir='ltr'> </span> 
     </span>
    </p>
   </div>
  </div>
 </body>
</html>
