2600 4000
276 237 392 300 LIBER
405 236 536 298 XXXIII.
561 236 643 296 chit
658 245 702 297 20.
716 246 760 299 at.
783 245 820 312 [a.
835 245 868 299 0.
883 242 945 319 19⁶1]
1037 240 1093 305 101

116 397 176 458 bns
196 389 245 454 bis
265 387 397 466 aliisque
418 387 487 452 eius
508 404 582 450 orae
602 388 738 450 castellis
759 398 813 451 aut
825 400 909 453 metu
921 403 975 455 aut
988 397 1092 458 volun·

115 487 178 543 tata
192 473 261 540 sine
275 470 441 536 certamine
457 471 494 533 in
516 471 703 534 deditionem
724 471 879 549 acceptis,
902 475 1092 540 coracesiun

31 561 33 564 ’
114 568 239 641 praeter
252 573 342 635 spem
355 555 471 618 clausis
484 554 583 631 ponis
596 555 721 617 tenebat
734 572 815 618 eum.
850 556 893 618 ibi
906 557 1000 635 legati
1012 560 1093 623 Rho·

115 647 236 708 diorum
249 638 354 703 auditi.
377 647 408 702 et
423 638 609 716 quamquam
624 655 662 700 ea
675 638 787 715 legatio
802 648 876 716 erat,
893 658 973 717 quae
987 658 1094 705 aecen-

116 730 191 791 dare
204 725 322 803 regium
336 722 471 786 animum
485 729 610 798 posset,‘
629 721 813 799 temperavit
831 721 910 797 irae,
932 733 963 787 et
975 726 1095 801 legatos

103 829 151 875 ‚se
164 811 308 874 Rhodum
326 806 493 870 mhsmum
511 805 674 883 respondit
692 805 795 883 iisque
815 808 1044 884 mandaturum,
1063 818 1097 873 ιιι

113 900 299 958 renovarent
312 897 435 954 vetusta
454 889 522 951 iura
537 906 607 951 cum
618 906 657 951 aa
672 888 795 952 cititate
810 907 868 953 sua
883 890 1097 969 maiortnnque

115 994 252 1054 suornm,
262 984 294 1038 et
305 981 444 1037 vetarent
454 989 510 1035 eos
521 973 740 1049 pertimescere
750 975 917 1038 adventum
925 975 1009 1053 regis
1020 975 1126 1038 nibil*
1171 1007 1174 1014 ·

114 1071 167 1125 aut
176 1061 216 1123 iis
226 1068 280 1122 aut
290 1057 386 1122 sociis
401 1073 509 1121 eorum
519 1056 632 1119 noxiae
643 1059 778 1120 futurum
786 1058 935 1121 iraudiva.
951 1077 1022 1121 nam
1032 1062 1097 1122 Ro-

113 1161 274 1208 manorum
284 1140 569 1226 amicitiamsenon
580 1140 764 1205 violaturum
774 1151 953 1218 argumemo
964 1153 1093 1206 etsuam

112 1237 270 1292 recentem
289 1228 330 1289 ad
350 1242 407 1289 eos
427 1224 612 1302 legationem
633 1240 706 1288 esse
728 1234 759 1289 et
779 1235 906 1290 senatus
924 1227 1093 1291 honorifica

113 1314 146 1375 in
162 1328 197 1376 se
212 1313 337 1374 decreta
348 1326 581 1387 responsaque:
603 1317 667 1371 tum
687 1311 766 1372 iorte
781 1309 873 1387 legati
886 1311 1042 1374 redierant
1054 1312 1108 1373 ab·

113 1400 228 1468 Roma,
250 1392 375 1456 comiter
394 1392 491 1457 auditi
505 1392 704 1470 dimissique,
725 1401 760 1456 ut
772 1401 894 1471 tempus
909 1396 1092 1471 postulabat,

114 1480 232 1541 incerto
247 1477 347 1538 adhuc
359 1478 509 1541 adversus
520 1477 694 1554 Philippum
704 1484 817 1542 eventu
830 1478 912 1541 belli.
935 1497 1005 1542 eum
1015 1480 1094 1540 haec

114 1562 208 1638 legati
221 1559 303 1638 regis
316 1560 346 1622 in
361 1560 505 1625 contione
517 1559 709 1624 Rhodiorum
719 1570 855 1638 agerent,
870 1562 995 1624 nuntius
1010 1561 1093 1623 venit
1175 1583 1177 1588 ·

114 1646 299 1708 debellatum
317 1647 358 1708 ad
373 1646 626 1727 Cynoscephalas
641 1662 723 1709 esse.
765 1646 826 1707 hoo
840 1643 946 1707 nuntio
961 1652 1092 1720 accepto

113 1729 227 1792 Rhodii
247 1731 370 1807 dempto
392 1739 476 1793 metu
489 1747 509 1791 a
521 1728 664 1807 Philippo
680 1727 848 1793 omiserant
862 1727 1025 1791 consilium
1040 1727 1093 1790 ob·

114 1812 194 1875 viam
214 1814 308 1877 eundi
328 1816 430 1876 classe
449 1814 620 1877 Antiomo:
645 1813 729 1874 illam
753 1812 879 1875 alteram
904 1828 1008 1874 curum
1031 1826 1093 1871 non

113 1896 281 1961 omiserunt
301 1898 435 1961 tuendae
454 1895 602 1959 libertatis
628 1896 795 1960 civitatium
816 1897 970 1960 sociarum
993 1895 1090 1958 Ptole

111 1980 206 2055 maai,
229 1980 342 2059 quibus
362 1979 476 2042 bellum
489 1981 529 2041 ab
542 1978 695 2044 Antiocho
710 1979 895 2046 imminebat
930 1998 1002 2044 nam
1015 1978 1093 2043 alias
1112 2012 1114 2017 ,

111 2064 235 2127 auxilils
248 2064 402 2136 iuverunt,
416 2061 493 2123 alias
505 2061 698 2138 providendo
709 2080 747 2125 ac
759 2067 988 2139 praemonendo
1000 2081 1093 2126 cona·

111 2160 163 2213 tus
182 2146 299 2218 bostis3
327 2161 492 2220 causaque-
505 2143 653 2205 libertatis
674 2147 797 2207 luerunt
815 2147 938 2209 munds
957 2145 1094 2223 Myndiis

110 2228 441 2305 Halicarnassensibus
455 2225 639 2303 Samiisque.
666 2244 728 2291 non
744 2244 859 2304 operae
873 2237 923 2292 est
935 2227 1093 2305 persequi,

110 2324 146 2378 ut
161 2328 306 2390 quaeque
319 2320 389 2375 acta
402 2311 434 2373 in
448 2310 498 2373 his
513 2309 592 2383 locis
607 2310 684 2375 sint.
706 2328 776 2375 cnm
796 2313 837 2374 ad
851 2329 905 2388 ea,
927 2328 1008 2388 quae
1021 2328 1094 2388 pro·

59 2412 63 2419 ·
111 2398 181 2476 pria
193 2396 324 2459 Romani
338 2396 410 2459 belli
425 2405 505 2471 sunt,
520 2394 574 2457 vix
589 2395 750 2458 suibaiam.

193 2481 271 2543 XXI.
292 2480 411 2544 Eodem
430 2489 569 2557 tempore
587 2481 709 2544 Attalus
730 2497 800 2557 rex,
821 2496 915 2557 aeger
928 2481 967 2542 ab
981 2478 1094 2542 Thebis

110 2567 291 2642 Pergamum
301 2565 460 2639 advectus,
473 2563 601 2628 moritur
610 2565 707 2628 altero
719 2573 750 2627 et
761 2564 991 2642 septuagesimo
1002 2580 1094 2640 anno,

112 2666 182 2711 cum
197 2656 341 2726 quattuor
354 2657 385 2712 et
400 2647 602 2726 quadraginta
615 2666 716 2711 annos
730 2657 902 2726 regnasset.
937 2646 1010 2711 hqu
1024 2646 1093 2710 viro

113 2739 234 2812 praeter
247 2731 370 2795 uvidas
384 2732 459 2794 nibil
473 2734 514 2794 ad
527 2748 616 2809 spem
636 2731 724 2810 regni
744 2734 867 2796 fortuna
880 2733 1017 2794 dederat
1054 2729 1094 2793 iis

112 2818 203 2880 simul
216 2818 385 2894 prudenter
398 2817 488 2878 simul
507 2815 671 2893 magnilica
690 2818 806 2881 utendo
827 2815 931 2879 effecit
951 2814 1092 2892 primum,

110 2910 146 2964 ut
166 2899 241 2975 sibi,
267 2901 381 2963 deinde
401 2908 436 2962 ut
456 2899 524 2962 aliis
540 2917 611 2962 non
635 2899 781 2977 indignus
805 2899 962 2962 videretur
984 2914 1093 2976 regno.
1192 2940 1199 2951 .

111 2984 202 3047 victis
217 2984 330 3047 deinde
349 2984 469 3061 proelio
488 3000 553 3047 uno
568 2983 679 3059 Gallis,
700 3000 781 3061 quae
801 2992 865 3047 turn
883 2999 961 3060 gens
976 2980 1093 3046 recenti

111 3069 247 3134 adventu
270 3066 435 3131 terribilior
452 3066 549 3131 Asiae
568 3077 648 3143 erat,
672 3068 792 3146 ιοςὶιιω
816 3066 950 3129 adscivit
970 3082 1094 3140 nomen,

112 3152 201 3216 cuius
215 3149 415 3231 magnitudini
429 3168 555 3229 semper
563 3152 698 3214 anirnum
708 3150 862 3229 aequavit,
878 3167 998 3213 summa
1006 3146 1093 3211 iusti·

111 3235 154 3300 tia
168 3252 245 3300 suos
256 3238 346 3313 rexit,
360 3236 484 3300 unicum
496 3235 590 3297 fldem
604 3235 701 3299 sociis
715 3233 876 3313 praestitit,
890 3233 988 3298 comis
1002 3232 1092 3295 uxori

110 3337 149 3383 aa
161 3319 268 3383 liberis
281 3350 324 3368 -ι-
339 3328 485 3398 quattuor
498 3319 684 3396 superstites
697 3319 812 3393 habuit,
824 3356 865 3368 -
879 3317 961 3381 mitis
976 3334 1014 3379 ao
1028 3332 1093 3378 mu·

111 3404 224 3470 uilicus
238 3406 347 3467 amicis
361 3403 433 3477 hait3
454 3420 585 3480 regnum
605 3403 686 3465 adeo
708 3401 818 3466 stabile
838 3418 876 3464 ac
890 3403 1011 3463 firmum
1024 3397 1092 3460 reti·

32 3489 36 3494 ’
112 3489 188 3566 qtdt,
201 3496 237 3549 ut
249 3488 289 3549 ad
303 3489 423 3550 tertiam
437 3485 566 3563 stirpem
580 3486 742 3564 possessio
758 3487 826 3547 eius
840 3483 1055 3547 descenderet
