2600 4000
223 236 286 300 224
359 237 474 297 LtBliR
483 236 618 297 XXXVI.
640 236 725 296 CAP.
737 245 765 297 3.
779 244 806 296 4.
818 246 845 296 5.
867 242 903 307 [a.
914 240 950 292 U·
962 259 987 293 c.
998 241 1061 308 561]

220 393 251 453 in
271 390 461 467 provinciam
481 388 527 449 ire
547 395 717 464 oporteret,
738 395 770 447 et
788 385 901 448 tribuni
920 385 1048 448 miiitum
1068 388 1197 463 legionis
1293 383 1294 448 l

220 474 338 552 primae
356 482 388 535 ct
407 473 528 547 tertiae,
551 481 585 534 ut
603 473 624 531 ii
644 486 752 533 omnes
772 469 969 531 Brundisium
986 470 1089 532 idibus
1110 471 1196 535 Maiis
1293 503 1294 544 i

221 558 429 621 convenirent
447 557 525 632 ‚ipse
544 562 616 616 ante
635 556 717 616 diem
732 555 870 629 quintum
885 569 984 615 nonas
998 553 1098 615 Maias
1111 556 1196 630 palu·
1293 571 1294 578 ¹

220 647 311 705 datus
324 642 402 703 urbe
416 656 564 717 egressam
578 646 636 700 est
658 654 714 715 per
727 639 853 700 eosdem
865 638 933 701 dies
947 645 978 699 et
991 645 1152 713 praetores
1166 642 1195 699 in

221 725 397 803 provincias
412 725 542 799 proiecti
556 731 636 785 sunt

304 810 357 870 lv.
389 806 454 869 Suh
474 806 556 869 idem
576 814 698 882 tempus
718 812 750 866 et
768 807 860 881 legati
874 807 914 867 ab
927 807 1049 869 duobus
1062 807 1195 883 regibus,

219 893 360 970 Philippo
375 891 572 952 Macedoniae
584 899 615 953 et
625 891 798 952 Ptolemaeo
810 889 947 968 Aegypti
960 906 1049 967 rege,
1070 891 1196 953 Romam

222 982 385 1048 venerunt,
410 976 592 1050 pollicentes
612 975 653 1035 ad
673 974 786 1035 bellum
804 974 918 1035 auxilia
938 981 970 1034 et
990 975 1151 1050 pecuniam
1167 983 1198 1037 et

220 1062 412 1119 trumentum.
435 1058 475 1119 ab
487 1058 662 1120 Ptolemaeo
677 1058 767 1118 etiam
779 1057 861 1117 mille¹
875 1058 980 1134 pondo
995 1058 1076 1131 auri,
1091 1057 1197 1134 viginti

220 1143 301 1203 milia
315 1142 421 1216 pondo
435 1142 553 1217 urgenti
566 1143 677 1203 adlata.
705 1141 779 1201 nihil
797 1141 864 1203 eius
885 1149 1060 1217 acceptumz
1081 1142 1197 1217 getiae

219 1225 343 1300 regibus
360 1233 456 1286 actae.
485 1232 600 1288 etcum
621 1234 749 1303 uterque
762 1241 798 1287 se
812 1241 881 1286 cum
896 1226 1039 1287 omnibus
1052 1227 1150 1301 copiis
1165 1227 1195 1286 in

220 1310 370 1370 Aetoliam
401 1315 561 1370 venturum
588 1310 733 1386 belloque
756 1309 968 1371 mterluturum
993 1310 1197 1386 polliceretur,

221 1390 392 1453 Ptolemaeo
406 1393 439 1453 id
451 1393 632 1462 remissum
650 1393 782 1468 Philippi
802 1394 910 1469 legatis
927 1410 1113 1469 responsum
1125 1410 1196 1469 gra·

174 1490 177 1498 ·
221 1487 282 1537 tum
293 1492 364 1537 eum
374 1476 493 1537 senatui
504 1479 684 1552 populoque
694 1479 832 1539 Romano
844 1479 1008 1552 iacturum,
1024 1478 1052 1538 si
1062 1477 1112 1537 Μ’.
1124 1478 1196 1538 Aci-

220 1562 260 1622 lio
282 1560 400 1622 consuli
420 1577 483 1622 non
504 1560 663 1621 defuisset
695 1562 767 1621 item
786 1562 825 1622 ab
846 1562 1145 1637 Carthaginiensibus
1167 1571 1197 1623 et

219 1645 384 1706 Masinissa
407 1660 481 1720 rege
507 1644 599 1719 legati
622 1652 778 1706 venerunt
814 1645 1082 1721 carthaginienses
1107 1645 1196 1707 tritici

221 1730 354 1791 modium
369 1735 530 1801 sexcenta,
551 1728 660 1789 hordei
680 1728 847 1803 quingenta
866 1730 948 1790 milia
961 1731 1001 1791 ad
1018 1731 1196 1803 exercitum,

220 1814 376 1874 dimidium
397 1814 463 1873 eius
477 1814 606 1873 Romam
624 1818 842 1888 apportaturos
861 1814 987 1888 polliciti
1010 1820 1096 1874 sunt:
1118 1814 1148 1872 id
1163 1820 1196 1874 ut

220 1897 259 1955 ah
274 1912 309 1956 se
322 1914 434 1958 munus
447 1897 576 1957 Romani
590 1898 780 1972 acciperent,
795 1903 901 1972 petere
915 1912 995 1958 sese.
1018 1904 1049 1958 et
1064 1898 1196 1958 classem

220 1985 369 2052 [suorum]
386 1995 443 2042 suo
456 1988 581 2057 sumptu
591 1986 836 2057 comparaturos;
859 1988 890 2042 et
900 1981 1095 2059 stipendium,
1111 1981 1197 2056 quod

220 2063 359 2138 pluribus
374 2064 575 2141 pensionibus
590 2065 620 2125 in
635 2068 746 2127 midtos
758 2081 857 2127 annos
869 2066 1031 2141 deberent,
1046 2080 1196 2141 praesens

219 2163 309 2208 amne
324 2149 460 2211 daturos.
480 2149 664 2210 Masinissae
678 2150 768 2225 legati
784 2150 950 2225 quingenta
964 2151 1046 2211 milia
1060 2150 1197 2211 modium

218 2232 320 2308 tritici,
336 2240 471 2294 trecenta
485 2233 593 2295 hordei
604 2235 644 2295 ad
655 2235 822 2294 exercitum
835 2233 867 2293 in
879 2233 1052 2308 Graeciam,
1066 2234 1197 2294 Romam

174 2390 176 2394 Α
219 2323 353 2377 trecenta
366 2317 449 2378 milia
462 2317 597 2378 modium
611 2318 716 2392 tritici,
738 2320 869 2380 ducenta
889 2317 1110 2394 quinquaginta
1124 2318 1197 2379 hor-

219 2401 284 2468 dei,
306 2401 425 2474 equites
441 2399 640 2475 quingentos,
656 2402 837 2475 elephantos
852 2402 957 2477 viginti
970 2417 1075 2476 regem
1089 2401 1198 2463 adM'.
1293 2450 1294 2455 ,

217 2483 347 2542 Acilium
369 2484 527 2543 consulem
547 2483 721 2543 missurum.
753 2486 792 2545 de
818 2487 968 2547 frumento
988 2485 1129 2561 utrisque
1147 2501 1199 2545 re

218 2581 381 2638 sponsum,
397 2564 439 2624 ita
452 2567 580 2626 usurum
595 2581 633 2627 eo
648 2569 797 2641 populum
810 2570 995 2642 Romanum,
1016 2569 1044 2631 si
1066 2569 1200 2645 pretium

218 2648 399 2722 acciperent.
423 2649 463 2707 de
477 2650 579 2708 classe
593 2650 891 2726 canhaginiensibus
905 2653 1084 2727 remissum,
1105 2668 1199 2728 prae-

218 2738 355 2806 terquam
371 2732 397 2791 si
414 2732 487 2807 quid
503 2733 629 2795 natium-
639 2750 680 2794 ex
697 2737 822 2797 loedere
835 2738 990 2799 deberent.
1012 2737 1052 2796 de
1063 2736 1200 2812 pecunia

217 2815 287 2875 item
301 2830 500 2893 responsum,
515 2819 627 2879 nullam
641 2827 712 2880 ante
726 2821 807 2880 diem
821 2829 1014 2897 accepturos.

301 2899 337 2958 V.
362 2901 435 2978 cunr
446 2901 523 2962 haec
533 2902 650 2964 Romae
661 2904 842 2980 agebantur,
859 2903 1002 2966 Chalcide
1011 2905 1198 2979 Antiochus,

216 2998 255 3042 ne
270 2993 407 3046 cessaret
420 3001 477 3060 per
490 2985 684 3049 hibernorum
704 2994 842 3063 tempus,
864 2990 974 3063 partim
996 2989 1065 3064 ipsc
1080 2986 1199 3050 sollici-

216 3065 298 3126 tabat
312 3066 477 3130 civitatium
490 3070 608 3130 animos
623 3070 776 3132 mittendis
791 3073 914 3147 legatis,
935 3072 1046 3149 partim
1059 3074 1139 3133 ultro
1154 3075 1201 3132 ad

216 3166 285 3213 eum
299 3152 476 3225 veniebant,
498 3153 578 3213 sicut
589 3153 734 3228 Epirotae
749 3157 901 3218 communi
920 3157 1019 3233 gentis
1036 3171 1199 3218 consensu

215 3240 246 3294 et
259 3234 324 3293 Elei
340 3233 584 3310 ePeloponneso
606 3247 763 3301 venerunt.
793 3240 858 3299 Elei
879 3239 1024 3301 auxilium
1039 3241 1201 3301 adversus
1293 3246 1294 3251 ’

214 3317 357 3379 Achaeos
373 3320 530 3393 petebant,
547 3336 627 3396 quos
639 3329 715 3397 post
725 3324 837 3384 bellum
848 3341 909 3384 non
922 3340 962 3385 ex
973 3340 1031 3385 sua
1042 3323 1202 3385 sententia

216 3401 360 3461 indictum
380 3401 533 3463 Antiocho
555 3404 684 3479 primum
710 3405 821 3469 civitati
846 3423 922 3468 suae
946 3424 1032 3468 arma
1055 3408 1201 3469 illaturos
1293 3428 1294 3431 ¹

215 3484 388 3546 credebant.
417 3486 498 3545 mille
519 3486 556 3546 iis
577 3488 697 3563 pedites
716 3505 784 3549 cum
799 3490 878 3552 duce
893 3491 1028 3552 cretensi
1042 3491 1203 3559 Euphane
1293 3494 1294 3549 l
