2600 4000
309 252 424 313 LIBER
437 251 557 312 XXXV.
580 251 742 314 CAP.4.5.
766 258 801 326 [a.
817 258 851 316 C.
867 260 928 326 193]
972 290 979 297 ι
1045 253 1106 319 179

68 438 72 443 ·
125 406 196 468 belli
209 406 287 466 ratio
303 421 395 482 quam
409 421 478 466 oum
492 404 654 481 Liguribus
670 413 743 466 erat
765 408 875 467 consul
889 407 919 467 in
932 409 1029 470 aciem
1041 399 1103 473 exi·

124 492 190 564 bat,
218 489 326 551 hostes
350 504 485 565 pugnam
509 489 735 559 detractabant;
769 490 1026 569 praedatumque,
1052 496 1105 555 ubi

124 589 215 636 nemo
241 574 363 641 obviam
382 573 495 648 exiret,
521 572 734 635 discurrebant
751 573 898 636 Romania
925 575 993 637 Boii
1014 577 1104 655 diripi

124 674 183 721 sua
202 658 329 734 impune
352 673 443 733 quam
464 657 579 718 tuendo
593 672 632 717 ea
653 672 819 718 conserere
839 665 992 721 certamen
1012 663 1105 722 male·

123 743 206 803 bant.
234 747 399 818 postquam
413 741 516 802 omnia
529 742 610 801 lcrro
625 740 752 817 ignique
766 742 841 804 satis
857 750 995 806 evastata
1009 753 1104 820 erant,

124 826 232 887 consid
253 842 328 902 agro
344 824 477 887 hostium
491 826 641 899 excessit,
663 832 694 886 et
706 826 747 886 ad
760 825 907 887 Mutinam
923 830 1044 903 agmine
1059 829 1103 889 in-

123 916 222 983 cauto,
237 916 272 971 ut
284 910 362 970 inter
375 915 513 985 pacatos,
529 909 670 970 ducebat.
691 908 760 969 Boii
773 909 825 971 ubi
836 925 997 984 egressum
1009 913 1103 974 elini-

123 994 181 1054 bus
207 992 273 1055 suis
297 993 417 1054 hostem
442 1007 584 1066 sensere,
614 993 823 1068 sequebantur
848 993 948 1056 silenti
973 997 1102 1072 agmine,
1139 1009 1141 1013 ’

122 1079 224 1139 locum
237 1076 358 1138 insidiis
374 1083 566 1153 quaerentes.
590 1083 681 1137 nocte
694 1080 918 1154 praetergressi
930 1087 1032 1142 castra
1042 1081 1102 1142 Ro·

121 1177 212 1222 mana
225 1163 345 1233 saltum,
361 1177 423 1236 qua
435 1160 656 1221 transeundum
667 1168 732 1221 erat
741 1161 899 1237 Romanis,
914 1162 1101 1226 insederunt.

121 1246 154 1306 ld
168 1261 236 1306 cum
252 1261 361 1321 parum
375 1245 493 1306 occulte
511 1244 673 1320 iecissent,
695 1246 818 1320 consul,
840 1245 892 1321 qni
906 1247 999 1308 multa
1012 1256 1103 1308 nocte

121 1330 307 1391 solitusverat
318 1329 444 1389 movere
455 1334 565 1402 castra,
581 1343 621 1388 ne
631 1343 694 1389 nox
705 1336 853 1391 terrorem
863 1329 895 1389 in
906 1332 1101 1392 tumultuario

121 1414 239 1488 proelio
254 1418 388 1488 augeret,
403 1414 502 1472 lucem
516 1412 723 1488 exspectarim
745 1421 858 1475 etcum
872 1415 941 1475 luce
955 1423 1100 1490 moveret,

122 1504 222 1558 tamen
235 1503 365 1558 turmam
380 1497 516 1572 equitum
531 1497 722 1571 exploratum
736 1497 826 1558 misit
848 1505 1014 1574 postquam
1023 1500 1100 1559 rela-

120 1588 183 1642 tum
197 1587 253 1654 est,
270 1586 403 1656 quantae
412 1581 521 1655 copiae
536 1586 567 1641 et
577 1580 607 1640 in
619 1597 681 1656 quo
692 1583 763 1643 loco
774 1589 887 1654 essent,
902 1584 996 1643 totius
1007 1582 1100 1655 agmi-

121 1665 170 1726 nis
184 1664 322 1726 sarcinas
336 1664 368 1724 in
382 1663 515 1726 medium
531 1662 609 1726 coici
625 1664 723 1740 iussit,
739 1673 770 1726 et
783 1665 905 1729 triarios
920 1666 1033 1724 vallum
1044 1664 1100 1723 cir·

122 1747 288 1819 eumloere;
316 1754 418 1810 cetero
438 1748 576 1811 exercitu
594 1749 742 1810 instructo
764 1748 805 1807 ad
822 1747 942 1809 hostem
957 1747 1099 1808 accessit.

121 1832 202 1895 dem
216 1832 337 1897 etllalli
350 1834 502 1906 lecemnt,
524 1837 690 1908 postquam
705 1838 827 1908 apertas
842 1846 914 1893 esse
928 1830 1056 1892 insidias
1071 1840 1101 1893 et

120 1922 203 1979 recto
219 1932 256 1978 ac
270 1917 351 1978 iusto
365 1916 499 1992 proelio,
520 1915 573 1976 ubi
587 1930 663 1976 vera
676 1914 813 1975 vinceret
825 1914 938 1987 virtus,
955 1914 1098 1976 dimican-

119 2003 192 2063 dum
215 2001 366 2061 viderunt.
396 2001 435 2059 V.
457 1997 536 2059 hora
560 1999 698 2059 secunda
721 1999 817 2062 lerme
839 2014 1023 2061 concursum
1043 2008 1098 2061 est

119 2085 244 2147 sinistra
255 2082 412 2144 sociorum
420 2083 469 2141 ala
480 2089 511 2142 ct
520 2082 753 2142 extraordinarii
761 2082 860 2157 prima
869 2084 900 2143 in
909 2082 1097 2158 aciepngna-

118 2169 208 2228 bant:
237 2171 400 2241 praeerant
417 2165 480 2225 duo
502 2164 683 2224 consulares
703 2166 809 2240 legati,
830 2164 870 2225 M.
886 2166 1048 2226 Marcellus
1070 2174 1100 2227 et
1150 2221 1153 2226 .

118 2251 162 2310 Ti.
179 2247 395 2325 Sempronius,
411 2246 523 2324 prioris
538 2247 611 2307 anni
624 2248 743 2308 consul.
779 2263 880 2310 novus
895 2249 1004 2309 consul
1017 2265 1098 2316 nunc

118 2334 159 2395 ad
174 2333 273 2409 prima
283 2332 372 2407 signa
382 2338 456 2407 erat,
471 2347 552 2393 nunc
563 2330 702 2407 legiones
714 2331 888 2394 continebat
898 2332 929 2393 in
941 2332 1098 2406 subsidiis,

118 2434 158 2478 ne
172 2416 346 2479 certaminis
368 2416 469 2478 studio
490 2416 576 2492 prius
597 2421 814 2491 procurrerent
835 2432 925 2493 quam
942 2417 1045 2478 datum
1059 2417 1097 2477 si-

119 2518 212 2577 gnum
232 2507 324 2563 esset.
354 2501 474 2578 equites
495 2516 600 2561 earum
620 2506 707 2561 extra
721 2500 818 2561 aciem
831 2499 862 2560 in
877 2502 979 2563 locum
993 2508 1096 2576 paten-

119 2593 179 2646 tem
199 2585 233 2660 Q.
248 2593 279 2647 et
298 2585 331 2645 P.
353 2584 505 2646 Minucios
524 2584 664 2646 tribunos
688 2584 815 2645 militum
841 2585 974 2646 educere
999 2584 1097 2659 iussit,

118 2670 215 2742 unde,
237 2686 306 2730 cum
321 2670 441 2743 signum
454 2668 601 2743 dedisset,
615 2667 761 2744 impetum
777 2676 937 2744 exaperta
953 2668 1097 2729 lacerent.
1153 2681 1155 2685 “

118 2752 197 2813 haec
221 2753 323 2827 agenti
347 2752 471 2812 nuntius
496 2751 580 2812 venit
599 2749 680 2812 a'Ti.
702 2750 884 2828 Sempronio
904 2752 1011 2830 Longe
1036 2768 1097 2814 non

120 2834 273 2896 sustinere
295 2833 556 2895 extraordinarios
577 2835 723 2910 impetum
745 2835 915 2909 Gallorum,
935 2842 967 2896 et
987 2850 1097 2897 caesos

119 2918 290 2996 permultos
310 2933 396 2992 esse,
418 2925 448 2979 et
467 2917 520 2994 qui
539 2918 711 2993 supersint,
732 2917 843 2994 partim
862 2918 968 2979 labore
989 2920 1098 2994 partim

119 3008 202 3064 metu
225 3001 384 3063 remisisse
406 3001 548 3063 ardorem
572 3016 703 3077 pugnae.
741 3000 902 3077 legionem¹
915 3003 1038 3084 alteram
1059 3018 1098 3062 ex

119 3084 256 3161 duabus,
276 3085 304 3146 si
316 3084 488 3159 videretur,
508 3085 721 3160 summitteret,
743 3086 921 3162 priusquam
935 3084 1100 3161 ignominia

120 3171 317 3246 acciperetur.
351 3170 490 3231 secunda
512 3170 608 3231 missa
627 3177 677 3231 est
695 3169 791 3245 legio,
815 3177 846 3231 et
866 3169 1097 3231 extraordinarii

119 3253 244 3329 recepti.
265 3261 329 3315 tum
343 3254 550 3330 redintegrata
564 3262 612 3315 est
625 3270 743 3330 pugna,
760 3268 829 3315 cum
843 3261 874 3314 et
886 3268 996 3315 recens
1010 3254 1097 3315 miles

120 3344 152 3397 et
165 3338 310 3415 lreqdens
332 3337 491 3399 ordinibus
509 3337 590 3413 legio
611 3336 825 3400 successisset.
855 3333 1029 3403 ¹et‘tlnistrn
1051 3338 1098 3400 ala
1179 3402 1182 3406 ,

85 3464 88 3468 f
120 3435 160 3481 ex
179 3423 297 3497 proelio
318 3422 470 3484 subducta
493 3428 555 3496 est,
576 3422 684 3494 dextra
697 3422 728 3481 in
742 3422 869 3498 primam
883 3422 981 3483 aciem
995 3420 1097 3480 subiit

119 3505 167 3567 sol
181 3504 295 3581 ingenti
309 3506 419 3567 ardore
433 3503 569 3567 torrebat
582 3505 704 3566 minime
719 3505 869 3646 patienti&
875 3510 981 3620 aestus
997 3503 1096 3563 Gallo-
