2600 4000
257 193 371 254 LIBER
384 194 517 254 xxxiv.
541 193 624 253 chP.
638 203 683 256 51.
695 203 738 256 52.
749 202 792 256 aa.
816 202 851 269 [a.
865 201 896 259 e.
910 202 971 268 ret]
1046 192 1107 260 167

128 346 258 423 gandae.
288 362 346 407 nec
366 347 447 406 enim
467 354 637 422 temporum
659 348 751 409 modo
772 349 853 409 vitiis
871 364 908 408 ae
922 350 1065 411 violentia
1078 360 1108 412 et

129 429 251 490 lieentia
274 431 358 505 regia
378 430 488 490 turbati
509 437 609 502 erant,
636 430 694 490 sed
714 431 851 506 inquieto
874 432 964 492 etiam
985 433 1107 509 ingenio

127 513 245 588 gentis,
266 528 323 573 nee
344 513 467 575 comitia
487 529 545 574 nec
566 521 749 575 conventum
765 530 823 574 nee
837 515 1000 576 concilium
1013 519 1107 578 ullum

128 612 191 657 non
214 611 270 671 per
290 598 470 658 seditionem
485 614 522 658 ac
535 599 694 659 tumultum
710 597 770 658 iam
784 598 856 659 inde
870 615 889 658 a
902 598 1053 674 principio
1068 601 1108 661 ad

128 687 267 741 nostram
283 696 383 755 usque
404 688 533 742 aetatem
552 681 750 742 traducentis.
789 698 808 742 a
822 697 919 742 censu
932 683 1064 744 maxime
1079 692 1109 744 et

129 770 270 824 senatum
280 771 311 824 et
325 764 442 825 iudices
454 766 535 840 legit,
551 765 816 841 potentioremque
827 782 895 827 eam
905 774 1024 842 partem
1035 766 1109 827 civi-

128 849 233 909 tatium
248 846 334 920 lecit,
353 847 400 909 eui
416 849 502 908 salva
516 854 547 907 et
561 848 724 923 tranquilla
738 849 840 909 omnia
854 865 926 910 esse
942 849 1039 924 magis
1054 867 1107 912 ex-

129 931 282 1007 pediebat.
314 930 376 989 Lll.
409 931 450 992 ita
475 947 543 991 cum
573 933 802 1007 percensuisset
824 933 1027 1007 Thessaliam,
1053 950 1107 1009 per

127 1005 261 1091 ttpirurt
270 1012 407 1086 Oricum,
429 1015 511 1075 unde
532 1024 596 1076 erat
615 1016 813 1091 traiecturus,
834 1017 925 1078 venit.
963 1016 1108 1078 eborico

129 1099 239 1174 copiae
260 1112 368 1158 ornnes
381 1098 577 1160 Brundisium
590 1106 825 1176 transportatae.
858 1100 930 1161 inde
944 1116 1001 1176 per
1013 1110 1107 1163 totam
1128 1161 1131 1165 ,

128 1184 243 1245 ltaliam
258 1181 298 1241 ad
312 1181 418 1242 urbem
433 1197 531 1258 prope
542 1183 772 1260 triumphantes,
787 1199 849 1244 non
859 1184 978 1246 minore
988 1185 1108 1261 agmina

129 1283 231 1327 rerum
246 1273 403 1340 captarum
418 1282 510 1342 quam
523 1282 581 1327 suc
596 1283 672 1343 prae
687 1283 722 1328 se
736 1276 814 1343 acto,
829 1276 988 1330 venerunt.
1021 1278 1107 1346 post-

129 1367 222 1428 quam
234 1350 363 1411 Romam
383 1356 505 1411 ventum
521 1356 582 1424 est,
604 1358 731 1412 senatus
746 1359 833 1413 extra
846 1352 953 1413 urbem
968 1352 1106 1427 Quinctio

128 1435 234 1495 adres
254 1440 359 1508 gestas
374 1434 591 1495 edisserendas
608 1436 697 1496 datus
712 1442 774 1510 est,
795 1435 1031 1512 triumphusque
1045 1453 1107 1499 me·

127 1519 204 1580 ritus
224 1518 264 1578 ab
288 1516 462 1580 lubentibus
483 1518 635 1580 decretus.
669 1519 802 1582 triduum
821 1518 1025 1595 triumphavit.
1058 1522 1108 1580 die

131 1602 227 1677 prime
249 1617 333 1662 arma
352 1604 412 1662 tela
434 1602 584 1679 signaque
605 1618 697 1664 aerea
716 1610 746 1663 et
759 1618 928 1663 marmorea
947 1604 1108 1676 transtulit,

130 1687 220 1761 plura
228 1684 368 1761 Philippo
380 1686 524 1761 adempta
535 1703 626 1763 quam
639 1702 719 1762 quae
731 1702 771 1746 ex
783 1684 954 1745 civitatibus
968 1692 1107 1761 ceperam

129 1769 267 1830 seeundo
279 1771 386 1830 aurum
396 1778 615 1846 argentumque
626 1772 739 1830 laetum
751 1769 994 1843 inlectumqueet
1005 1766 1107 1844 signa·

130 1860 201 1915 tum.
233 1853 337 1915 inlecti
357 1854 474 1928 argenti
494 1854 549 1914 luit
569 1854 678 1914 decem
699 1862 728 1914 et
749 1860 818 1913 octo
839 1849 922 1912 milia
936 1852 1057 1928 pondo,
1079 1858 1107 1913 et
1178 1923 1183 1931 ,

129 1938 260 1999 ducenta
274 1936 468 2014 septuaginta
479 1936 565 2007 lach,
587 1953 665 1997 vasa
675 1937 768 1997 multa
780 1935 879 1997 omnis
891 1937 1022 2014 generis,
1039 1951 1108 1997 cae·

128 2022 189 2082 lata
209 2022 372 2096 pleraque,
396 2020 547 2093 quaedam
567 2020 697 2081 eximiae
714 2021 798 2080 artis.
831 2028 862 2082 et
875 2036 914 2080 ex
929 2037 1001 2081 aere
1015 2022 1108 2081 multa

128 2104 306 2164 fabrefacta.
330 2101 369 2161 ad
383 2102 442 2161 hoc
457 2102 556 2176 clipea
569 2110 715 2176 argentea
729 2103 845 2162 decem.
869 2104 979 2177 signati
992 2103 1108 2178 argenti

130 2186 285 2261 octoginta
308 2192 450 2259 quattuor
468 2184 551 2244 milia
567 2185 651 2244 luere
667 2185 850 2245 Atticorum
872 2185 1040 2246 tetrachma
1054 2201 1109 2245 ve-

130 2275 216 2340 cant;
240 2268 330 2330 trium
360 2269 423 2329 lere
438 2268 631 2330 denariorum
644 2268 676 2328 in
692 2267 822 2343 singulis
836 2269 953 2344 argenti
969 2275 1017 2331 est
1030 2285 1108 2344 pon-

130 2355 198 2415 dus.
229 2353 295 2415 auri
316 2353 421 2429 pando
443 2352 499 2414 luit
517 2352 575 2414 tria
594 2351 678 2413 milia
690 2354 883 2428 septingenta
897 2352 1006 2413 decem
1021 2359 1108 2429 quat·

129 2446 206 2511 tuor,
223 2445 254 2499 et
268 2437 399 2514 elipeum
413 2453 507 2499 unum
521 2453 561 2498 ex
577 2452 653 2498 auro
667 2443 772 2511 totum,
788 2443 818 2497 et
830 2435 981 2512 Philippei
996 2452 1113 2496 nummr

129 2522 213 2583 aurei
229 2519 471 2598 quattuordecim
484 2521 566 2581 milia
577 2520 734 2596 quingenti
746 2521 997 2597 quattuordecim.
1020 2521 1108 2583 tertie

129 2606 179 2666 die
190 2621 322 2667 coronae
333 2620 454 2678 aureae,
469 2604 551 2665 dona
562 2604 735 2677 civitatium,
750 2605 877 2667 tralatae
888 2612 1009 2665 eentum
1022 2613 1108 2680 quat-

128 2689 311 2759 tuordecim
334 2697 365 2748 et
376 2688 496 2749 hostiae
511 2688 635 2761 ductae,
658 2696 688 2749 et
702 2697 772 2749 ante
785 2705 907 2750 currum
922 2689 1007 2749 multi
1021 2686 1108 2749 nobi·

127 2775 175 2833 les
186 2772 299 2846 captivi
310 2771 508 2844 obsidesque,
523 2770 600 2831 inter
611 2788 691 2847 quos
702 2773 874 2833 Demetrius
884 2773 965 2847 regis
977 2770 1109 2847 Philippi

126 2855 209 2917 filius
231 2854 288 2916 luit
300 2862 332 2915 et
344 2855 493 2913 Armenes
507 2853 634 2914 Nabidis
648 2855 771 2931 tyranni
785 2855 882 2927 nlius,
901 2855 1108 2916 Lacedaemo·

127 2940 208 3000 nius.
228 2938 298 3014 ipse
312 2936 424 2998 deinde
439 2937 594 3012 Quinctius
609 2937 639 2997 in
654 2938 761 2998 urbem
773 2945 821 2999 est
835 2938 984 2999 invectus.
1012 2937 1109 2999 secuti

128 3038 251 3085 currum
271 3022 381 3083 milites
403 3022 578 3097 trequentes
600 3028 633 3082 ut
647 3021 784 3082 exercitu
799 3021 881 3082 omni
896 3037 934 3082 ex
950 3021 1110 3096 provincia

128 3108 298 3183 deportato.
321 3106 369 3166 his
384 3103 495 3166 duceni
510 3104 717 3181 quinquageni
732 3106 812 3167 aeris
824 3105 854 3165 in
867 3105 988 3181 pedites
1000 3104 1109 3172 divisi;

129 3190 243 3266 duplex
264 3189 449 3263 centurioni,
474 3188 586 3266 triplex
606 3189 710 3266 equiti.
743 3190 951 3265 praebuerunt
971 3188 1110 3263 speciem

127 3272 280 3417 triumphe
307 3273 457 3351 capitibus
482 3274 562 3335 rasis
589 3274 701 3348 secuti,
728 3274 781 3349 qui
805 3274 952 3336 servitute
975 3271 1111 3346 exempti

140 3366 284 3501 uemffill.
306 3442 397 3502 Exitu
420 3443 492 3503 anni
516 3440 607 3504 huius
632 3438 669 3517 Q.
691 3440 798 3502 hellus
822 3437 942 3502 Tubero
968 3437 1112 3497 tribunus
