2600 4000
217 291 280 357 azo
376 288 493 351 Licuit
507 288 642 349 xxxvl.
663 286 747 349 cal).
760 287 826 353 aa.
847 293 885 361 [ι.
896 292 932 386 u.
944 309 968 345 ο.
979 292 1042 360 sm]
1121 274 1125 282 ’

217 452 277 517 ret,
293 440 424 501 navibus
438 455 476 501 eo
492 438 533 500 ad
548 437 630 499 diem
643 437 790 501 indictum
804 435 935 499 concilio
949 435 1040 499 venit.
1061 445 1093 499 et
1107 440 1199 515 Amy·

217 526 336 586 nander
349 525 466 585 accitus
480 523 521 583 ad
541 523 777 584 consiliandum
798 537 838 582 ex
851 521 1052 590 Athamania;
1075 529 1108 583 et
1121 522 1199 584 Han·

217 611 299 671 nibal
312 610 451 681 Poenus,
464 607 525 667 iam
539 607 592 668 diu
606 623 668 668 non
684 606 853 681 adhibitus,
867 606 1003 667 interluit
1014 605 1045 665 'ei
1061 606 1192 667 consilio

218 695 424 757 consultatum
438 692 478 752 de
490 691 709 752 Thessalorum
722 697 813 766 gente
828 698 890 764 est,
913 704 1045 766 quorum
1059 690 1202 751 omnihus

217 779 272 856 qui
292 777 420 838 aderant
439 775 582 836 voluntas
602 775 779 851 temptanda
798 774 968 836 videbatur.
1002 774 1034 833 in
1054 789 1093 835 eo
1107 776 1202 836 modo

218 863 359 923 diversae
373 859 542 920 sententiae
563 865 664 934 erant,
686 858 840 934 quodalii
861 859 1017 934 extemplo
1038 859 1201 933 agendum

217 947 269 1007 alii
283 961 323 1005 ex
336 944 452 1017 hieme,
473 951 638 1019 quactum
659 944 755 1003 ferme
775 940 971 1017 media'erat,
998 939 1201 1003 differendum

217 1031 248 1090 in
263 1028 345 1089 veris
359 1026 551 1103 principium,
566 1034 597 1088 et
611 1025 663 1087 alii
673 1028 791 1103 legatos
802 1026 1012 1087 tantummodo
1025 1025 1200 1095 mittendos,

219 1113 270 1174 alii
291 1127 360 1172 cum
380 1111 522 1173 amnibus
544 1111 643 1186 copiis
665 1112 799 1172 eundum
820 1110 1004 1185 censebant,
1024 1110 1200 1171 terrendos·

219 1211 280 1274 que
302 1202 400 1270 metu,
426 1193 454 1256 si
479 1203 702 1257 cunctarentur.
737 1195 804 1254 vll.
831 1209 900 1256 cum
925 1194 1008 1255 circa
1032 1191 1110 1254 hanc
1135 1195 1202 1256 lere

219 1279 475 1342 consultationem
499 1279 683 1355 disceptatio
713 1275 811 1341 omnis
835 1283 1021 1356 verteretur,
1047 1276 1199 1339 Hannibal

140 1380 143 1387 ·
167 1381 169 1386 ·
218 1362 394 1426 nominatim
408 1362 613 1439 interrogalus
629 1363 811 1425 sententiam
825 1363 855 1423 in
870 1362 1008 1424 universi
1027 1361 1099 1422 belli
1113 1361 1200 1438 cogi-

219 1446 363 1510 tationem
377 1462 481 1522 regem
495 1454 588 1522 atque
602 1462 659 1508 eos
675 1445 728 1525 qui
742 1448 870 1508 aderant
886 1447 938 1507 tali
959 1445 1099 1507 oratione
1110 1461 1200 1505 aver-

220 1534 262 1595 tlt
282 1531 331 1608 „si
345 1546 386 1591 ex
400 1547 461 1607 quo
476 1530 652 1591 traiecimus
674 1530 705 1591 in
728 1530 901 1605 Graeciam,
921 1528 1075 1592 adhibitus
1096 1545 1200 1593 essem

218 1617 250 1679 in
265 1614 441 1689 eonsilium,
456 1630 526 1674 cum
541 1615 581 1675 de
594 1614 722 1676 Euboea
736 1617 837 1691 deque
853 1613 988 1676 Achaeis
1001 1621 1032 1674 et
1045 1614 1085 1674 de
1097 1614 1199 1676 Boeo

219 1701 260 1764 tia
274 1701 436 1777 agebatur,
462 1698 592 1759 eandem
611 1698 793 1782 sententiam
813 1696 963 1760 dixissem
984 1714 1077 1775 quarn
1096 1697 1199 1772 hodie,

219 1802 289 1846 cum
302 1787 342 1845 de
351 1782 507 1845 Thessalis
521 1781 637 1858 agitur,
653 1780 762 1842 dicam.
785 1790 855 1843 ante
869 1781 971 1843 omnia
980 1780 1155 1858 Philippum
1169 1790 1201 1843 et

219 1870 407 1929 Macedonas
422 1867 454 1928 in
469 1865 648 1929 societatem
662 1864 733 1926 belli
749 1881 945 1942 quacumque
954 1865 1072 1927 ratione
1084 1882 1199 1927 censeo

107 1951 109 1956 '
219 1953 420 2014 deducendos
435 1968 516 2013 esse.
545 1967 616 2012 nam
631 1950 716 2027 quod
730 1951 771 2011 ad
784 1951 941 2013 Euboeam
955 1951 1156 2026 Boeotosque
1170 1959 1200 2012 et

219 2037 385 2097 l'hessalos
400 2036 519 2109 attinet,
542 2035 595 2111 qui
610 2035 734 2097 dublum
748 2044 796 2097 est
810 2034 898 2110 quin,
919 2034 1079 2111 atquibus
1098 2036 1200 2096 nullae

220 2136 297 2182 suae
320 2119 404 2181 vires
430 2118 506 2196 sint,
531 2119 747 2195 praesentibus
767 2120 920 2181 adulando
943 2135 1079 2195 semper,
1107 2135 1200 2195 quem

221 2212 332 2267 metum
343 2204 374 2267 in
382 2203 512 2267 consilio
523 2203 664 2278 habeant,
672 2205 782 2287 eodem
792 2204 832 2263 ad
843 2202 1066 2279 impetrandam
1077 2202 1201 2264 ueniam

220 2297 356 2352 utantur:
385 2289 475 2351 sunul
489 2305 526 2350 ao
540 2289 712 2349 Romanum
733 2286 899 2349 exercitum
919 2287 950 2348 in
966 2286 1094 2348 Graecia
1113 2286 1201 2347 vide·
1230 2301 1236 2307 ·

219 2374 294 2448 rint,
310 2375 351 2435 ad
367 2379 550 2435 consuetum
564 2372 725 2449 imperium
740 2389 775 2433 se
792 2380 945 2445 avertant,
961 2388 1019 2433 nec
1033 2370 1072 2432 iis
1087 2371 1202 2432 noxiae

221 2460 353 2518 iuturum
364 2455 404 2517 sil
416 2456 515 2531 quod,
532 2469 602 2515 curn
612 2456 742 2517 Romani
755 2459 862 2529 procul
873 2456 1028 2531 abessent,
1042 2454 1104 2515 vim
1115 2462 1202 2516 luam

220 2538 391 2615 praesentis
417 2538 634 2614 exercitusque
657 2540 701 2598 tui
726 2539 861 2614 experiri
878 2539 1052 2602 noluerialt
1083 2546 1200 2615 quanto

219 2623 315 2699 igitur.
334 2623 419 2697 prius
445 2621 612 2696 potiusque
635 2629 684 2682 est
703 2622 876 2700 Philippum
897 2624 987 2685 nobis
1012 2625 1202 2699 coniungere

220 2721 311 2782 quam
325 2705 405 2766 host
426 2706 479 2780 qui
494 2705 521 2766 si
535 2708 631 2766 semel
646 2707 676 2766 in
693 2723 819 2767 eausam
833 2708 1043 2780 descenderit,
1065 2708 1139 2768 nihil
1153 2709 1199 2767 ia-

220 2792 295 2864 tegri
309 2790 442 2850 futurum
457 2787 511 2864 sit,
528 2790 643 2866 quique
658 2808 712 2852 eas
727 2791 810 2853 vires
825 2793 958 2865 adierat,
976 2809 1056 2868 quae
1068 2808 1132 2852 aon
1147 2807 1199 2851 ao-

145 2909 149 2915 «
219 2874 321 2934 cessio
332 2881 449 2937 tantum
459 2874 500 2936 ad
510 2876 681 2937 Romanum
693 2892 766 2938 esse
775 2876 905 2951 bellum,
921 2876 979 2937 sed
989 2892 1047 2952 per
1060 2892 1096 2937 se
1109 2876 1202 2951 ipsae

219 2974 318 3033 nuper
332 2961 484 3021 sustinere
499 2961 655 3036 potuerint
669 2962 835 3022 Romanos.
857 2961 918 3021 hoc
932 2976 991 3035 ego
1007 2961 1149 3022 adiuncto
1158 2991 1203 3001 —-

219 3041 299 3103 absit
319 3043 413 3105 verbo
439 3043 611 3104 invidia—
624 3045 676 3120 qui
703 3045 842 3107 dubitare
867 3045 906 3104 de
931 3053 1044 3106 eventu
1068 3041 1202 3120 possim,

219 3141 303 3200 cum,
326 3126 437 3202 quibus
459 3126 612 3189 adversus
625 3127 799 3204 Philippum
820 3128 969 3189 valuerint
984 3128 1130 3203 Romani,
1150 3127 1203 3188 his

219 3226 300 3271 nunc
317 3211 384 3272 lore
398 3209 520 3271 videam
540 3216 574 3271 ut
593 3211 653 3286 ipsi
670 3218 895 3289 oppugnantur.
916 3211 1034 3285 Aetoli,
1057 3211 1110 3288 qui
1129 3210 1202 3272 Phi-

218 3293 347 3370 lippum,
364 3294 448 3369 quod
459 3294 537 3356 inter
548 3309 656 3355 omnes
671 3303 799 3368 constat,
814 3297 961 3369 vicerunt,
977 3312 1046 3356 cum
1056 3295 1203 3370 Philippo

219 3378 370 3444 adversus
385 3378 542 3440 Romanos
561 3380 749 3455 pugnabunt.
780 3380 982 3458 Amynander
996 3389 1088 3457 atque
1103 3380 1203 3440 Atha·

219 3478 340 3524 manum
363 3478 457 3538 gens,
483 3479 614 3539 quorum
639 3465 809 3524 secundum
834 3465 963 3526 Aetolos
988 3465 1118 3539 plurima
1143 3463 1205 3524 luit

218 3562 316 3621 opera
334 3546 366 3606 in
385 3561 423 3607 eo
446 3545 541 3622 bello,
567 3544 728 3607 nobiscum
749 3546 881 3609 stabunt.
912 3544 1074 3624 Philippus
1088 3554 1153 3609 tum
1168 3554 1203 3608 le
