2600 4000
285 264 400 325 LIBER
413 262 531 323 XXXII.
555 261 637 320 CAP.
652 270 696 323 30.
707 270 751 324 at.
774 270 809 336 [a.
825 270 858 327 C.
874 265 935 336 197]
1060 264 1100 327 75

123 415 250 481 sublatis
265 424 319 478 aut
333 417 442 478 domos
453 415 588 498 redirent
601 424 655 477 aut
665 417 705 476 ad
714 417 873 477 Romanos
884 417 1055 481 transirent.
1070 430 1100 482 et

3 517 5 550 t
122 501 154 564 id
170 500 294 578 quidem
307 498 463 576 impetrari
476 498 603 576 nequiit.
635 499 666 559 in
681 500 713 560 id
728 500 807 561 fides
823 501 894 561 data
909 502 1028 563 consuli
1043 515 1100 578 est,

123 584 200 649 utin
215 582 282 645 acie
296 591 350 645 aut
363 582 570 659 quiescerent,
591 592 644 645 aut
665 585 692 645 si
707 600 768 659 qua
782 582 873 644 etiam
888 584 1011 647 occasio
1027 586 1098 647 luis

122 677 179 744 set,
194 666 376 729 adiuvarent
389 668 556 729 Romanos.
600 668 678 729 haec
698 665 741 729 ita
755 667 942 729 convenisse
955 670 1100 731 Insubres

120 752 318 829 ignorabant=
341 752 466 813 suberat
486 758 586 813 tamen
609 751 761 827 quaedam
779 751 917 827 suspicio
933 752 1043 814 animis
1058 754 1100 812 la·

121 836 196 898 bare
216 836 310 897 fidem
331 833 494 897 sociorum.
538 834 643 911 itaque
665 852 734 896 cum
752 833 784 895 in
798 835 897 896 aciem
911 836 1101 911 eduxissent,

122 931 264 982 neutrum
276 917 315 980 iis
330 934 427 981 cornu
441 917 629 981 committere
643 917 726 994 ausi,
749 934 787 978 ne
803 918 830 980 si
845 921 916 982 dolo
933 920 1102 982 cessissent

121 1021 186 1067 rem
200 1012 296 1066 totam
309 1001 498 1074 inclinarent,
507 1006 587 1079 'post
601 1001 690 1079 signa
704 1001 735 1064 in
747 1002 895 1065 subsidiiS
910 1021 966 1065 eos
977 1006 1100 1066 locave-

123 1097 200 1151 runt.
243 1088 353 1149 consul
366 1085 519 1164 principio
533 1103 655 1163 pugnae
669 1086 755 1148 vonit
768 1088 876 1149 aedem
894 1088 1038 1165 Sospitae
1053 1089 1100 1148 lu-

123 1171 204 1246 noni,
220 1169 248 1233 si
262 1186 301 1232 eo
318 1169 368 1232 die
382 1170 489 1232 hostes
504 1169 564 1231 lusi
579 1171 737 1248 fugatique
751 1171 891 1233 luissent.
922 1190 942 1232 a
955 1171 1100 1233 militibus

126 1258 242 1318 clamor
256 1254 395 1317 sublatus
410 1262 584 1330 compotem
598 1254 663 1317 voti
678 1258 835 1317 consulem
851 1272 885 1317 se
900 1258 1050 1330 tacturos,
1072 1264 1102 1317 et

122 1338 255 1417 itttpetus
268 1337 301 1399 In
315 1337 415 1400 hostis
430 1346 478 1399 est
492 1340 600 1400 lactus.
642 1356 704 1401 non
727 1341 861 1401 tulerunt
879 1341 1025 1402 Insubres
1040 1338 1100 1416 pri·

122 1440 207 1486 mum
221 1438 415 1486 concursum.
444 1420 567 1499 quidam
583 1430 613 1485 et
627 1440 646 1484 a
662 1422 853 1497 Cenomanis,
870 1432 956 1499 terga
972 1433 1100 1500 repente

122 1507 156 1570 in
170 1506 241 1584 ipso
254 1505 417 1569 certamine
428 1505 596 1583 adgressis,
611 1508 771 1570 tumultum
782 1507 946 1584 ancipitem
957 1507 1101 1569 iniectum

124 1598 269 1654 auctores
284 1599 365 1666 sunt,
379 1607 534 1667 caesaque
548 1591 578 1651 in
594 1590 697 1653 medio
714 1591 851 1669 quinque
866 1600 897 1654 et
910 1591 1033 1667 trigInta
1047 1590 1101 1650 nri-

123 1674 165 1737 lia
178 1672 325 1748 hostium,
350 1674 485 1752 quinque
505 1673 588 1736 milia
608 1684 639 1737 et
654 1678 804 1738 ducentos
818 1675 909 1736 vivos
925 1684 1050 1750 captos,
1071 1673 1101 1733 in

123 1757 162 1820 iis
182 1757 383 1821 Hamilcarem
399 1759 571 1821 Poenorum
590 1759 822 1836 imperatorem,
850 1758 902 1834 qui
920 1758 993 1819 belli
1008 1773 1103 1819 causa

124 1843 247 1916 tuisset;
271 1842 359 1918 signa
373 1842 513 1905 militaria
530 1853 652 1906 centum
666 1842 789 1920 triginta
804 1852 834 1905 et
849 1851 995 1919 carpenta
1008 1859 1102 1918 supro

124 1929 260 1989 ducenta.
301 1930 414 2006 oppida
434 1928 603 2002 Gallorum,
627 1945 707 2005 quae
722 1928 883 1990 Insubmm
899 1925 1102 1989 delectionem

125 2021 230 2074 secuta
246 2020 340 2085 erant,
356 2011 539 2072 dediderunt
553 2029 588 2072 se
599 2013 756 2074 RomanIs.

202 2096 309 2156 XXXI.
322 2094 476 2156 Minucius
491 2096 600 2154 consul
614 2095 712 2169 primo
728 2097 836 2157 effusis
851 2095 1102 2172 populationibus

125 2186 345 2259 peragraverat
357 2176 429 2236 linis
443 2174 606 2248 Boiorum,
623 2176 735 2238 deinde
749 2187 782 2239 ut
795 2177 911 2239 relictis
924 2177 1103 2238 Insubribus

123 2264 166 2326 ad
180 2278 238 2322 sua
252 2260 365 2322 tuenda
378 2268 560 2334 receperant
574 2276 660 2334 sese,
677 2259 786 2321 castris
802 2277 837 2322 se
852 2260 963 2335 tenuit,
977 2259 1045 2321 acle
1060 2258 1104 2319 di·

122 2345 300 2409 micandum
315 2361 384 2406 cum
400 2343 491 2405 hoste
504 2351 598 2405 ratus.
638 2360 697 2405 nec
716 2342 785 2404 Boii
805 2345 1030 2406 detrectassent
1049 2360 1102 2419 pu-

124 2447 233 2508 gnam,
258 2427 289 2491 ni
310 2431 390 2490 lama
403 2428 550 2490 Insubres
569 2428 670 2490 victos
692 2429 793 2490 adlata
813 2426 933 2491 animos
953 2426 1104 2504 fregisset.

123 2514 229 2591 itaque
248 2510 354 2576 relicto
381 2515 461 2575 duce
486 2511 660 2590 castrisque
682 2511 824 2588 dissipati
845 2531 903 2589 per
922 2512 1027 2586 vicoS,
1049 2528 1104 2573 sua

127 2598 259 2676 quisque
272 2605 307 2660 ut
321 2598 535 2671 defenderent,
553 2598 703 2659 rationem
718 2597 845 2672 gerendi
859 2598 930 2659 belli
944 2596 1026 2659 hosti
1039 2614 1104 2656 mu-

125 2690 236 2745 tarunt
279 2680 395 2744 omissa
409 2679 490 2742 enim
505 2698 564 2757 spe
578 2699 636 2758 per
648 2699 742 2744 unam
753 2681 978 2744 dimicationem
991 2679 1037 2742 rei
1051 2681 1104 2742 de-

125 2767 309 2841 cernendae,
322 2783 431 2828 rursus
446 2765 590 2841 populari
603 2783 696 2843 agros
712 2773 743 2827 et
756 2783 846 2827 urere
860 2774 941 2828 tecta
953 2764 1105 2840 vicosque

124 2866 304 2927 expugnare
319 2848 430 2925 coepit.
452 2857 512 2925 per·
523 2849 650 2910 eosdem
663 2849 730 2911 dles
743 2849 920 2912 clastidtum
934 2849 1104 2910 incensum.

124 2931 197 2995 inde
210 2932 426 3009 inLigustinos
436 2934 558 3007 Ilvates,
575 2933 628 3010 qui
643 2931 703 2996 soli
716 2950 779 2995 non
794 2935 952 3011 parebant,
968 2931 1104 3008 legiones

125 3017 246 3079 ductae.
285 3033 323 3078 ea
344 3033 559 3094 quoquegens
573 3026 607 3079 ut
619 3018 766 3080 Insubres
787 3017 855 3081 acie
874 3017 990 3091 vlotoS,
1009 3015 1105 3078 Boios

123 3099 181 3177 ita,
202 3108 236 3162 ut
249 3109 398 3177 temptare
419 3117 507 3178 spem
528 3100 702 3165 certaminis
716 3119 779 3163 non
793 3103 956 3174 auderent,
982 3099 1105 3163 territos

3 3180 5 3203 '
123 3182 250 3259 audivit,
265 3183 297 3245 in
314 3183 467 3247 dicionem
476 3185 571 3248 venit.
590 3185 708 3250 litterae
720 3187 882 3248 consulum
892 3186 1051 3246 amborum
1066 3184 1106 3244 de

122 3268 218 3330 rebus
232 3266 264 3328 in
279 3268 377 3330 Gallia
390 3268 487 3346 gestis
501 3286 653 3348 prospere
674 3270 731 3331 sub
746 3267 828 3331 idem
841 3279 963 3346 tempus
976 3269 1105 3330 Romam

125 3352 258 3413 adlatae.
299 3352 341 3413 Μ.
358 3351 484 3429 Sergius
499 3362 624 3430 praetor
637 3351 724 3415 urbis
739 3351 770 3413 in
785 3363 894 3416 senatu
909 3369 978 3426 eas,
994 3349 1105 3412 deinde

122 3451 166 3496 ex
179 3434 358 3498 auctoritate
372 3444 491 3512 patrum
512 3439 552 3500 ad
572 3438 722 3514 populum
735 3436 884 3501 recitavit.
921 3431 1104 3510 supplicabo

122 3518 155 3578 in
172 3518 376 3595 quadriduum
392 3521 524 3582 decreta.
