2600 4000
225 235 287 298 roo
368 235 483 297 umen
496 234 617 296 xxxv.
639 234 723 294 cnr.
737 244 781 296 n.
796 242 840 295 a.
863 238 1058 334 [abaco]

225 389 315 449 datus
330 394 387 447 est
409 386 531 462 additur
545 386 573 446 ei
588 386 627 447 de
642 385 734 462 plebe
748 386 867 461 collega
878 386 928 445 Μ’.
939 386 1058 448 Acilius
1070 387 1210 452 Glabrio.

225 480 351 550 postero
366 470 417 543 die
432 478 590 546 praetores
606 470 697 530 creati
712 469 746 528 L.
756 469 906 530 Aemilius
919 468 1033 530 Paulus
1047 471 1088 530 Μ.
1100 471 1207 534 Aemi-

224 557 285 619 lius
298 548 433 631 Lepidus
455 554 495 613 hi.
511 553 614 614 lunius
630 554 742 613 Brutus
761 555 800 613 A.
816 552 975 613 Cornelius
991 552 1157 617 Mammula
1172 557 1207 617 C.
1294 606 1296 627 2

223 639 329 703 Livius
345 647 376 700 et
388 639 422 698 L.
442 636 576 713 Oppius=
601 637 724 712 utrique
741 652 848 697 eorum
864 635 1017 698 Salinator
1031 654 1208 713 cognomen

224 731 303 794 erat;
329 722 447 798 Oppius
460 722 487 782 is
502 727 582 794 erat,
606 721 658 796 qui
673 722 805 781 classem
819 719 924 795 viginti
939 719 1061 782 navium
1078 720 1110 781 in
1126 721 1208 783 Sici·

224 810 295 870 liam
309 808 447 869 duxerat.
476 804 594 865 interim
615 805 686 864 dum
708 802 781 865 novi
802 803 1000 879 magistratus
1021 806 1208 873 sortirentur

223 889 416 971 provincias,
436 887 476 946 Μ.
493 887 627 949 Baebius
642 905 661 948 a
674 886 838 948 Brundisio
859 903 927 948 curn
946 887 1088 949 omnibus
1103 887 1207 964 copiis

223 973 354 1037 transire
372 972 401 1031 in
417 970 542 1047 Epirum
555 977 604 1032 est
617 970 721 1033 iussus
735 977 766 1031 et
779 969 861 1031 circa
876 972 1073 1053 Apolloniam
1093 971 1207 1047 copias

224 1057 399 1126 continere;
422 1068 451 1116 et
464 1055 504 1114 hl.
520 1055 627 1117 Fulvio
643 1053 778 1131 praetori
792 1053 909 1115 urbano
927 1054 1082 1131 negotium
1098 1056 1206 1117 datum

224 1148 284 1214 est,
300 1147 334 1202 ut
348 1140 585 1215 quinqueremes
600 1156 700 1200 novas
719 1137 940 1214 quinquaginta
955 1141 1077 1199 iaceret.

308 1223 401 1285 XXV.
421 1223 459 1283 Et
473 1224 608 1298 populus
625 1223 749 1299 quidem
762 1224 920 1284 Romanus
941 1223 982 1283 ita
997 1238 1033 1282 se
1047 1223 1087 1282 ad
1103 1223 1206 1283 omnis

224 1314 353 1370 conatus
366 1306 510 1367 Antiochi
525 1306 737 1382 praeparabat.
763 1305 856 1366 Nabis
878 1304 937 1365 iam
958 1322 1020 1366 non
1042 1305 1206 1368 dilierebat

224 1391 350 1467 bellum,
372 1390 429 1450 sed
443 1406 562 1451 summa
573 1391 605 1450 vi
620 1390 764 1468 Gythium
779 1390 994 1466 oppugnabat,
1018 1397 1049 1450 et
1062 1392 1213 1451 inlensus

223 1475 367 1547 Achaeis,
380 1474 463 1549 quod
475 1474 622 1534 miserant
632 1473 772 1534 obsessis
785 1473 980 1549 praesidium,
993 1477 1085 1549 agios
1096 1490 1204 1535 eorum

223 1560 376 1620 vastabat
396 1557 513 1618 Achaei
527 1573 587 1618 non
603 1565 693 1617 antea
706 1557 775 1618 ansi
788 1572 955 1633 capessere
965 1557 1092 1630 bellum,
1110 1575 1202 1633 quam

225 1646 263 1704 ab
277 1644 376 1705 Roma
388 1641 587 1702 revertissent
600 1641 706 1715 legati,
724 1648 757 1701 ut
772 1641 845 1716 quid
860 1641 978 1701 senatui
993 1642 1129 1716 placeret
1142 1643 1202 1702 sci·

186 1780 189 1785 .
224 1736 305 1802 rent,
320 1734 393 1804 post
406 1725 535 1786 reditum
549 1726 719 1800 legatorum
733 1732 764 1785 et
778 1724 944 1801 Sicyonem
962 1725 1124 1785 concilium
1138 1726 1201 1784 edi·

223 1818 347 1883 xerunt,
361 1819 391 1871 et
402 1812 520 1886 legatos
533 1810 573 1868 ad
579 1809 610 1866 T.
620 1808 791 1883 Quinctium
802 1808 959 1882 miserunt,
976 1808 1028 1882 qui
1041 1807 1201 1869 consilium

224 1895 263 1954 ab
279 1911 316 1955 eo
332 1899 479 1969 peterent
504 1893 535 1952 in
557 1893 686 1953 concilio
708 1890 841 1964 omnium
864 1892 903 1951 ad
918 1891 1030 1951 bellum
1047 1893 1201 1967 extemplo

225 1977 450 2055 capessendum
464 1976 625 2046 inclinatae
637 1976 804 2037 sententiae
815 1980 916 2035 erant:
939 1975 1055 2036 litteme
1065 1977 1097 2036 Τ.
1110 1974 1197 2049 Quin·

225 2061 275 2123 etii
287 2060 510 2123 cunctationem
521 2059 697 2134 iniecerunt,
713 2061 823 2136 quibus
836 2066 943 2121 auctor
953 2067 1019 2120 erat
1030 2069 1213 2135 praetorem.

226 2148 419 2222 classemque
438 2145 606 2206 Romanam
627 2144 837 2220 exspectandi.
869 2159 937 2202 cum
959 2143 1131 2219 principum
1153 2143 1201 2203 alli

160 2251 161 2256 ¹
224 2230 255 2290 ln
275 2230 425 2292 sententia
444 2238 673 2305 permanerent,
698 2229 747 2288 alii
771 2226 917 2287 utendum
943 2227 1010 2287 eius
1032 2243 1122 2301 quem
1142 2227 1200 2302 ipsi

225 2313 454 2376 consuluissent
474 2312 602 2374 consilio
619 2317 795 2384 censerent,
817 2310 976 2372 multitudo
991 2311 1202 2386 Philopoeme-

224 2400 272 2457 nis
287 2397 468 2458 sententiam
479 2395 688 2469 exspectabat.
711 2402 835 2468 praetor
848 2394 874 2455 is
889 2402 952 2455 tum
967 2401 1047 2469 erat,
1063 2402 1094 2456 et
1104 2396 1203 2457 omnis

224 2495 262 2539 eo
277 2486 416 2555 tempore
431 2484 462 2537 et
478 2476 640 2550 pmdentta
655 2484 685 2536 et
699 2478 877 2538 auctoritate
898 2479 1041 2540 anteibat.
1069 2479 1096 2539 is
1114 2495 1203 2554 prae·

224 2562 305 2621 latus
319 2563 400 2621 bene
415 2566 624 2633 comparatum
640 2559 724 2635 apud
737 2560 881 2622 Achaeos
902 2577 989 2636 esse,
1010 2579 1050 2622 ne
1071 2569 1202 2639 praetor,
1289 2581 1292 2646 χ’

225 2661 294 2705 cum
308 2644 348 2703 de
362 2642 443 2703 bello
460 2641 682 2718 consuluisset,
703 2644 772 2719 ipse
792 2646 974 2705 sententiam
989 2645 1118 2720 diceret,
1141 2654 1203 2707 sta·

224 2734 310 2789 tuere
325 2743 417 2802 quam
432 2725 562 2803 primum
577 2726 665 2802 ipsos
681 2726 755 2802 quid
777 2730 889 2788 vellent
903 2727 1008 2791 iussit=
1031 2737 1202 2806 praetorem

224 2812 348 2871 decreta
361 2826 469 2872 eorum
483 2827 552 2871 cum
572 2811 634 2871 lide
648 2818 679 2871 et
693 2826 767 2872 cura
781 2820 996 2873 exsecuturum
1011 2813 1202 2874 adnisurum·

225 2909 300 2970 que,
316 2903 363 2968 ut,
380 2895 570 2970 quantumin
585 2894 714 2956 consilio
728 2894 862 2957 humano
882 2896 1016 2972 positum
1031 2904 1130 2970 esset,
1145 2911 1202 2955 nec

198 3049 200 3054 ι
224 2977 311 3053 pacis
326 2993 382 3039 eos
397 2979 565 3053 paeniteret
578 2995 636 3039 nec
650 2979 730 3039 belli.
752 2980 822 3054 plus
838 2995 876 3040 ea
892 2981 988 3041 oratio
1003 2979 1148 3041 momenti
1162 2978 1200 3039 ad

223 3061 393 3122 incitandos
415 3062 455 3122 ad
473 3063 586 3123 bellurn
607 3060 726 3136 habuit,
755 3080 846 3138 quam
867 3064 895 3124 si
915 3071 1022 3139 aperte
1042 3064 1201 3126 suadendo

225 3145 418 3219 cupiditatem
432 3161 484 3204 res
498 3146 624 3219 gerendi
645 3146 840 3208 ostendisset.
869 3148 974 3223 itaque
993 3149 1108 3225 ingenti
1129 3163 1196 3209 con·
1288 3213 1289 3216 Ἴ

224 3244 319 3289 sensu
333 3228 445 3289 bellum
460 3229 616 3289 decretum
631 3235 693 3300 est,
708 3236 828 3305 tempus
840 3237 871 3299 et
881 3231 958 3294 ratio
971 3227 1198 3292 administrandi

223 3312 290 3372 eius
306 3312 401 3372 libera
411 3312 545 3386 praetori
558 3313 718 3387 permissa.
738 3313 971 3390 Philopoemen,
987 3325 1199 3391 praeterquam
1283 3323 1288 3350 ⁴

224 3396 310 3473 quod
329 3395 370 3455 ita
384 3394 523 3468 Quinctio
545 3397 694 3470 placeret,
716 3403 746 3457 et
766 3396 835 3471 ipse
856 3399 1056 3476 existimabat¹
1071 3399 1200 3459 classem

223 3479 392 3542 Romanam
416 3479 676 3554 exspectandam,
703 3495 783 3554 quae
809 3483 926 3541 amari
952 3481 1098 3559 Gythinm
1123 3481 1201 3562 tueri
