<?xml version="1.0" encoding="UTF-8"?>
<!DOCTYPE html PUBLIC "-//W3C//DTD XHTML 1.0 Transitional//EN"
    "http://www.w3.org/TR/xhtml1/DTD/xhtml1-transitional.dtd">
<html xmlns="http://www.w3.org/1999/xhtml" xml:lang="en" lang="en">
 <head>
  <title>
</title>
<meta http-equiv="Content-Type" content="text/html;charset=utf-8" />
  <meta name='ocr-system' content='tesseract 3.04.00' />
  <meta name='ocr-capabilities' content='ocr_page ocr_carea ocr_par ocr_line ocrx_word'/>
</head>
<body>
  <div class='ocr_page' id='page_1' title='image "./aburbeconditali00mlgoog_0073.png"; bbox 0 0 2600 4000; ppageno 0'>
   <div class='ocr_carea' id='block_1_1' title="bbox 311 215 1096 291">
    <p class='ocr_par' dir='ltr' id='par_1_1' title="bbox 311 215 1096 291">
     <span class='ocr_line' id='line_1_1' title="bbox 311 215 1096 291; baseline 0.011 -17"><span class='ocrx_word' id='word_1_1' title='bbox 311 215 424 275; x_wconf 83' lang='lat' dir='ltr'>LIBER</span> <span class='ocrx_word' id='word_1_2' title='bbox 440 216 543 276; x_wconf 84' lang='lat' dir='ltr'>XXXI.</span> <span class='ocrx_word' id='word_1_3' title='bbox 567 215 649 274; x_wconf 86' lang='lat' dir='ltr'><strong>CAP.</strong></span> <span class='ocrx_word' id='word_1_4' title='bbox 660 223 699 277; x_wconf 67' lang='lat'><strong>44</strong></span> <span class='ocrx_word' id='word_1_5' title='bbox 716 225 759 277; x_wconf 77' lang='lat' dir='ltr'><strong>la.</strong></span> <span class='ocrx_word' id='word_1_6' title='bbox 776 224 814 291; x_wconf 80' lang='lat' dir='ltr'><strong>[a.</strong></span> <span class='ocrx_word' id='word_1_7' title='bbox 826 223 859 276; x_wconf 85' lang='lat'><strong>0.</strong></span> <span class='ocrx_word' id='word_1_8' title='bbox 871 224 934 290; x_wconf 70' lang='lat'><strong>200]</strong></span> <span class='ocrx_word' id='word_1_9' title='bbox 1050 220 1096 283; x_wconf 79' lang='lat'><strong>3⁹</strong></span> 
     </span>
    </p>
   </div>
   <div class='ocr_carea' id='block_1_2' title="bbox 109 368 1161 3545">
    <p class='ocr_par' dir='ltr' id='par_1_2' title="bbox 109 368 1161 2958">
     <span class='ocr_line' id='line_1_2' title="bbox 199 368 1092 446; baseline 0.007 -15"><span class='ocrx_word' id='word_1_10' title='bbox 199 370 298 431; x_wconf 82' lang='lat' dir='ltr'>XLIV.</span> <span class='ocrx_word' id='word_1_11' title='bbox 321 369 436 430; x_wconf 86' lang='lat' dir='ltr'><strong>classis</strong></span> <span class='ocrx_word' id='word_1_12' title='bbox 451 385 469 428; x_wconf 92' lang='lat' dir='ltr'><strong>a</strong></span> <span class='ocrx_word' id='word_1_13' title='bbox 484 368 621 446; x_wconf 80' lang='lat' dir='ltr'><strong>Corcyra</strong></span> <span class='ocrx_word' id='word_1_14' title='bbox 640 368 780 429; x_wconf 92' lang='lat' dir='ltr'><strong>eiusdem</strong></span> <span class='ocrx_word' id='word_1_15' title='bbox 798 368 948 446; x_wconf 87' lang='lat' dir='ltr'><strong>principio</strong></span> <span class='ocrx_word' id='word_1_16' title='bbox 967 373 1092 437; x_wconf 75' lang='lat' dir='ltr'><strong>aestatis</strong></span> 
     </span>
     <span class='ocr_line' id='line_1_3' title="bbox 123 451 1093 528; baseline 0.003 -13"><span class='ocrx_word' id='word_1_17' title='bbox 123 468 185 515; x_wconf 82' lang='lat' dir='ltr'><strong>eum</strong></span> <span class='ocrx_word' id='word_1_18' title='bbox 202 453 235 513; x_wconf 86' lang='lat' dir='ltr'><strong>L.</strong></span> <span class='ocrx_word' id='word_1_19' title='bbox 256 452 387 527; x_wconf 81' lang='lat' dir='ltr'><strong>Apustio</strong></span> <span class='ocrx_word' id='word_1_20' title='bbox 412 453 513 527; x_wconf 82' lang='lat' dir='ltr'><strong>legato</strong></span> <span class='ocrx_word' id='word_1_21' title='bbox 534 453 688 528; x_wconf 85' lang='lat' dir='ltr'><strong>prolecta,</strong></span> <span class='ocrx_word' id='word_1_22' title='bbox 710 451 809 514; x_wconf 73' lang='lat' dir='ltr'><strong>Malea</strong></span> <span class='ocrx_word' id='word_1_23' title='bbox 831 461 990 528; x_wconf 81' lang='lat' dir='ltr'><strong>superata,</strong></span> <span class='ocrx_word' id='word_1_24' title='bbox 1011 457 1093 518; x_wconf 89' lang='lat' dir='ltr'><strong>circa</strong></span> 
     </span>
     <span class='ocr_line' id='line_1_4' title="bbox 122 534 1092 616; baseline 0.002 -19"><span class='ocrx_word' id='word_1_25' title='bbox 122 535 288 616; x_wconf 79' lang='lat' dir='ltr'><strong>Scyllaeum</strong></span> <span class='ocrx_word' id='word_1_26' title='bbox 302 537 367 611; x_wconf 82' lang='lat' dir='ltr'><strong>agri</strong></span> <span class='ocrx_word' id='word_1_27' title='bbox 381 536 566 596; x_wconf 77' lang='lat' dir='ltr'>Hermionici</span> <span class='ocrx_word' id='word_1_28' title='bbox 578 537 681 596; x_wconf 83' lang='lat' dir='ltr'><strong>Attalo</strong></span> <span class='ocrx_word' id='word_1_29' title='bbox 696 534 762 611; x_wconf 83' lang='lat' dir='ltr'><strong>regi</strong></span> <span class='ocrx_word' id='word_1_30' title='bbox 777 537 939 596; x_wconf 87' lang='lat' dir='ltr'><strong>coniuncta</strong></span> <span class='ocrx_word' id='word_1_31' title='bbox 952 545 1009 598; x_wconf 89' lang='lat' dir='ltr'><strong>est.</strong></span> <span class='ocrx_word' id='word_1_32' title='bbox 1031 548 1092 599; x_wconf 92' lang='lat' dir='ltr'><strong>tum</strong></span> 
     </span>
     <span class='ocr_line' id='line_1_5' title="bbox 122 618 1092 695; baseline 0.003 -15"><span class='ocrx_word' id='word_1_33' title='bbox 122 635 187 682; x_wconf 89' lang='lat' dir='ltr'><strong>veru</strong></span> <span class='ocrx_word' id='word_1_34' title='bbox 200 620 432 681; x_wconf 72' lang='lat' dir='ltr'><strong>Atheniensium</strong></span> <span class='ocrx_word' id='word_1_35' title='bbox 447 620 561 694; x_wconf 80' lang='lat' dir='ltr'><strong>civitas,</strong></span> <span class='ocrx_word' id='word_1_36' title='bbox 579 619 627 680; x_wconf 89' lang='lat' dir='ltr'><strong>cui</strong></span> <span class='ocrx_word' id='word_1_37' title='bbox 643 619 714 680; x_wconf 91' lang='lat' dir='ltr'><strong>odio</strong></span> <span class='ocrx_word' id='word_1_38' title='bbox 730 620 762 680; x_wconf 94' lang='lat' dir='ltr'><strong>in</strong></span> <span class='ocrx_word' id='word_1_39' title='bbox 775 618 948 694; x_wconf 84' lang='lat' dir='ltr'>Philippum</span> <span class='ocrx_word' id='word_1_40' title='bbox 961 637 1017 695; x_wconf 85' lang='lat' dir='ltr'><strong>per</strong></span> <span class='ocrx_word' id='word_1_41' title='bbox 1030 638 1092 683; x_wconf 91' lang='lat' dir='ltr'><strong>me·</strong></span> 
     </span>
     <span class='ocr_line' id='line_1_6' title="bbox 120 702 1092 778; baseline 0.002 -14"><span class='ocrx_word' id='word_1_42' title='bbox 120 712 178 764; x_wconf 93' lang='lat' dir='ltr'><strong>tum</strong></span> <span class='ocrx_word' id='word_1_43' title='bbox 190 702 248 763; x_wconf 90' lang='lat' dir='ltr'><strong>iam</strong></span> <span class='ocrx_word' id='word_1_44' title='bbox 263 705 318 765; x_wconf 94' lang='lat' dir='ltr'><strong>diu</strong></span> <span class='ocrx_word' id='word_1_45' title='bbox 333 705 490 765; x_wconf 87' lang='lat' dir='ltr'><strong>moderata</strong></span> <span class='ocrx_word' id='word_1_46' title='bbox 503 710 581 777; x_wconf 88' lang='lat' dir='ltr'><strong>erat,</strong></span> <span class='ocrx_word' id='word_1_47' title='bbox 603 703 634 763; x_wconf 90' lang='lat' dir='ltr'><strong>id</strong></span> <span class='ocrx_word' id='word_1_48' title='bbox 650 719 741 763; x_wconf 90' lang='lat' dir='ltr'><strong>omne</strong></span> <span class='ocrx_word' id='word_1_49' title='bbox 758 703 788 762; x_wconf 89' lang='lat' dir='ltr'><strong>iu</strong></span> <span class='ocrx_word' id='word_1_50' title='bbox 803 703 909 763; x_wconf 81' lang='lat' dir='ltr'>auxilii</span> <span class='ocrx_word' id='word_1_51' title='bbox 921 707 1092 778; x_wconf 86' lang='lat' dir='ltr'><strong>praesentis</strong></span> 
     </span>
     <span class='ocr_line' id='line_1_7' title="bbox 119 787 1092 864; baseline 0.003 -16"><span class='ocrx_word' id='word_1_52' title='bbox 119 803 200 862; x_wconf 88' lang='lat' dir='ltr'><strong>spem</strong></span> <span class='ocrx_word' id='word_1_53' title='bbox 220 787 336 851; x_wconf 83' lang='lat' dir='ltr'><strong>effudit.</strong></span> <span class='ocrx_word' id='word_1_54' title='bbox 369 804 426 847; x_wconf 90' lang='lat' dir='ltr'><strong>nee</strong></span> <span class='ocrx_word' id='word_1_55' title='bbox 447 803 592 863; x_wconf 89' lang='lat' dir='ltr'><strong>umquam</strong></span> <span class='ocrx_word' id='word_1_56' title='bbox 606 787 648 846; x_wconf 92' lang='lat' dir='ltr'><strong>ibi</strong></span> <span class='ocrx_word' id='word_1_57' title='bbox 664 789 775 848; x_wconf 83' lang='lat' dir='ltr'>desunt</span> <span class='ocrx_word' id='word_1_58' title='bbox 795 787 917 862; x_wconf 79' lang='lat' dir='ltr'>linguae</span> <span class='ocrx_word' id='word_1_59' title='bbox 932 796 1092 864; x_wconf 75' lang='lat' dir='ltr'><strong>promptae</strong></span> 
     </span>
     <span class='ocr_line' id='line_1_8' title="bbox 118 871 1092 947; baseline 0.003 -17"><span class='ocrx_word' id='word_1_60' title='bbox 118 871 154 931; x_wconf 88' lang='lat' dir='ltr'><strong>ad</strong></span> <span class='ocrx_word' id='word_1_61' title='bbox 175 872 295 946; x_wconf 83' lang='lat' dir='ltr'><strong>plebem</strong></span> <span class='ocrx_word' id='word_1_62' title='bbox 322 871 550 941; x_wconf 78' lang='lat' dir='ltr'><strong>concitandam3</strong></span> <span class='ocrx_word' id='word_1_63' title='bbox 584 872 669 946; x_wconf 90' lang='lat' dir='ltr'><strong>quod</strong></span> <span class='ocrx_word' id='word_1_64' title='bbox 688 887 788 947; x_wconf 82' lang='lat' dir='ltr'><strong>genus</strong></span> <span class='ocrx_word' id='word_1_65' title='bbox 809 887 878 931; x_wconf 92' lang='lat' dir='ltr'><strong>cum</strong></span> <span class='ocrx_word' id='word_1_66' title='bbox 899 871 930 932; x_wconf 91' lang='lat' dir='ltr'><strong>in</strong></span> <span class='ocrx_word' id='word_1_67' title='bbox 951 874 1092 933; x_wconf 84' lang='lat' dir='ltr'><strong>omnibus</strong></span> 
     </span>
     <span class='ocr_line' id='line_1_9' title="bbox 117 953 1092 1033; baseline 0.005 -19"><span class='ocrx_word' id='word_1_68' title='bbox 117 954 213 1015; x_wconf 90' lang='lat' dir='ltr'><strong>liberis</strong></span> <span class='ocrx_word' id='word_1_69' title='bbox 229 953 412 1031; x_wconf 81' lang='lat' dir='ltr'><strong>civitatibus,</strong></span> <span class='ocrx_word' id='word_1_70' title='bbox 427 962 490 1015; x_wconf 93' lang='lat' dir='ltr'><strong>tum</strong></span> <span class='ocrx_word' id='word_1_71' title='bbox 505 954 673 1030; x_wconf 79' lang='lat' dir='ltr'><strong>praecipue</strong></span> <span class='ocrx_word' id='word_1_72' title='bbox 686 955 824 1028; x_wconf 87' lang='lat' dir='ltr'><strong>Athenis,</strong></span> <span class='ocrx_word' id='word_1_73' title='bbox 845 954 898 1016; x_wconf 91' lang='lat' dir='ltr'><strong>ubi</strong></span> <span class='ocrx_word' id='word_1_74' title='bbox 913 957 1010 1016; x_wconf 86' lang='lat' dir='ltr'><strong>oratio</strong></span> <span class='ocrx_word' id='word_1_75' title='bbox 1027 960 1092 1033; x_wconf 88' lang='lat' dir='ltr'><strong>plu-</strong></span> 
     </span>
     <span class='ocr_line' id='line_1_10' title="bbox 116 1038 1087 1115; baseline 0.005 -19"><span class='ocrx_word' id='word_1_76' title='bbox 116 1038 217 1099; x_wconf 90' lang='lat' dir='ltr'><strong>rimum</strong></span> <span class='ocrx_word' id='word_1_77' title='bbox 238 1041 349 1115; x_wconf 91' lang='lat' dir='ltr'><strong>pollet,</strong></span> <span class='ocrx_word' id='word_1_78' title='bbox 373 1041 478 1100; x_wconf 88' lang='lat' dir='ltr'><strong>lavore</strong></span> <span class='ocrx_word' id='word_1_79' title='bbox 493 1038 691 1099; x_wconf 79' lang='lat' dir='ltr'><strong>mtdtitudinis</strong></span> <span class='ocrx_word' id='word_1_80' title='bbox 707 1038 804 1100; x_wconf 87' lang='lat' dir='ltr'><strong>alitur.</strong></span> <span class='ocrx_word' id='word_1_81' title='bbox 833 1041 1023 1114; x_wconf 81' lang='lat' dir='ltr'><strong>rogationem</strong></span> <span class='ocrx_word' id='word_1_82' title='bbox 1039 1058 1087 1101; x_wconf 90' lang='lat' dir='ltr'><strong>ex·</strong></span> 
     </span>
     <span class='ocr_line' id='line_1_11' title="bbox 118 1123 1091 1199; baseline 0.005 -18"><span class='ocrx_word' id='word_1_83' title='bbox 118 1123 222 1199; x_wconf 90' lang='lat' dir='ltr'><strong>templo</strong></span> <span class='ocrx_word' id='word_1_84' title='bbox 238 1126 381 1198; x_wconf 85' lang='lat' dir='ltr'><strong>tulerunt,</strong></span> <span class='ocrx_word' id='word_1_85' title='bbox 395 1123 567 1199; x_wconf 87' lang='lat' dir='ltr'><strong>plebesque</strong></span> <span class='ocrx_word' id='word_1_86' title='bbox 582 1123 680 1195; x_wconf 75' lang='lat' dir='ltr'><strong>seivit,</strong></span> <span class='ocrx_word' id='word_1_87' title='bbox 695 1131 729 1184; x_wconf 91' lang='lat' dir='ltr'><strong>ut</strong></span> <span class='ocrx_word' id='word_1_88' title='bbox 738 1123 868 1199; x_wconf 90' lang='lat' dir='ltr'><strong>Philippi</strong></span> <span class='ocrx_word' id='word_1_89' title='bbox 883 1130 1003 1185; x_wconf 77' lang='lat' dir='ltr'><strong>statuae</strong></span> <span class='ocrx_word' id='word_1_90' title='bbox 1017 1125 1091 1186; x_wconf 88' lang='lat' dir='ltr'><strong>ima·</strong></span> 
     </span>
     <span class='ocr_line' id='line_1_12' title="bbox 116 1206 1091 1283; baseline 0.006 -18"><span class='ocrx_word' id='word_1_91' title='bbox 116 1206 196 1280; x_wconf 82' lang='lat' dir='ltr'><strong>giues</strong></span> <span class='ocrx_word' id='word_1_92' title='bbox 211 1223 331 1283; x_wconf 88' lang='lat' dir='ltr'><strong>omnes,</strong></span> <span class='ocrx_word' id='word_1_93' title='bbox 346 1207 533 1282; x_wconf 87' lang='lat' dir='ltr'><strong>nominaque</strong></span> <span class='ocrx_word' id='word_1_94' title='bbox 547 1222 660 1281; x_wconf 83' lang='lat' dir='ltr'><strong>earum,</strong></span> <span class='ocrx_word' id='word_1_95' title='bbox 675 1207 745 1267; x_wconf 93' lang='lat' dir='ltr'><strong>item</strong></span> <span class='ocrx_word' id='word_1_96' title='bbox 760 1207 908 1268; x_wconf 90' lang='lat' dir='ltr'><strong>maiorum</strong></span> <span class='ocrx_word' id='word_1_97' title='bbox 922 1209 989 1269; x_wconf 92' lang='lat' dir='ltr'><strong>eius</strong></span> <span class='ocrx_word' id='word_1_98' title='bbox 1004 1209 1091 1271; x_wconf 90' lang='lat' dir='ltr'><strong>virile</strong></span> 
     </span>
     <span class='ocr_line' id='line_1_13' title="bbox 116 1290 1089 1369; baseline 0.006 -21"><span class='ocrx_word' id='word_1_99' title='bbox 116 1305 148 1349; x_wconf 89' lang='lat' dir='ltr'><strong>ac</strong></span> <span class='ocrx_word' id='word_1_100' title='bbox 173 1290 322 1352; x_wconf 89' lang='lat' dir='ltr'><strong>muliebre</strong></span> <span class='ocrx_word' id='word_1_101' title='bbox 350 1306 442 1351; x_wconf 88' lang='lat' dir='ltr'><strong>secus</strong></span> <span class='ocrx_word' id='word_1_102' title='bbox 473 1291 605 1350; x_wconf 91' lang='lat' dir='ltr'><strong>omnium</strong></span> <span class='ocrx_word' id='word_1_103' title='bbox 633 1292 810 1352; x_wconf 90' lang='lat' dir='ltr'><strong>tollerentur</strong></span> <span class='ocrx_word' id='word_1_104' title='bbox 840 1292 1089 1369; x_wconf 85' lang='lat' dir='ltr'><strong>delerenturque;</strong></span> 
     </span>
     <span class='ocr_line' id='line_1_14' title="bbox 115 1373 1091 1452; baseline 0.004 -19"><span class='ocrx_word' id='word_1_105' title='bbox 115 1373 237 1450; x_wconf 88' lang='lat' dir='ltr'><strong>diesque</strong></span> <span class='ocrx_word' id='word_1_106' title='bbox 252 1375 340 1449; x_wconf 81' lang='lat' dir='ltr'><strong>testi,</strong></span> <span class='ocrx_word' id='word_1_107' title='bbox 363 1390 466 1449; x_wconf 87' lang='lat' dir='ltr'><strong>sacra,</strong></span> <span class='ocrx_word' id='word_1_108' title='bbox 482 1375 676 1448; x_wconf 84' lang='lat' dir='ltr'><strong>sacerdotes,</strong></span> <span class='ocrx_word' id='word_1_109' title='bbox 694 1391 774 1450; x_wconf 86' lang='lat' dir='ltr'><strong>quae</strong></span> <span class='ocrx_word' id='word_1_110' title='bbox 789 1375 887 1452; x_wconf 88' lang='lat' dir='ltr'><strong>ipsius</strong></span> <span class='ocrx_word' id='word_1_111' title='bbox 902 1376 1091 1438; x_wconf 83' lang='lat' dir='ltr'><strong>maiorumve</strong></span> 
     </span>
     <span class='ocr_line' id='line_1_15' title="bbox 115 1456 1091 1534; baseline 0.001 -19"><span class='ocrx_word' id='word_1_112' title='bbox 115 1456 175 1518; x_wconf 91' lang='lat' dir='ltr'><strong>eius</strong></span> <span class='ocrx_word' id='word_1_113' title='bbox 189 1458 319 1520; x_wconf 91' lang='lat' dir='ltr'><strong>honoris</strong></span> <span class='ocrx_word' id='word_1_114' title='bbox 334 1475 430 1519; x_wconf 90' lang='lat' dir='ltr'><strong>causa</strong></span> <span class='ocrx_word' id='word_1_115' title='bbox 442 1458 577 1519; x_wconf 85' lang='lat' dir='ltr'><strong>instituta</strong></span> <span class='ocrx_word' id='word_1_116' title='bbox 592 1466 707 1533; x_wconf 86' lang='lat' dir='ltr'><strong>essent,</strong></span> <span class='ocrx_word' id='word_1_117' title='bbox 723 1460 825 1520; x_wconf 87' lang='lat' dir='ltr'><strong>omnia</strong></span> <span class='ocrx_word' id='word_1_118' title='bbox 839 1460 1091 1534; x_wconf 70' lang='lat' dir='ltr'><strong>profanarenturz</strong></span> 
     </span>
     <span class='ocr_line' id='line_1_16' title="bbox 114 1542 1089 1619; baseline 0.006 -20"><span class='ocrx_word' id='word_1_119' title='bbox 114 1542 177 1601; x_wconf 87' lang='lat' dir='ltr'><strong>loca</strong></span> <span class='ocrx_word' id='word_1_120' title='bbox 191 1558 326 1619; x_wconf 90' lang='lat' dir='ltr'><strong>quoque,</strong></span> <span class='ocrx_word' id='word_1_121' title='bbox 349 1542 379 1602; x_wconf 94' lang='lat' dir='ltr'><strong>in</strong></span> <span class='ocrx_word' id='word_1_122' title='bbox 396 1543 507 1619; x_wconf 92' lang='lat' dir='ltr'><strong>quibus</strong></span> <span class='ocrx_word' id='word_1_123' title='bbox 522 1543 657 1618; x_wconf 92' lang='lat' dir='ltr'><strong>positum</strong></span> <span class='ocrx_word' id='word_1_124' title='bbox 672 1543 787 1619; x_wconf 88' lang='lat' dir='ltr'><strong>aliquid</strong></span> <span class='ocrx_word' id='word_1_125' title='bbox 802 1542 1021 1619; x_wconf 80' lang='lat' dir='ltr'><strong>inscriptumve</strong></span> <span class='ocrx_word' id='word_1_126' title='bbox 1035 1545 1089 1605; x_wconf 92' lang='lat' dir='ltr'><strong>ho·</strong></span> 
     </span>
     <span class='ocr_line' id='line_1_17' title="bbox 115 1626 1090 1703; baseline 0.004 -20"><span class='ocrx_word' id='word_1_127' title='bbox 115 1626 192 1686; x_wconf 90' lang='lat' dir='ltr'><strong>noris</strong></span> <span class='ocrx_word' id='word_1_128' title='bbox 212 1628 281 1689; x_wconf 89' lang='lat' dir='ltr'><strong>eius</strong></span> <span class='ocrx_word' id='word_1_129' title='bbox 304 1642 398 1687; x_wconf 87' lang='lat' dir='ltr'><strong>causa</strong></span> <span class='ocrx_word' id='word_1_130' title='bbox 418 1627 542 1700; x_wconf 91' lang='lat' dir='ltr'><strong>luisset,</strong></span> <span class='ocrx_word' id='word_1_131' title='bbox 564 1627 758 1689; x_wconf 87' lang='lat' dir='ltr'><strong>detestabilia</strong></span> <span class='ocrx_word' id='word_1_132' title='bbox 778 1642 864 1700; x_wconf 83' lang='lat' dir='ltr'><strong>esse,</strong></span> <span class='ocrx_word' id='word_1_133' title='bbox 886 1642 988 1703; x_wconf 91' lang='lat' dir='ltr'><strong>neque</strong></span> <span class='ocrx_word' id='word_1_134' title='bbox 1008 1627 1040 1687; x_wconf 91' lang='lat' dir='ltr'><strong>in</strong></span> <span class='ocrx_word' id='word_1_135' title='bbox 1054 1627 1090 1687; x_wconf 83' lang='lat' dir='ltr'><strong>iia</strong></span> 
     </span>
     <span class='ocr_line' id='line_1_18' title="bbox 116 1709 1092 1787; baseline 0.002 -18"><span class='ocrx_word' id='word_1_136' title='bbox 116 1709 276 1786; x_wconf 86' lang='lat' dir='ltr'><strong>quicquam</strong></span> <span class='ocrx_word' id='word_1_137' title='bbox 296 1717 406 1786; x_wconf 89' lang='lat' dir='ltr'><strong>postea</strong></span> <span class='ocrx_word' id='word_1_138' title='bbox 425 1712 499 1786; x_wconf 91' lang='lat' dir='ltr'><strong>poni</strong></span> <span class='ocrx_word' id='word_1_139' title='bbox 514 1711 713 1787; x_wconf 85' lang='lat' dir='ltr'><strong>dedicarique</strong></span> <span class='ocrx_word' id='word_1_140' title='bbox 727 1712 850 1786; x_wconf 87' lang='lat' dir='ltr'><strong>plaeere</strong></span> <span class='ocrx_word' id='word_1_141' title='bbox 865 1725 987 1784; x_wconf 87' lang='lat' dir='ltr'><strong>eorum,</strong></span> <span class='ocrx_word' id='word_1_142' title='bbox 1011 1725 1092 1786; x_wconf 88' lang='lat' dir='ltr'><strong>quae</strong></span> 
     </span>
     <span class='ocr_line' id='line_1_19' title="bbox 112 1791 1090 1871; baseline 0.003 -20"><span class='ocrx_word' id='word_1_143' title='bbox 112 1791 139 1851; x_wconf 90' lang='lat' dir='ltr'><strong>in</strong></span> <span class='ocrx_word' id='word_1_144' title='bbox 153 1796 221 1856; x_wconf 89' lang='lat' dir='ltr'><strong>loco</strong></span> <span class='ocrx_word' id='word_1_145' title='bbox 245 1811 323 1869; x_wconf 89' lang='lat' dir='ltr'><strong>puro</strong></span> <span class='ocrx_word' id='word_1_146' title='bbox 345 1792 420 1871; x_wconf 90' lang='lat' dir='ltr'><strong>poni</strong></span> <span class='ocrx_word' id='word_1_147' title='bbox 441 1795 639 1870; x_wconf 87' lang='lat' dir='ltr'><strong>dedicarique</strong></span> <span class='ocrx_word' id='word_1_148' title='bbox 655 1796 703 1855; x_wconf 87' lang='lat' dir='ltr'><strong>las</strong></span> <span class='ocrx_word' id='word_1_149' title='bbox 719 1801 811 1855; x_wconf 90' lang='lat' dir='ltr'><strong>esset.</strong></span> <span class='ocrx_word' id='word_1_150' title='bbox 841 1794 1020 1856; x_wconf 86' lang='lat' dir='ltr'><strong>sacerdotes</strong></span> <span class='ocrx_word' id='word_1_151' title='bbox 1036 1811 1090 1869; x_wconf 90' lang='lat' dir='ltr'><strong>pu-</strong></span> 
     </span>
     <span class='ocr_line' id='line_1_20' title="bbox 112 1875 1091 1955; baseline 0.002 -19"><span class='ocrx_word' id='word_1_152' title='bbox 112 1875 222 1951; x_wconf 90' lang='lat' dir='ltr'><strong>blicos,</strong></span> <span class='ocrx_word' id='word_1_153' title='bbox 239 1878 506 1953; x_wconf 87' lang='lat' dir='ltr'><strong>quotienscunque</strong></span> <span class='ocrx_word' id='word_1_154' title='bbox 527 1895 582 1953; x_wconf 91' lang='lat' dir='ltr'><strong>pro</strong></span> <span class='ocrx_word' id='word_1_155' title='bbox 597 1879 715 1955; x_wconf 92' lang='lat' dir='ltr'><strong>populo</strong></span> <span class='ocrx_word' id='word_1_156' title='bbox 729 1878 909 1939; x_wconf 85' lang='lat' dir='ltr'><strong>Atheniensi</strong></span> <span class='ocrx_word' id='word_1_157' title='bbox 924 1879 1091 1954; x_wconf 84' lang='lat' dir='ltr'><strong>sociisque,</strong></span> 
     </span>
     <span class='ocr_line' id='line_1_21' title="bbox 111 1962 1090 2039; baseline 0.004 -20"><span class='ocrx_word' id='word_1_158' title='bbox 111 1967 139 2022; x_wconf 91' lang='lat' dir='ltr'><strong>et</strong></span> <span class='ocrx_word' id='word_1_159' title='bbox 161 1962 348 2024; x_wconf 85' lang='lat' dir='ltr'><strong>exercitibus</strong></span> <span class='ocrx_word' id='word_1_160' title='bbox 373 1970 403 2024; x_wconf 90' lang='lat' dir='ltr'><strong>et</strong></span> <span class='ocrx_word' id='word_1_161' title='bbox 428 1962 580 2024; x_wconf 89' lang='lat' dir='ltr'><strong>classibus</strong></span> <span class='ocrx_word' id='word_1_162' title='bbox 606 1979 714 2025; x_wconf 90' lang='lat' dir='ltr'><strong>eorum</strong></span> <span class='ocrx_word' id='word_1_163' title='bbox 738 1970 949 2039; x_wconf 86' lang='lat' dir='ltr'><strong>precarentur,</strong></span> <span class='ocrx_word' id='word_1_164' title='bbox 979 1963 1090 2027; x_wconf 91' lang='lat' dir='ltr'><strong>totiens</strong></span> 
     </span>
     <span class='ocr_line' id='line_1_22' title="bbox 111 2044 1090 2124; baseline 0.004 -21"><span class='ocrx_word' id='word_1_165' title='bbox 111 2044 255 2107; x_wconf 88' lang='lat' dir='ltr'><strong>detestari</strong></span> <span class='ocrx_word' id='word_1_166' title='bbox 269 2053 362 2120; x_wconf 86' lang='lat' dir='ltr'><strong>atque</strong></span> <span class='ocrx_word' id='word_1_167' title='bbox 375 2045 532 2106; x_wconf 87' lang='lat' dir='ltr'><strong>exsecrari</strong></span> <span class='ocrx_word' id='word_1_168' title='bbox 542 2045 723 2121; x_wconf 87' lang='lat' dir='ltr'><strong>Philippum,</strong></span> <span class='ocrx_word' id='word_1_169' title='bbox 738 2048 851 2109; x_wconf 88' lang='lat' dir='ltr'><strong>liberos</strong></span> <span class='ocrx_word' id='word_1_170' title='bbox 867 2048 933 2108; x_wconf 91' lang='lat' dir='ltr'><strong>eius</strong></span> <span class='ocrx_word' id='word_1_171' title='bbox 949 2065 1090 2124; x_wconf 83' lang='lat' dir='ltr'><strong>regnum·</strong></span> 
     </span>
     <span class='ocr_line' id='line_1_23' title="bbox 109 2128 1161 2204; baseline 0 -15"><span class='ocrx_word' id='word_1_172' title='bbox 109 2145 185 2203; x_wconf 85' lang='lat' dir='ltr'><strong>que,</strong></span> <span class='ocrx_word' id='word_1_173' title='bbox 214 2134 375 2188; x_wconf 88' lang='lat' dir='ltr'><strong>terrestres</strong></span> <span class='ocrx_word' id='word_1_174' title='bbox 401 2129 589 2202; x_wconf 86' lang='lat' dir='ltr'><strong>navalesque</strong></span> <span class='ocrx_word' id='word_1_175' title='bbox 614 2128 737 2203; x_wconf 85' lang='lat' dir='ltr'><strong>copias,</strong></span> <span class='ocrx_word' id='word_1_176' title='bbox 764 2130 969 2190; x_wconf 86' lang='lat' dir='ltr'><strong>Macedonum</strong></span> <span class='ocrx_word' id='word_1_177' title='bbox 992 2146 1092 2204; x_wconf 82' lang='lat' dir='ltr'><strong>genus</strong></span> <span class='ocrx_word' id='word_1_178' title='bbox 1157 2163 1161 2170; x_wconf 35' lang='grc' dir='ltr'>ι</span> 
     </span>
     <span class='ocr_line' id='line_1_24' title="bbox 110 2209 1092 2287; baseline 0.004 -19"><span class='ocrx_word' id='word_1_179' title='bbox 110 2225 203 2271; x_wconf 90' lang='lat' dir='ltr'><strong>omne</strong></span> <span class='ocrx_word' id='word_1_180' title='bbox 223 2225 404 2287; x_wconf 89' lang='lat' dir='ltr'><strong>nomenque.</strong></span> <span class='ocrx_word' id='word_1_181' title='bbox 436 2209 571 2271; x_wconf 89' lang='lat' dir='ltr'><strong>additum</strong></span> <span class='ocrx_word' id='word_1_182' title='bbox 592 2210 731 2284; x_wconf 89' lang='lat' dir='ltr'><strong>decreto,</strong></span> <span class='ocrx_word' id='word_1_183' title='bbox 753 2211 865 2286; x_wconf 91' lang='lat' dir='ltr'><strong>siquis</strong></span> <span class='ocrx_word' id='word_1_184' title='bbox 886 2211 960 2286; x_wconf 91' lang='lat' dir='ltr'><strong>quid</strong></span> <span class='ocrx_word' id='word_1_185' title='bbox 973 2219 1092 2287; x_wconf 89' lang='lat' dir='ltr'><strong>postea,</strong></span> 
     </span>
     <span class='ocr_line' id='line_1_25' title="bbox 109 2292 1092 2371; baseline 0.001 -17"><span class='ocrx_word' id='word_1_186' title='bbox 109 2293 195 2370; x_wconf 90' lang='lat' dir='ltr'><strong>quod</strong></span> <span class='ocrx_word' id='word_1_187' title='bbox 210 2293 250 2353; x_wconf 91' lang='lat' dir='ltr'><strong>ad</strong></span> <span class='ocrx_word' id='word_1_188' title='bbox 266 2301 369 2355; x_wconf 67' lang='lat' dir='ltr'><strong>nomm</strong></span> <span class='ocrx_word' id='word_1_189' title='bbox 383 2292 642 2370; x_wconf 80' lang='lat' dir='ltr'><strong>ignominiamque</strong></span> <span class='ocrx_word' id='word_1_190' title='bbox 657 2293 786 2370; x_wconf 88' lang='lat' dir='ltr'><strong>Philippi</strong></span> <span class='ocrx_word' id='word_1_191' title='bbox 799 2295 974 2371; x_wconf 86' lang='lat' dir='ltr'><strong>pertineret,</strong></span> <span class='ocrx_word' id='word_1_192' title='bbox 991 2296 1092 2370; x_wconf 79' lang='lat' dir='ltr'><strong>terret,</strong></span> 
     </span>
     <span class='ocr_line' id='line_1_26' title="bbox 109 2376 1092 2455; baseline 0.005 -19"><span class='ocrx_word' id='word_1_193' title='bbox 109 2377 139 2437; x_wconf 93' lang='lat' dir='ltr'><strong>id</strong></span> <span class='ocrx_word' id='word_1_194' title='bbox 155 2394 247 2441; x_wconf 89' lang='lat' dir='ltr'><strong>omne</strong></span> <span class='ocrx_word' id='word_1_195' title='bbox 267 2380 415 2455; x_wconf 90' lang='lat' dir='ltr'><strong>populum</strong></span> <span class='ocrx_word' id='word_1_196' title='bbox 429 2376 648 2440; x_wconf 83' lang='lat' dir='ltr'><strong>Atheniensem</strong></span> <span class='ocrx_word' id='word_1_197' title='bbox 666 2377 837 2451; x_wconf 79' lang='lat' dir='ltr'><strong>iussurum3</strong></span> <span class='ocrx_word' id='word_1_198' title='bbox 859 2378 971 2454; x_wconf 90' lang='lat' dir='ltr'><strong>siquis</strong></span> <span class='ocrx_word' id='word_1_199' title='bbox 987 2387 1092 2441; x_wconf 85' lang='lat' dir='ltr'><strong>contra</strong></span> 
     </span>
     <span class='ocr_line' id='line_1_27' title="bbox 111 2459 1092 2540; baseline 0.006 -21"><span class='ocrx_word' id='word_1_200' title='bbox 111 2459 303 2535; x_wconf 80' lang='lat' dir='ltr'><strong>ignominiam</strong></span> <span class='ocrx_word' id='word_1_201' title='bbox 328 2480 425 2539; x_wconf 91' lang='lat' dir='ltr'><strong>prove</strong></span> <span class='ocrx_word' id='word_1_202' title='bbox 451 2463 568 2524; x_wconf 93' lang='lat' dir='ltr'><strong>honore</strong></span> <span class='ocrx_word' id='word_1_203' title='bbox 593 2462 659 2523; x_wconf 90' lang='lat' dir='ltr'><strong>eius</strong></span> <span class='ocrx_word' id='word_1_204' title='bbox 686 2462 816 2524; x_wconf 86' lang='lat' dir='ltr'><strong>dixisset</strong></span> <span class='ocrx_word' id='word_1_205' title='bbox 836 2463 1014 2539; x_wconf 88' lang='lat' dir='ltr'><strong>lecissetve,</strong></span> <span class='ocrx_word' id='word_1_206' title='bbox 1040 2464 1092 2540; x_wconf 90' lang='lat' dir='ltr'><strong>qui</strong></span> 
     </span>
     <span class='ocr_line' id='line_1_28' title="bbox 112 2546 1091 2624; baseline 0.008 -20"><span class='ocrx_word' id='word_1_207' title='bbox 112 2546 276 2608; x_wconf 89' lang='lat' dir='ltr'><strong>occidisset</strong></span> <span class='ocrx_word' id='word_1_208' title='bbox 294 2564 378 2624; x_wconf 88' lang='lat' dir='ltr'><strong>eum,</strong></span> <span class='ocrx_word' id='word_1_209' title='bbox 404 2548 470 2612; x_wconf 90' lang='lat' dir='ltr'><strong>iure</strong></span> <span class='ocrx_word' id='word_1_210' title='bbox 492 2562 663 2607; x_wconf 87' lang='lat' dir='ltr'><strong>caesuram.</strong></span> <span class='ocrx_word' id='word_1_211' title='bbox 694 2554 851 2621; x_wconf 89' lang='lat' dir='ltr'><strong>postremo</strong></span> <span class='ocrx_word' id='word_1_212' title='bbox 871 2548 1036 2624; x_wconf 87' lang='lat' dir='ltr'><strong>inclusum,</strong></span> <span class='ocrx_word' id='word_1_213' title='bbox 1050 2557 1091 2612; x_wconf 88' lang='lat' dir='ltr'><strong>ut</strong></span> 
     </span>
     <span class='ocr_line' id='line_1_29' title="bbox 113 2630 1088 2708; baseline 0.003 -18"><span class='ocrx_word' id='word_1_214' title='bbox 113 2630 1088 2708; x_wconf 81' lang='lat' dir='ltr'><strong>omniaquaeadversusPisistratldasdecretaquondamerant</strong></span> 
     </span>
     <span class='ocr_line' id='line_1_30' title="bbox 113 2715 1086 2793; baseline 0.006 -21"><span class='ocrx_word' id='word_1_215' title='bbox 113 2716 217 2775; x_wconf 90' lang='lat' dir='ltr'><strong>eadem</strong></span> <span class='ocrx_word' id='word_1_216' title='bbox 238 2716 268 2775; x_wconf 93' lang='lat' dir='ltr'><strong>in</strong></span> <span class='ocrx_word' id='word_1_217' title='bbox 282 2715 422 2793; x_wconf 91' lang='lat' dir='ltr'><strong>Philippo</strong></span> <span class='ocrx_word' id='word_1_218' title='bbox 445 2722 650 2777; x_wconf 88' lang='lat' dir='ltr'><strong>servarentur.</strong></span> <span class='ocrx_word' id='word_1_219' title='bbox 683 2716 894 2778; x_wconf 87' lang='lat' dir='ltr'><strong>Athenienses</strong></span> <span class='ocrx_word' id='word_1_220' title='bbox 904 2716 1029 2791; x_wconf 89' lang='lat' dir='ltr'><strong>quidem</strong></span> <span class='ocrx_word' id='word_1_221' title='bbox 1044 2717 1086 2778; x_wconf 92' lang='lat' dir='ltr'><strong>lit·</strong></span> 
     </span>
     <span class='ocr_line' id='line_1_31' title="bbox 112 2796 1086 2876; baseline 0.003 -21"><span class='ocrx_word' id='word_1_222' title='bbox 112 2796 181 2859; x_wconf 91' lang='lat' dir='ltr'><strong>teris</strong></span> <span class='ocrx_word' id='word_1_223' title='bbox 196 2800 372 2875; x_wconf 88' lang='lat' dir='ltr'><strong>verbisque,</strong></span> <span class='ocrx_word' id='word_1_224' title='bbox 389 2800 501 2876; x_wconf 91' lang='lat' dir='ltr'><strong>quibus</strong></span> <span class='ocrx_word' id='word_1_225' title='bbox 516 2799 591 2859; x_wconf 91' lang='lat' dir='ltr'><strong>solis</strong></span> <span class='ocrx_word' id='word_1_226' title='bbox 606 2800 717 2874; x_wconf 82' lang='lat' dir='ltr'><strong>valent,</strong></span> <span class='ocrx_word' id='word_1_227' title='bbox 732 2799 844 2860; x_wconf 92' lang='lat' dir='ltr'><strong>bellum</strong></span> <span class='ocrx_word' id='word_1_228' title='bbox 858 2800 1009 2861; x_wconf 87' lang='lat' dir='ltr'><strong>adversus</strong></span> <span class='ocrx_word' id='word_1_229' title='bbox 1021 2799 1086 2859; x_wconf 86' lang='lat' dir='ltr'><strong>Phi·</strong></span> 
     </span>
     <span class='ocr_line' id='line_1_32' title="bbox 112 2879 396 2958; baseline 0.011 -20"><span class='ocrx_word' id='word_1_230' title='bbox 112 2879 227 2958; x_wconf 91' lang='lat' dir='ltr'><strong>lippum</strong></span> <span class='ocrx_word' id='word_1_231' title='bbox 241 2884 396 2958; x_wconf 80' lang='lat' dir='ltr'><strong>gerebant.</strong></span> 
     </span>
    </p>

    <p class='ocr_par' dir='ltr' id='par_1_3' title="bbox 114 2964 1116 3545">
     <span class='ocr_line' id='line_1_33' title="bbox 191 2964 1090 3043; baseline -0.002 -16"><span class='ocrx_word' id='word_1_232' title='bbox 191 2967 283 3027; x_wconf 88' lang='lat' dir='ltr'>XLV.</span> <span class='ocrx_word' id='word_1_233' title='bbox 303 2968 423 3028; x_wconf 86' lang='lat' dir='ltr'><strong>Attalus</strong></span> <span class='ocrx_word' id='word_1_234' title='bbox 443 2968 635 3043; x_wconf 88' lang='lat' dir='ltr'><strong>Romanique</strong></span> <span class='ocrx_word' id='word_1_235' title='bbox 663 2983 732 3027; x_wconf 89' lang='lat' dir='ltr'><strong>cum</strong></span> <span class='ocrx_word' id='word_1_236' title='bbox 752 2965 911 3028; x_wconf 90' lang='lat' dir='ltr'><strong>Piraeeum</strong></span> <span class='ocrx_word' id='word_1_237' title='bbox 931 2965 1029 3041; x_wconf 90' lang='lat' dir='ltr'><strong>primo</strong></span> <span class='ocrx_word' id='word_1_238' title='bbox 1051 2964 1090 3025; x_wconf 89' lang='lat' dir='ltr'><strong>ab</strong></span> 
     </span>
     <span class='ocr_line' id='line_1_34' title="bbox 114 3048 1116 3127; baseline 0 -18"><span class='ocrx_word' id='word_1_239' title='bbox 114 3048 273 3112; x_wconf 87' lang='lat' dir='ltr'><strong>Hermione</strong></span> <span class='ocrx_word' id='word_1_240' title='bbox 294 3052 457 3126; x_wconf 86' lang='lat' dir='ltr'><strong>petissent,</strong></span> <span class='ocrx_word' id='word_1_241' title='bbox 477 3066 595 3127; x_wconf 88' lang='lat' dir='ltr'><strong>paucos</strong></span> <span class='ocrx_word' id='word_1_242' title='bbox 616 3049 658 3109; x_wconf 91' lang='lat' dir='ltr'><strong>ibi</strong></span> <span class='ocrx_word' id='word_1_243' title='bbox 678 3050 787 3112; x_wconf 90' lang='lat' dir='ltr'><strong>morati</strong></span> <span class='ocrx_word' id='word_1_244' title='bbox 808 3050 890 3122; x_wconf 87' lang='lat' dir='ltr'><strong>dies,</strong></span> <span class='ocrx_word' id='word_1_245' title='bbox 913 3049 1090 3125; x_wconf 76' lang='lat' dir='ltr'><strong>oneratique</strong></span> <span class='ocrx_word' id='word_1_246' title='bbox 1113 3079 1116 3085; x_wconf 21' lang='grc' dir='ltr'><strong>Δ</strong></span> 
     </span>
     <span class='ocr_line' id='line_1_35' title="bbox 114 3132 1090 3210; baseline 0.001 -19"><span class='ocrx_word' id='word_1_247' title='bbox 114 3146 208 3210; x_wconf 85' lang='lat' dir='ltr'><strong>aeque</strong></span> <span class='ocrx_word' id='word_1_248' title='bbox 229 3134 399 3196; x_wconf 89' lang='lat' dir='ltr'><strong>immodicis</strong></span> <span class='ocrx_word' id='word_1_249' title='bbox 422 3135 462 3195; x_wconf 86' lang='lat' dir='ltr'><strong>ad</strong></span> <span class='ocrx_word' id='word_1_250' title='bbox 476 3135 611 3196; x_wconf 89' lang='lat' dir='ltr'><strong>honores</strong></span> <span class='ocrx_word' id='word_1_251' title='bbox 632 3134 802 3206; x_wconf 90' lang='lat' dir='ltr'><strong>sociorum,</strong></span> <span class='ocrx_word' id='word_1_252' title='bbox 826 3140 917 3209; x_wconf 89' lang='lat' dir='ltr'><strong>alque</strong></span> <span class='ocrx_word' id='word_1_253' title='bbox 932 3132 962 3192; x_wconf 92' lang='lat' dir='ltr'><strong>in</strong></span> <span class='ocrx_word' id='word_1_254' title='bbox 977 3132 1023 3193; x_wconf 86' lang='lat' dir='ltr'><strong>ira</strong></span> <span class='ocrx_word' id='word_1_255' title='bbox 1036 3132 1090 3192; x_wconf 90' lang='lat' dir='ltr'><strong>ad·</strong></span> 
     </span>
     <span class='ocr_line' id='line_1_36' title="bbox 116 3217 1092 3294; baseline 0.003 -21"><span class='ocrx_word' id='word_1_256' title='bbox 116 3231 220 3280; x_wconf 86' lang='lat' dir='ltr'><strong>versus</strong></span> <span class='ocrx_word' id='word_1_257' title='bbox 235 3218 355 3280; x_wconf 89' lang='lat' dir='ltr'><strong>hostem</strong></span> <span class='ocrx_word' id='word_1_258' title='bbox 373 3220 507 3294; x_wconf 85' lang='lat' dir='ltr'><strong>lucrant,</strong></span> <span class='ocrx_word' id='word_1_259' title='bbox 527 3218 760 3280; x_wconf 88' lang='lat' dir='ltr'><strong>Atheniensium</strong></span> <span class='ocrx_word' id='word_1_260' title='bbox 775 3217 923 3294; x_wconf 87' lang='lat' dir='ltr'><strong>decretis,</strong></span> <span class='ocrx_word' id='word_1_261' title='bbox 947 3217 1092 3291; x_wconf 81' lang='lat' dir='ltr'><strong>navigant</strong></span> 
     </span>
     <span class='ocr_line' id='line_1_37' title="bbox 114 3299 1090 3378; baseline 0 -20"><span class='ocrx_word' id='word_1_262' title='bbox 114 3299 267 3365; x_wconf 85' lang='lat' dir='ltr'><strong>aPiraeeo</strong></span> <span class='ocrx_word' id='word_1_263' title='bbox 281 3303 429 3365; x_wconf 76' lang='lat' dir='ltr'><strong>Andrum.</strong></span> <span class='ocrx_word' id='word_1_264' title='bbox 458 3311 488 3364; x_wconf 90' lang='lat' dir='ltr'><strong>et</strong></span> <span class='ocrx_word' id='word_1_265' title='bbox 502 3320 570 3364; x_wconf 88' lang='lat' dir='ltr'><strong>cum</strong></span> <span class='ocrx_word' id='word_1_266' title='bbox 584 3303 615 3363; x_wconf 92' lang='lat' dir='ltr'><strong>in</strong></span> <span class='ocrx_word' id='word_1_267' title='bbox 634 3310 740 3378; x_wconf 88' lang='lat' dir='ltr'><strong>portu,</strong></span> <span class='ocrx_word' id='word_1_268' title='bbox 762 3317 853 3378; x_wconf 90' lang='lat' dir='ltr'><strong>quem</strong></span> <span class='ocrx_word' id='word_1_269' title='bbox 869 3302 1022 3363; x_wconf 83' lang='lat' dir='ltr'><strong>Gaureion</strong></span> <span class='ocrx_word' id='word_1_270' title='bbox 1036 3315 1090 3359; x_wconf 90' lang='lat' dir='ltr'><strong>vo-</strong></span> 
     </span>
     <span class='ocr_line' id='line_1_38' title="bbox 115 3385 1090 3469; baseline -0.004 -25"><span class='ocrx_word' id='word_1_271' title='bbox 115 3393 181 3446; x_wconf 87' lang='lat' dir='ltr'><strong>cant</strong></span> <span class='ocrx_word' id='word_1_272' title='bbox 221 3387 443 3462; x_wconf 79' lang='lat' dir='ltr'><strong>constitissent,</strong></span> <span class='ocrx_word' id='word_1_273' title='bbox 465 3387 569 3448; x_wconf 92' lang='lat' dir='ltr'><strong>missis</strong></span> <span class='ocrx_word' id='word_1_274' title='bbox 592 3387 643 3462; x_wconf 92' lang='lat' dir='ltr'><strong>qui</strong></span> <span class='ocrx_word' id='word_1_275' title='bbox 664 3391 846 3460; x_wconf 82' lang='lat' dir='ltr'><strong>temptarent</strong></span> <span class='ocrx_word' id='word_1_276' title='bbox 866 3385 1090 3469; x_wconf 85' lang='lat' dir='ltr'><strong>oppidanomm</strong></span> 
     </span>
     <span class='ocr_line' id='line_1_39' title="bbox 115 3462 1091 3545; baseline -0.007 -19"><span class='ocrx_word' id='word_1_277' title='bbox 115 3467 244 3545; x_wconf 78' lang='lat' dir='ltr'><strong>munos,</strong></span> <span class='ocrx_word' id='word_1_278' title='bbox 265 3470 291 3532; x_wconf 90' lang='lat' dir='ltr'><strong>si</strong></span> <span class='ocrx_word' id='word_1_279' title='bbox 311 3473 467 3533; x_wconf 89' lang='lat' dir='ltr'><strong>voluntate</strong></span> <span class='ocrx_word' id='word_1_280' title='bbox 488 3472 609 3532; x_wconf 88' lang='lat' dir='ltr'><strong>tradere</strong></span> <span class='ocrx_word' id='word_1_281' title='bbox 633 3470 741 3530; x_wconf 93' lang='lat' dir='ltr'><strong>urbem</strong></span> <span class='ocrx_word' id='word_1_282' title='bbox 762 3485 853 3544; x_wconf 86' lang='lat' dir='ltr'><strong>quarn</strong></span> <span class='ocrx_word' id='word_1_283' title='bbox 874 3468 936 3527; x_wconf 91' lang='lat' dir='ltr'><strong>vim</strong></span> <span class='ocrx_word' id='word_1_284' title='bbox 957 3462 1091 3539; x_wconf 78' lang='lat' dir='ltr'><strong>experiri</strong></span> 
     </span>
    </p>
   </div>
   <div class='ocr_carea' id='block_1_3' title="bbox 0 0 1304 4000">
    <p class='ocr_par' dir='ltr' id='par_1_4' title="bbox 0 0 1304 4000">
     <span class='ocr_line' id='line_1_40' title="bbox 0 0 1304 4000; baseline 0 2"><span class='ocrx_word' id='word_1_285' title='bbox 0 0 1304 4000; x_wconf 95' lang='lat' dir='ltr'><strong> </strong></span> 
     </span>
    </p>
   </div>
  </div>
 </body>
</html>
