2600 4000
199 258 262 323 ros
332 256 447 322 unua
460 254 593 317 xxxtu.
616 256 699 317 oar.
713 265 757 318 ιι.
772 266 816 319 a.
839 258 875 335 [ι.
890 263 924 320 o.
940 282 964 318 ι.
979 231 1049 330 eso

279 410 354 472 Cum
367 406 418 472 hio
433 414 531 470 status
545 422 648 468 rerum
667 405 699 468 in
712 405 791 468 Asia
811 405 1003 484 Graeciaque
1023 415 1054 469 et
1072 408 1176 470 lloee-

196 492 289 557 donia
302 500 402 563 esset,
424 489 552 556 vixdum
565 489 727 553 terminato
742 507 812 551 eum
822 489 963 567 Philippo
978 491 1075 566 bello,
1096 507 1177 567 paee

196 584 279 640 certe
303 576 441 638 nondum
460 581 651 650 perpetrata,
678 572 841 649 ingens-in
859 573 1012 651 Hispania
1029 574 1177 638 ulteriore

195 670 336 723 euenum
349 667 401 721 est
412 659 536 722 bollum.
569 658 612 720 ll.
626 656 756 719 Helvius
770 657 1045 734 comprovinciam
1057 657 1176 720 obtine·

194 746 256 806 bat.
293 741 444 806 islitteris
460 740 778 804 senatum-ardorem
792 740 865 803 feeit
880 741 1070 803 Crdohamot
1081 740 1177 804 Luni·

194 828 278 890 nium
291 827 419 903 regulos
432 825 572 890 inrarmis
585 841 673 897 essee
689 825 880 888 uinculolta
894 826 1175 902 deeommeptem

195 911 326 988 oppida,
344 925 413 971 oum
426 906 690 971 Luuinio·volidas
705 908 803 970 rubes
814 908 995 971 &monem
1014 910 1175 971 etBardo·

195 1013 266 1058 nem
284 993 323 1054 in·
336 991 493 1054 maritima>
507 1009 562 1053 ora
579 990 750 1054 Malaoinos
770 992 1005 1070 Sexetanosque
1019 1001 1051 1055 et
1063 994 1171 1055 Baetra

194 1081 271 1139 riam
285 1093 416 1151 omnem,
431 1084 558 1152 etquao
567 1075 836 1139 nondumanimos
845 1075 1038 1150 nudaverint,
1053 1077 1095 1138 ad
1108 1077 1172 1140 lini·

195 1162 338 1225 umorum
357 1168 464 1223 motus
479 1170 723 1224 consumatum.
763 1159 813 1221 bis
833 1158 949 1244 litterisx
962 1178 991 1221 a.
1003 1161 1044 1222 lli·
1066 1158 1174 1235 Sergio

195 1253 349 1322 praetorso
362 1243 449 1306 ouius
463 1242 633 1306 iurisdictio
648 1244 728 1307 inter
742 1243 820 1306 civis
835 1245 879 1322 [et
890 1243 1085 1324 peregrinos]
1101 1252 1174 1318 erat,

194 1326 331 1391 recitatis
346 1329 550 1392 deereverunt
563 1336 683 1404 patres,
708 1338 743 1390 ut
763 1326 901 1389 oomitiis
914 1337 1091 1404 praetorum
1104 1344 1175 1404 per-

196 1411 300 1487 leolis,
330 1413 379 1475 otri
404 1410 539 1489 praetori
566 1411 735 1488 provincia
750 1410 902 1487 Hispania
926 1412 1119 1487 obuenisset,
1146 1410 1175 1472 is

196 1496 294 1573 primo
319 1513 445 1572 quoque
465 1505 603 1572 ternpore
623 1497 663 1557 de
683 1497 764 1557 bello
786 1494 954 1570 Hispaniae
974 1497 1016 1557 ad
1035 1503 1174 1558 senatum

195 1582 332 1642 referret.

278 1665 370 1726 XXlI.
391 1663 456 1725 Sub
471 1662 553 1725 idem
567 1672 692 1739 tempus
704 1664 852 1726 eonsules
864 1665 993 1725 Romam
1014 1671 1181 1738 venerunt,

197 1746 356 1825 quibusda
370 1748 449 1809 aede
462 1748 609 1810 Bellonae
630 1754 770 1808 senatum
789 1746 985 1808 habentibus·
995 1745 1175 1822 postulanti·

195 1833 318 1909 busque
337 1830 523 1907 triumphurn
543 1831 584 1904 ob
603 1846 657 1891 res
675 1846 826 1906 prospere
847 1832 929 1893 bello
944 1838 1048 1906 gestos
1062 1831 1095 1891 C.
1109 1829 1176 1892 ati·

196 1915 385 1976 nius-Labeo
399 1921 430 1975 et
440 1913 473 1972 G.
488 1912 763 1975 Adroniustribuni
776 1913 893 1990 plebio,
908 1922 942 1977 ut
955 1915 1123 1990 seperatim
1136 1914 1176 1976 de

192 1996 348 2072 vtriumpho
364 2004 491 2073 agerent
511 1998 672 2073 eonsules,
693 2001 905 2074 postularunt:
927 2016 1121 2063 conununem
1141 2014 1177 2060 se

198 2079 376 2142 relationem
390 2082 429 2142 de
444 2097 482 2142 ea
495 2097 529 2143 re
543 2080 610 2143 fieri
624 2098 687 2143 non
701 2099 868 2159 passuros,
890 2098 935 2145 ne
950 2082 1129 2158 perbonos
1143 2080 1176 2143 in
1297 2144 1298 2161 χ

197 2163 315 2242 dispari
334 2164 441 2229 merito
462 2173 555 2228 esset.
603 2182 673 2229 oum
694 2166 728 2241 Q.
742 2165 1177 2242 Minucius-utriqueltaliam

196 2248 388 2326 provinciam
403 2249 551 2326 obtigisse
561 2250 687 2327 diceret,
703 2251 856 2313 communi
867 2249 968 2315 annuo
980 2249 1177 2326 oonsiuoquo

198 2351 233 2394 se
258 2342 289 2395 et
314 2335 464 2410 collegam
488 2351 539 2395 res
565 2335 719 2410 gessisse,
744 2336 826 2411 etc.
848 2333 1018 2397 cornelius.
1039 2333 1178 2396 adioeret

197 2416 292 2479 Boios
307 2417 459 2478 adversus
475 2432 510 2477 se
525 2416 778 2492 transgredientis
791 2419 923 2493 Padum,
947 2428 981 2481 ut
993 2417 1176 2481 Insubribus

198 2498 446 2573 Cenomanisque
460 2497 575 2560 auxilio
590 2507 711 2572 esseut,
737 2500 954 2577 depopulante
965 2499 1053 2564 uicos
1068 2518 1176 2565 eorum

199 2590 291 2655 atque
305 2598 400 2656 agros
413 2583 533 2657 eollego
547 2583 656 2645 adsue
670 2584 784 2645 tuenda
804 2601 940 2649 aversos·
954 2601 1042 2661 esse,
1063 2585 1175 2648 tribuni

197 2671 362 2725 res-tuntas
376 2663 458 2727 bello
471 2663 613 2747 gessisse
627 2665 659 2726 G.
674 2667 845 2731 corneliano
859 2669 962 2744 lateri,
982 2677 1019 2733 ul
1035 2687 1098 2731 nou
1112 2685 1173 2731 rna«

199 2748 247 2823 gis
263 2748 302 2807 de
321 2746 564 2824 triumpho-eius
585 2766 679 2826 quam
693 2751 733 2813 de
745 2752 865 2816 honore
880 2754 948 2817 diis
954 2752 1175 2817 immortalibus

197 2831 340 2893 habendo
356 2830 487 2897 dubitari
501 2834 611 2909 possit.
633 2844 812 2901 nontamen
827 2854 886 2901 noe
899 2837 985 2901 illum
997 2854 1055 2901 neo
1071 2853 1175 2915 quana

107 2960 113 2969 .
199 2930 291 2990 quam
311 2915 402 2981 ulium
424 2915 523 2979 nivern
547 2927 663 2983 anton
684 2921 780 2996 gretia
794 2929 889 2997 alque
903 2919 1174 2998 opibusvaluisse,

198 3005 233 3060 ut
253 3014 323 3061 otuu
344 3001 403 3062 sibi
427 2999 567 3065 meritum
590 3002 776 3080 triumphurn
800 3005 1023 3083 imponassoo„
1038 3006 1175 3080 eollegee
1297 3020 1298 3037 ³

198 3082 331 3145 eundern
351 3084 501 3147 honorem
518 3085 701 3150 immeritum
721 3088 926 3165 impudenter
940 3088 1067 3166 pelenti
1078 3090 1175 3153 daret

198 3165 233 3239 Q.
247 3165 412 3230 Minucium
427 3167 459 3231 in
477 3167 640 3246 Liguibus
661 3171 742 3235 levia
755 3173 887 3249 proelia,
902 3173 1176 3252 letdiguadietu,

198 3248 327 3325 iecisse,
349 3251 380 3312 in
401 3251 498 3315 Gallia
516 3271 661 3330 magnum
687 3256 995 3323 nurnerunrmilitum
1015 3257 1175 3321 arrisisse:
1297 3328 1298 3331 Ἴ

199 3332 375 3430 nominatim
390 3334 480 3398 etiam
494 3336 633 3402 uibunos
647 3339 784 3418 militum,
797 3344 830 3403 T.
839 3343 1010 3406 Iuventium
1025 3341 1176 3416 cnuigu
1297 3352 1298 3359 ’

198 3434 277 3479 rrum
295 3419 426 3496 legionis
448 3429 590 3499 quartae,
615 3425 748 3488 adverse
768 3443 873 3502 pugne
893 3442 964 3489 eum
983 3425 1094 3489 nrultis
1106 3422 1176 3485 aliis

122 3537 126 3543 ·
201 3500 273 3564 viris
293 3503 438 3580 fortibus,
460 3504 579 3569 civibus
594 3524 631 3569 oo
651 3509 761 3585 sociis,
784 3509 946 3571 cecidisse.
990 3507 1175 3585 oppidorum
