2600 4000
196 209 257 274 roe
326 187 586 296 clarenduna.
609 206 692 267 cnr.
707 214 751 268 ro.
765 215 810 268 ao.
833 214 869 280 p.
887 211 920 263 c.
935 229 960 265 0.
974 213 1038 281 ccc]

195 378 297 440 neque
310 362 420 423 ducem
434 360 597 423 habehant
638 357 812 435 proximum
831 359 912 421 bello
936 362 1020 437 quod
1040 369 1120 439 erat,
1140 361 1172 424 in

194 444 386 510 latrocinium
405 442 490 505 versi
510 441 589 504 elios
610 441 642 503 iu
662 441 821 518 hospitiis,
842 442 921 505 alios
943 460 1041 521 vagos
1056 463 1114 521 per
1126 446 1171 508 hi-

108 587 111 593 .
193 533 289 594 horna
302 527 430 602 milites,
451 526 492 588 ad
505 525 609 588 varios
630 524 829 587 commeantis
849 543 942 602 usus,
966 527 1173 606 excipiebant

194 613 319 692 quidam
333 612 365 673 in
379 610 458 688 ipsis
472 608 632 673 itineribus
647 611 689 670 ad
699 617 788 671 notas
799 610 933 672 latebras
947 611 987 672 ab
1001 610 1172 674 insidianti-
1193 629 1198 637 ·

193 700 268 772 bus,
288 712 362 773 pars
376 694 407 756 in
423 694 546 756 deserta
559 710 617 770 per
630 693 769 755 haudem
783 692 963 756 deversoria
976 694 1101 758 deducti
1116 711 1168 773 op

193 780 409 860 primebautur.
431 785 587 853 postremo
597 793 660 839 non
673 785 787 838 tantum
797 776 921 839 ebodio
934 778 991 840 sed
1004 777 1096 840 etiarn
1107 777 1171 841 avi·

193 865 286 929 ditate
293 861 428 941 praedae
435 859 572 923 facinora
579 860 702 934 flebant,
712 860 966 937 quianegctiandi
975 862 1172 926 fermeeausa

192 957 354 1024 argentum
367 942 501 1006 incenis
515 945 665 1006 hahentes
678 942 710 1004 in
724 943 944 1007 commeatibus
965 954 1060 1008 eraut
1103 962 1172 1009 cum

152 1089 155 1095 .
192 1032 291 1109 primo
304 1027 412 1105 pauci,
434 1026 546 1089 deinde
560 1026 591 1088 in
605 1026 674 1090 dies
688 1029 795 1104 plures
809 1026 1073 1105 desiderarentur,
1093 1028 1172 1092 inia-

191 1114 251 1176 mis
259 1109 467 1175 esseBoeotia
481 1110 580 1173 omnis
591 1109 704 1187 coepit,
715 1121 747 1173 et
756 1109 892 1173 timidius
904 1129 997 1189 quam
1006 1110 1039 1174 iu
1050 1113 1172 1176 hostico

193 1195 299 1274 egredi
314 1194 424 1257 castris
434 1192 533 1256 miles.
548 1192 777 1274 tquuinectius
791 1197 910 1271 legatos
924 1195 966 1258 ad
980 1198 1172 1272 querendum

194 1283 232 1345 de
246 1276 415 1341 latrociniis
429 1294 487 1354 per
501 1277 640 1342 civitates
655 1277 753 1342 mittit
794 1277 946 1355 plurimae
959 1282 1072 1341 caedes
1087 1287 1171 1341 eirca

193 1362 361 1440 Copaidem
375 1362 519 1438 paludem
532 1361 690 1424 inventae:
711 1361 754 1423 ibi
773 1372 814 1424 ex
833 1361 906 1424 limo
922 1370 1008 1426 eruta
1021 1371 1170 1426 muncia-

194 1463 255 1525 que
269 1463 310 1507 ex
324 1453 433 1529 stagno
448 1447 601 1507 cadavere
613 1444 699 1508 saxis
720 1452 773 1508 aut
786 1444 959 1523 amphoris,
979 1455 1014 1508 ut
1032 1447 1172 1523 pondere

193 1530 384 1594 traherentur
397 1529 429 1590 in
443 1529 640 1608 prosapiam,
654 1529 786 1591 adnexa.
807 1531 901 1593 mnnita
913 1529 1050 1593 facinora
1056 1532 1171 1593 Acrae-

192 1614 286 1692 phiae
300 1622 331 1677 et
344 1614 504 1676 Coroneae
518 1615 600 1676 iacta
617 1611 861 1688 inveniebamur.
897 1612 1056 1689 Quinctius
1070 1613 1170 1691 primo

192 1697 306 1761 noxios
320 1696 399 1760 tradi
413 1697 473 1759 sibi
486 1696 586 1773 iussit,
602 1705 633 1759 et
646 1713 703 1773 pro
720 1695 896 1774 quingentis
910 1696 1057 1760 militibus
1070 1729 1114 1743 --
1126 1704 1169 1760 tot

193 1781 275 1845 enim
293 1779 468 1857 interempti
482 1789 569 1844 erant
580 1816 624 1830 —
638 1778 807 1858 quingenta
819 1782 933 1843 talenta
944 1781 1082 1844 Boeotos
1098 1797 1171 1844 con·

189 1868 283 1928 terre.
306 1881 436 1942 quorum
447 1865 614 1927 cumfleret
624 1873 774 1940 neutrum,
788 1864 892 1927 verbis
903 1873 1021 1928 tanturn
1032 1864 1171 1928 civitates

193 1957 379 2013 excusarent
404 1947 479 2010 nihil
500 1946 628 2025 ‚publico
655 1948 785 2012 consilio
812 1950 926 2011 lactum
950 1965 1037 2026 esse,
1066 1947 1171 2012 missis

192 2033 331 2095 Athenas
352 2042 384 2095 et
402 2031 434 2093 in
453 2031 603 2094 Achaiam
627 2033 753 2109 legatis,
778 2032 831 2111 qui
857 2040 1042 2096 testarentur
1065 2032 1172 2096 socios

192 2116 274 2180 iusto
288 2115 404 2194 pioque
418 2132 454 2178 se
464 2117 545 2179 hello
560 2117 946 2195 persecuturumBoeotos‚
962 2125 993 2180 et
1003 2135 1074 2180 cum
1084 2124 1173 2194 purte

193 2200 353 2278 copiarum
371 2203 431 2278 Ap.
447 2200 573 2264 Claudio
592 2200 799 2278 Acraephiam
818 2200 863 2262 ire
882 2201 987 2276 iusso,
1011 2200 1081 2278 ipse
1102 2217 1173 2263 cum

192 2293 280 2362 parte
295 2285 465 2347 Coroneam
479 2284 676 2347 circumsedit
690 2283 820 2346 vasmtis
831 2282 917 2360 prius
932 2284 1031 2362 agris,
1056 2301 1120 2362 qua
1131 2285 1171 2346 ab

191 2368 290 2431 Elatia
305 2370 366 2431 duo
380 2368 504 2430 diversa
514 2366 636 2443 agnina
645 2367 720 2429 iere.
741 2368 799 2428 hac
810 2368 946 2444 perculsi
958 2365 1172 2444 cladeBoeoti‚

193 2469 264 2514 cum
276 2451 378 2513 omnia
392 2459 509 2512 terrore
523 2467 560 2511 ac
575 2452 647 2526 iuga
662 2453 815 2526 completa
829 2459 949 2528 essent,
970 2454 1090 2530 legatos
1104 2450 1172 2513 mit·

194 2543 269 2597 tunt
291 2533 345 2609 qui
359 2549 429 2595 cum
442 2531 474 2593 in
489 2541 591 2594 castra
604 2550 667 2594 non
682 2535 925 2612 adrmtterentur,
946 2534 1064 2598 Achaei
1077 2536 1172 2598 Athe·

194 2616 383 2693 nieusesque
398 2625 650 2692 supervenerunt.
692 2619 763 2693 plus
784 2618 973 2683 auctoritatis
985 2619 1104 2682 Achaei
1118 2619 1172 2679 ha·

193 2700 545 2777 bueruntdeprecantes‚
557 2699 638 2777 quia,
651 2699 683 2762 ni
694 2700 910 2779 impetrassent
920 2701 1173 2781 pucemBoeotis,

106 2814 114 2827 ·
195 2782 308 2847 bellum
322 2783 412 2845 simul
427 2800 534 2861 gerere
549 2786 758 2848 decreverant
779 2803 836 2863 per
844 2788 990 2850 Achaeos
1005 2795 1036 2850 et
1044 2785 1173 2850 Boeotis

194 2868 286 2944 copia
299 2866 433 2929 adeundi
446 2867 698 2947 adloquendique
711 2871 883 2932 Romanum
897 2872 978 2933 lacta
991 2879 1048 2947 est,
1062 2867 1174 2932 iussis·

196 2967 257 3027 que
276 2951 398 3014 tradere
418 2950 531 3014 noxios
552 2962 584 3015 et
602 2955 716 3016 multae
735 2953 860 3017 nomme
883 2954 1006 3032 triginta
1031 2954 1174 3017 conterre
1290 2947 1292 2981 ³

194 3036 308 3098 talenta
321 3052 385 3112 pax
399 3036 479 3112 deta,
493 3045 525 3098 et
537 3037 576 3099 ab
591 3037 823 3114 oppugnatione
835 3055 1005 3101 recessum.

277 3120 368 3182 XXX.
388 3120 509 3182 Paucos
522 3128 595 3197 post
608 3120 677 3183 dies
691 3121 799 3184 decem
810 3122 902 3199 legati
916 3123 956 3184 ab
966 3123 1065 3185 Roma
1079 3122 1184 3182 vene·v

194 3211 280 3278 runt,
300 3220 432 3281 quorum
446 3220 487 3266 ex
503 3203 632 3267 consilio
648 3221 712 3281 pax
727 3207 799 3269 data
811 3206 952 3284 Philippo
967 3205 999 3267 in
1013 3207 1071 3268 has
1085 3207 1173 3281 leges

149 3318 152 3323 ·
194 3295 252 3363 est,
265 3295 300 3350 ut
314 3304 422 3350 omnes
436 3287 621 3351 Graecorum
634 3287 783 3367 civitates,
798 3307 878 3367 quae
892 3291 923 3351 in
936 3291 1064 3367 Europa
1077 3303 1174 3366 quae·

195 3386 257 3448 quo
275 3368 307 3433 in
325 3369 404 3433 Asia
422 3379 543 3447 esseut,
568 3370 740 3435 libertatem
759 3390 797 3436 ac
812 3391 886 3436 suas
900 3375 1050 3437 haherent
1067 3374 1173 3448 leges;

195 3472 276 3532 quae
297 3472 402 3518 earum
424 3457 481 3518 sub
502 3453 624 3519 dicione
643 3455 776 3534 Philippi
794 3457 940 3522 luissent.
959 3454 1118 3534 praesidia
1132 3470 1174 3516 ex
