2600 4000
201 277 268 344 lat
351 276 466 338 LIBER
479 277 616 337 xitxlv.
635 275 718 336 cap,
732 284 759 340 a.
772 284 815 338 ao.
836 275 874 372 [ι.
885 282 923 336 υ.
934 300 958 335 ο.
971 278 1035 357 ssr]

200 435 257 497 sed
279 435 432 495 Graecum
452 429 600 508 oppidum
623 428 655 490 in
669 445 754 490 mare
773 426 950 505 expositum
964 436 1064 493 tatum·
1075 428 1180 491 orbem

199 517 277 580 muri
291 516 393 579 minus
409 514 653 592 quadringentos
667 528 783 589 passus
797 519 953 589 patentem
965 510 1113 584 habebam
1129 510 1188 589 His

199 600 307 679 spanis
320 598 481 663 retractior
494 615 513 659 a
526 596 604 659 meri
617 596 709 658 trium
720 594 836 657 milium
847 611 997 671 passuum
1007 595 1040 656 in
1053 594 1182 659 enerdtn

198 702 304 748 murus
318 693 393 746 erat.
416 681 537 744 tertium
548 698 647 758 genus
659 678 792 742 Romani
802 677 906 741 eoionl
917 679 957 739 ab
968 678 1041 741 divo
1049 679 1183 741 &estre

198 777 271 847 post
282 767 422 831 devictos
428 764 556 842 Pompei
566 764 682 827 liberas
688 763 811 826 adiecti.
826 762 950 825 nuncin
960 778 1077 840 eorpus
1086 778 1183 826 unum

200 852 322 916 contusi
336 866 444 913 omnes
458 847 606 925 Hispanis
621 848 719 925 prius,
734 855 893 927 postremo
907 853 939 908 et
952 845 1079 908 (imonis
1093 845 1125 907 in
1141 847 1183 909 ei·
1295 852 1296 869 ³

199 937 322 999 vitatem
335 935 504 995 Romanam
518 931 657 999 adsoitis.
698 930 873 1004 miraretur,
896 929 949 1007 qni
965 940 1031 992 tum
1043 940 1183 993 strueret

198 1028 306 1097 aperto
320 1016 397 1078 mari
411 1017 450 1078 ab
464 1018 560 1077 nitere
573 1024 670 1091 parte,
686 1015 728 1076 ab
740 1015 836 1076 attera
849 1012 1009 1092 Hispanis,
1022 1022 1085 1076 tnm
1099 1017 1183 1077 serae

198 1113 229 1165 et
242 1100 409 1164 bellicosae
423 1099 522 1176 genti,
544 1098 701 1174 abieotos,
716 1112 863 1175 quaeres
877 1115 934 1161 eos
949 1105 1107 1161 tutaretur.
1136 1098 1182 1159 di·

198 1184 330 1262 seiplina
349 1192 415 1246 erat
437 1191 543 1246 eustos
563 1182 765 1267 infirmimtis,
794 1199 887 1260 qnam
910 1182 990 1245 inter
1013 1181 1183 1255 validiores
1241 1210 1245 1215 ·

198 1268 313 1346 optime
324 1266 568 1342 timoreontinet
590 1275 709 1344 partem
719 1267 799 1329 muri
812 1282 936 1329 versam
945 1266 978 1328 in
989 1282 1083 1343 agros
1093 1281 1182 1342 egre
1211 1307 1216 1313 -

198 1354 248 1430 gie
260 1352 407 1414 munitum
420 1352 583 1427 habebant,
598 1368 660 1413 una
674 1360 791 1414 tantum
801 1350 832 1412 in
844 1367 911 1413 eam
922 1350 1081 1428 regionem
1091 1357 1183 1426 ports

198 1436 356 1514 imposita,
373 1435 461 1498 euius
475 1436 626 1497 adsiduus
642 1444 750 1499 eustos
766 1451 890 1512 semper
902 1433 1016 1512 anquis
1030 1450 1072 1495 ex
1085 1432 1182 1510 magi·

198 1520 343 1584 stratibus
358 1528 432 1583 erat
454 1528 545 1582 noete
558 1537 633 1596 pars
647 1518 737 1582 tertia
751 1518 863 1581 civium
883 1519 915 1580 in
935 1517 1033 1581 muris
1046 1518 1182 1579 mouba-

197 1607 264 1678 bat3
289 1612 393 1681 neque
406 1603 502 1667 moris
517 1611 742 1686 eausatantum
757 1610 811 1677 eut
824 1602 917 1679 legis,
944 1604 1003 1665 sed
1023 1609 1139 1678 quanta
1152 1601 1182 1663 si

197 1688 296 1751 hostis
317 1690 479 1765 adportas
496 1696 596 1764 esset,
617 1688 784 1749 servabant
796 1686 920 1762 vigilias
935 1695 966 1748 et
979 1685 1183 1751 circumibant

171 1791 175 1798 ’
198 1791 282 1835 oure.
308 1772 480 1848 Hispanum
493 1771 646 1834 neminem
660 1770 691 1831 in
706 1772 814 1833 urbem
827 1769 1028 1847 reeipiebant
1063 1785 1103 1831 ne
1117 1768 1183 1845 ipsi

199 1857 325 1932 quidem
337 1865 452 1918 temere
466 1856 542 1917 urbe
556 1855 758 1917 excedebant.
786 1855 827 1915 ad
840 1871 926 1916 mare
940 1854 1067 1931 patebat
1080 1853 1179 1915 omni-

197 1942 256 2002 bns
280 1938 391 2001 exitus.
428 1947 517 2015 porta
537 1939 577 1999 nd
590 1937 798 2015 Hispanorum
821 1938 971 2022 oppidum
985 1954 1079 2001 versa
1093 1954 1181 1998 nnm-

199 2040 290 2101 quam
297 2022 358 2084 nisi
369 2023 557 2102 trequentes,
570 2039 643 2099 pars
654 2023 743 2085 tertia
753 2024 826 2096 sere,
839 2023 928 2085 euius
939 2022 1182 2100 prnxlmenoete

198 2105 320 2183 vigiliae
334 2106 365 2168 in
379 2106 476 2169 muris
496 2109 630 2181 merant,
654 2107 898 2185 egrediebantur.
936 2122 1032 2168 eausa
1039 2106 1182 2167 exeundi

197 2193 275 2253 haee
289 2198 363 2254 erat
397 2191 581 2254 commercio
596 2207 704 2254 eorum
717 2190 848 2269 Hispani
862 2190 1072 2268 imprudentes
1086 2188 1182 2252 maris

197 2277 387 2353 gaudebant,
410 2276 605 2352 mercarique
625 2285 657 2338 et
675 2275 738 2352 ipsi
755 2292 794 2336 ea
809 2291 891 2351 quae
904 2273 1181 2337 externa'navibns

196 2361 422 2434 inveherentur,
437 2370 469 2421 et
482 2376 626 2437 agrorum
640 2359 765 2435 exigere
779 2359 897 2422 nauus
912 2359 1066 2422 volebant
1086 2356 1181 2422 nutus

196 2444 292 2507 mutui
306 2459 383 2506 usus
398 2443 600 2518 desiderium,
622 2450 656 2503 nt
668 2442 806 2517 Hispana
819 2444 895 2504 urbs
910 2441 1036 2505 Graecis
1050 2450 1181 2519 pateret,

197 2529 336 2589 iaciebat.
377 2535 465 2588 erant
485 2525 635 2587 etiamen
657 2524 800 2601 tutiores,
822 2527 908 2603 qnod
921 2528 980 2589 sub
993 2526 1180 2590 umbra-Ro·
1295 2565 1296 2570 κ

196 2627 304 2670 manae
319 2607 470 2670 amicitiae
489 2609 638 2682 latebant;
665 2625 757 2686 qnam
777 2609 857 2672 sient
876 2609 1046 2673 minoribns
1061 2608 1180 2671 viribus

197 2710 289 2770 quam
302 2691 522 2767 Massiliensis,
546 2691 613 2769 pari
628 2694 771 2756 colebant
785 2691 857 2756 fide.
886 2703 948 2757 tum
963 2710 1090 2772 quoqne
1104 2709 1178 2755 eon·

197 2779 294 2839 sulem
309 2775 539 2854 exercitumque
555 2776 683 2840 comiter
695 2793 732 2839 aa
744 2777 877 2855 benigne
887 2786 1086 2857 aeceperunt.
1101 2794 1178 2854 pau·
1229 2831 1232 2832 γ

197 2879 252 2922 eos
267 2860 309 2922 ibi
323 2869 460 2923 moratus
476 2862 543 2924 dies
555 2861 639 2937 cato,
654 2864 727 2923 dnm
738 2864 923 2939 exploraret,
937 2862 1032 2925 abiet
1045 2869 1179 2940 quantae

135 2945 140 2954 ’
194 2944 329 3006 hostium
349 2945 460 3022 appiae
480 2955 600 3021 essent,
622 2955 657 3009 nt
670 2961 710 3008 ne
724 2963 811 3008 mora
823 2945 948 3023 quidem
965 2945 1071 3023 segnis
1083 2953 1178 3016 esset,

189 3045 286 3104 ,omne
298 3028 329 3090 id
345 3037 465 3106 tempus
480 3030 665 3093 exercendis
679 3029 825 3092 miiin'bus
840 3031 1043 3108 consumpsit
1065 3030 1099 3091 id
1112 3037 1178 3089 erat

197 3113 273 3173 forte
294 3122 414 3189 tempus
435 3113 522 3187 anni,
543 3122 578 3175 ut
597 3115 782 3176 frumentum
795 3113 826 3175 in
841 3113 923 3177 areis
937 3113 1068 3192 Hispani
1081 3114 1178 3174 habe·

194 3204 270 3260 rent.
292 3196 411 3274 ‚itaque
424 3197 671 3273 redemptoribus
691 3196 794 3260 vetitis
809 3197 993 3261 numentum
1013 3214 1125 3276 perure
1139 3211 1178 3271 ae

194 3282 323 3341 Romam
339 3280 477 3343 dimissis
492 3282 643 3358 „benum‘
657 3280 758 3360 inquit
771 3298 827 3356 „se
840 3281 945 3359 ipsum
958 3284 1050 3345 siet.“
1071 3280 1176 3358 proie-

183 3379 262 3426 utus
273 3363 473 3442 abEmpords
481 3379 575 3441 agros
585 3365 721 3429 hostium
731 3364 792 3427 urit
802 3375 975 3444 vastatque,
988 3365 1092 3429 omnia
1102 3367 1178 3441 stiga

194 3456 224 3509 et
235 3456 354 3510 terrore
372 3450 514 3526 complet.

272 3533 309 3594 Χ.
331 3533 448 3595 Eodem
462 3540 601 3612 tempore
614 3534 656 3594 Μ.
671 3532 782 3594 Helvio
798 3533 960 3597 decedenti
974 3551 1015 3596 ex
1028 3531 1176 3596 ulteriore
