2600 4000
217 190 281 253 256
335 188 451 249 LIBER
463 186 598 248 XXXVI.
620 184 703 246 CAP·
714 191 758 246 to.
769 192 815 246 41.
825 192 871 247 la.
894 189 930 257 [a.
942 188 978 243 U.
989 205 1013 239 c.
1024 186 1088 255 561]

217 340 330 405 tribuni
339 341 421 402 bello
432 339 533 400 alieno
547 354 583 400 se
593 338 747 413 illigantis,
760 346 795 399 ut
805 353 881 399 suae
895 336 1041 397 victoriae
1051 337 1157 398 lructu
1168 354 1205 398 se

217 426 388 497 fraudaret,
411 439 479 484 cum
493 421 701 497 disseruisset,
721 422 830 482 milites
845 427 1062 482 exauctoratos
1076 421 1205 484 dimisit

301 509 377 569 XLl.
398 509 477 568 Dum
490 506 567 567 hacc
581 506 612 565 in
625 505 713 566 ltalia
726 511 880 581 geruntur,
897 504 1070 566 Antiochus
1084 505 1205 581 Ephesi

218 608 348 656 securus
369 591 535 653 admodum
555 589 595 650 dc
614 589 698 650 bello
717 589 857 651 Romano
877 593 944 648 erat
962 595 1119 664 tamquam
1141 607 1203 652 nou

218 675 391 741 transituris
405 675 436 736 in
448 675 554 735 Asiam
564 673 723 735 Romanis.
744 689 836 749 quam
846 672 1041 734 securitatem
1051 673 1080 733 ei
1091 690 1205 749 magna

219 780 292 840 pars
313 761 479 822 amicorum
501 764 553 819 ant
566 772 622 832 per
635 771 772 818 errorem
786 765 838 819 aut
851 756 1044 818 adsentando
1060 756 1203 819 iaciebat,

218 846 368 908 Hannibal
382 859 472 915 unus,
487 841 576 903 cuius
591 857 628 902 co
643 848 783 915 tempore
796 841 846 901 vel
860 841 994 901 maxima
1003 840 1088 917 apud
1096 856 1204 917 regem

220 929 386 992 auctoritas
400 934 480 1000 erat,
502 927 600 1001 magis
614 924 717 986 mirari
732 941 768 985 se
782 923 898 997 aiebat,
919 923 1004 1001 quod
1018 939 1081 986 non
1096 924 1157 984 iarn
1173 925 1206 985 in

218 1014 296 1073 Asia
316 1017 422 1072 essent
441 1010 587 1082 Romani,
607 1026 700 1085 qnam
718 1015 865 1070 venturos
886 1008 1035 1070 dubitare.
1072 1009 1206 1085 propius

220 1110 293 1157 esse
305 1111 346 1155 ex
358 1093 486 1155 Graecia
500 1093 532 1153 in
541 1093 649 1154 Asiam
662 1109 754 1169 quam
769 1107 809 1152 ex
821 1092 907 1153 ltalia
916 1092 948 1153 in
961 1092 1120 1153 Graeciam
1132 1093 1206 1154 trai-

222 1194 302 1253 cere,
318 1185 350 1238 et
362 1179 455 1238 multo
470 1178 616 1239 maiorem
631 1192 757 1239 causam
770 1175 955 1238 Antiochum
970 1191 1062 1251 quam
1072 1177 1206 1238 Aetolos

221 1278 303 1323 esse.
325 1277 427 1337 neque
441 1262 522 1322 enim
535 1261 611 1321 mari
624 1262 726 1322 minus
738 1276 830 1336 quam
843 1267 925 1321 terra
937 1260 1055 1337 pollere
1064 1261 1207 1323 Romam

221 1362 316 1406 arma
349 1347 409 1405 iam
433 1345 551 1420 pridem
574 1346 706 1406 classem
729 1343 811 1405 circa
829 1343 959 1405 Maleam
981 1359 1063 1405 csse.
1094 1343 1207 1406 audire

222 1446 294 1491 sese
314 1443 415 1504 nuper
433 1444 532 1488 novas
553 1444 649 1489 naves
671 1443 847 1503 novumque
860 1428 1077 1505 imperatorem
1091 1428 1138 1489 rei
1151 1443 1206 1504 ge
1291 1487 1292 1492 ,

221 1514 338 1576 rendae
359 1528 455 1574 cause
475 1527 515 1571 ex
529 1512 615 1572 ltalia
636 1511 771 1573 venisse.
804 1513 908 1588 itaque
928 1512 1084 1573 desineret
1096 1512 1206 1574 Antio

224 1598 301 1660 chus
315 1612 424 1675 pacem
439 1595 581 1671 sibiipsa
595 1611 653 1670 spe
667 1611 749 1655 vana
761 1598 873 1658 lacere.
900 1598 931 1656 in
945 1596 1021 1657 Asia
1034 1603 1066 1658 et
1080 1596 1121 1657 de
1134 1596 1207 1673 ipsa

222 1683 299 1744 Asia
318 1682 405 1743 brevi
425 1687 506 1742 terra
525 1679 664 1755 marique
688 1677 892 1741 dimicandum
917 1680 946 1741 ei
966 1696 1039 1744 cum
1055 1680 1207 1742 Romania

223 1782 311 1840 esse,
332 1773 364 1827 et
376 1773 430 1827 aut
449 1764 609 1840 imperium
625 1763 821 1825 adimendum
836 1764 942 1825 orbem
955 1770 1104 1825 mnarum
1119 1765 1206 1825 odie

224 1848 383 1923 ulantibus,
398 1857 451 1910 aut
465 1849 525 1923 ipsi
539 1864 667 1924 regnum
678 1848 883 1909 aurittendum.
904 1864 985 1909 unus
999 1863 1074 1908 vera
1088 1855 1119 1909 ct
1133 1865 1206 1924 pro

223 1934 329 1993 videre
343 1939 374 1994 et
387 1932 518 1993 fideliter
531 1933 710 2008 praedicere
722 1933 825 1993 tisusz
846 1932 950 2008 itaque
965 1932 1034 2007 ipse
1047 1947 1104 1992 rex
1118 1933 1206 1995 navi·

225 2013 292 2091 bus,
305 2032 386 2091 quae
398 2024 523 2091 paratae
534 2017 762 2093 instructaeque
773 2025 867 2092 erant,
880 2017 1106 2078 chersonesum
1119 2018 1206 2093 petit,

227 2110 258 2162 ut
272 2102 407 2175 soloce,
430 2100 458 2162 si
473 2100 551 2161 torte
563 2109 646 2162 terra
659 2101 797 2161 venirent
809 2101 953 2174 Romani,
973 2100 1140 2176 praesidiis
1154 2102 1206 2162 lir-

224 2191 329 2246 maret.
351 2191 483 2246 ceteram
498 2187 630 2247 classem
644 2184 866 2264 Polyxenidam
881 2200 990 2260 parare
1004 2191 1035 2245 et
1049 2185 1207 2246 deducere

224 2266 329 2338 iussit;
352 2268 574 2346 speculatorias
588 2285 684 2329 naves
700 2269 740 2330 ad
753 2268 855 2329 omnia
865 2268 1056 2345 exploranda
1066 2269 1151 2330 circa
1160 2268 1206 2330 in·

224 2355 310 2415 sulas
325 2352 448 2413 dimisit.

307 2435 396 2494 XLH.
425 2435 456 2496 G.
474 2435 578 2495 Livius
604 2435 776 2510 praelectus
800 2436 957 2497 Romanae
982 2438 1109 2508 classis,
1136 2451 1208 2496 cum

225 2517 444 2594 quinquaginta
458 2517 588 2579 navibus
601 2514 690 2576 tectis
706 2520 863 2592 proiectus
877 2519 916 2579 ab
927 2520 1025 2580 Roma
1034 2519 1208 2595 Neapolim,

225 2615 287 2676 quo
302 2597 341 2658 ab
357 2599 451 2658 sociis
465 2600 532 2659 eius
546 2614 620 2659 orae
634 2601 799 2662 convenire
812 2603 945 2664 iusserat
958 2611 1081 2679 apertas
1096 2618 1207 2680 naves,

226 2698 306 2760 quoe
321 2696 360 2741 ex
375 2682 500 2743 loedere
515 2681 713 2759 debebantur,
729 2683 862 2746 Siciliam
877 2686 949 2747 inde
962 2688 1047 2764 petit,
1062 2686 1208 2762 iratoque

223 2768 399 2827 Messanam
415 2772 653 2842 praetervectus
670 2784 739 2830 cum
751 2785 809 2829 sex
818 2769 948 2831 Patricos
959 2787 1056 2832 naves
1066 2770 1108 2831 ad
1118 2771 1207 2831 auxi-

224 2852 297 2910 lium
317 2848 430 2912 missas
448 2853 635 2927 accepisset,
657 2859 688 2912 et
700 2853 740 2913 ab
753 2853 879 2928 Reginis
893 2854 1063 2931 Locrisque
1077 2860 1109 2915 et
1122 2854 1206 2916 eius·

225 2934 295 2994 dem
317 2933 393 2995 iuris
415 2935 509 2996 sociis
525 2936 643 2997 debitas
658 2935 815 3012 exegisset
828 2952 939 3013 naves,
959 2940 1088 3001 lustrata
1103 2938 1207 2999 classe

225 3018 265 3077 ad
279 3018 435 3079 Lacinium
449 3020 543 3079 altum
557 3019 639 3095 petit.
669 3019 844 3098 Corcyram,
861 3037 953 3096 quam
966 3020 1095 3099 primam
1111 3022 1206 3082 Grae·

226 3101 292 3161 eice
307 3099 470 3163 civitatium
486 3101 568 3174 adiit,
587 3118 656 3163 cum
672 3104 817 3179 venisset,
838 3112 1055 3179 percunctatus
1069 3106 1110 3167 de
1124 3113 1208 3171 statu
1286 3132 1288 3189 q

226 3184 296 3243 belli
310 3217 342 3228 -
360 3186 491 3246 necdum
507 3186 587 3244 enirn
598 3184 700 3245 omnia
712 3185 744 3246 in
756 3187 883 3249 Graecia
893 3197 1059 3266 perpacata
1069 3197 1208 3251 erant-
1287 3196 1288 3241 ἕ

225 3273 256 3328 et
269 3266 322 3327 ubi
337 3266 447 3328 classis
458 3269 597 3328 Romana
609 3277 702 3345 esset,
718 3278 880 3348 postquem
893 3272 1010 3334 audivit
1020 3275 1102 3335 circa
1111 3273 1208 3334 Ther·

225 3352 420 3428 mopylarum
440 3353 550 3412 saltum
570 3352 600 3413 in
622 3353 753 3414 statione
774 3358 932 3417 consulem
953 3372 990 3417 ac
1003 3372 1107 3433 regem
1123 3372 1209 3432 esse,

227 3435 359 3495 classem
373 3433 490 3494 Piraeei
510 3441 607 3509 stare,
628 3438 840 3499 maturandum
854 3448 939 3502 ratus
954 3442 1087 3501 omnium
1102 3456 1209 3503 rerum
