2600 4000
263 243 539 306 LiBuRXxxvil.
563 245 646 306 cAP.
661 252 760 308 sim.
783 252 942 318 [aureo]
1028 249 1092 314 289

108 405 193 473 iere,
215 407 308 478 atque
323 416 360 461 eo
373 414 498 476 quoque
510 399 603 461 iuncti
615 398 728 471 officio,
743 406 807 461 tum
818 399 939 460 demum
950 399 1091 466 Rhodum

106 485 241 548 rediere.
272 482 382 545 classis
402 483 543 544 Romana
563 483 602 543 ab
623 482 698 544 chio
712 481 884 544 Phocaeam
904 484 1031 546 traiecit.
1060 488 1090 546 in

106 569 179 632 sinu
193 569 286 629 maris
307 567 411 628 intimo
433 566 536 643 posita
554 566 631 626 haec
652 565 725 627 mbs
746 573 807 641 est,
830 566 964 642 oblonga
984 568 1090 630 forma.

108 654 204 715 duum
223 650 337 712 milium
358 657 389 711 et
410 651 643 727 quingentorum
664 666 813 726 passuum
834 650 966 726 spatium
986 667 1092 715 murus

107 735 314 813 amplectitur3
347 735 410 796 coit
433 735 544 795 deinde
565 750 604 796 ex
627 740 758 811 utraque
782 743 869 811 parte
894 734 925 795 in
951 736 1092 797 artiorem

106 821 192 882 velut
205 834 348 880 cuneum:
369 819 531 894 Lamptera
544 818 604 896 ipsi
616 822 779 894 appeliant.
803 819 883 879 mitte
898 824 928 881 et
942 818 1092 881 ducentos

107 920 223 982 passus
244 902 286 964 ibi
307 903 433 963 latitudo
449 907 546 979 patet;
568 903 640 963 iude
654 903 684 962 in
700 905 793 965 altum
808 901 911 978 lingua
925 902 1006 963 milie
1020 920 1092 980 pas·

107 1004 197 1049 suum
213 1001 383 1048 excurrens
397 986 530 1047 medium
545 987 610 1047 iere
624 985 725 1048 sinum
740 988 825 1048 veiut
839 993 912 1048 nota
926 988 1090 1063 distinguit

106 1071 160 1134 ubi
181 1070 326 1132 cohaeret
346 1070 486 1131 faucibus
501 1070 656 1146 angustis,
679 1071 758 1132 duos
773 1071 802 1130 in
818 1078 978 1147 utramque
992 1071 1090 1147 regio·

109 1170 180 1216 nem
194 1169 305 1215 versos
321 1161 427 1230 portus
442 1155 612 1216 tutissimos
625 1153 728 1215 habet.
750 1155 802 1230 qui
813 1155 844 1214 in
854 1154 1012 1215 meridiem
1022 1171 1091 1216 ver·

107 1240 165 1316 git,
179 1238 398 1300 Naustathmon
415 1238 454 1298 ab
471 1254 505 1298 re
521 1239 692 1315 appeliant,
709 1239 782 1315 quia
795 1238 947 1314 ingentem
961 1238 1022 1298 vim
1037 1255 1089 1300 na·

107 1322 191 1386 vium
205 1323 302 1398 capit;
326 1323 402 1383 aiter
416 1337 516 1398 prope
530 1322 631 1397 ipsum
644 1322 807 1398 Lamptera
821 1328 878 1384 est.
898 1321 1017 1383 XXXII.
1031 1323 1090 1385 hos

108 1414 216 1483 portus
230 1406 400 1467 tutissimos
415 1421 484 1467 omn
499 1414 686 1481 occupasset
698 1406 838 1468 Romana
853 1406 973 1479 classis,
990 1406 1090 1483 prius·

110 1507 203 1569 quam
224 1498 276 1552 aut
298 1491 390 1552 sceiis
405 1496 457 1550 aut
471 1490 617 1566 operibus
631 1491 754 1552 moenia
769 1491 1003 1567 adgrederetur,
1024 1492 1090 1552 mit·

107 1576 218 1638 teudos
230 1574 349 1635 censuit
359 1582 483 1651 praetor
490 1574 542 1651 qui
549 1574 721 1652 principum
728 1576 1020 1650 magistratuumque
1027 1574 1089 1633 ani-

107 1675 176 1720 mos
191 1664 382 1733 temptarent.
404 1665 569 1737 postquam
581 1659 752 1721 obstinatos
767 1657 851 1730 vidit,
867 1657 989 1717 duobus
1001 1656 1089 1717 simui

107 1743 184 1804 iocis
200 1758 381 1820 oppugnare
396 1750 444 1804 est
457 1744 593 1805 adortus.
616 1744 714 1805 altero
727 1757 801 1818 pars
816 1740 994 1814 infrequens
1006 1740 1086 1800 aedi

108 1826 186 1888 ficiis
212 1834 291 1895 erat;
323 1828 438 1901 tempta
462 1828 553 1888 deum
578 1827 765 1902 aliquantum
784 1822 930 1883 tenebant
949 1822 1024 1884 ioci:
1053 1837 1091 1883 eu

107 1912 193 1987 prius
220 1910 314 1971 ariete
338 1910 462 1969 admoto
493 1914 619 1984 quatere
643 1924 750 1969 muros
781 1913 945 1980 turresque
972 1905 1090 1982 coepit3

108 1995 177 2057 dein
194 2010 263 2054 curn
278 2008 315 2053 eo
329 1991 488 2053 multitudo
504 1998 681 2052 occurreret
691 1991 731 2052 ad
742 1990 979 2067 defendendum,
994 1992 1089 2054 alteru

108 2091 233 2153 quoque
247 2081 334 2150 parte
354 2075 496 2136 admotus
511 2073 609 2134 aries=
630 2081 661 2135 et
674 2075 734 2136 iam
747 2075 899 2151 utrimque
913 2074 1090 2137 sterneban-

109 2170 158 2223 tur
170 2156 257 2219 muri.
279 2157 318 2218 ad
335 2173 464 2232 quorum
480 2172 586 2218 casum
601 2175 670 2219 cum
684 2158 829 2234 impetum
840 2158 969 2219 Romani
980 2157 1089 2219 milites

108 2259 165 2321 per
189 2242 288 2319 ipsam
309 2249 442 2317 stragem
462 2242 615 2302 ruinarum
637 2243 788 2319 iacerent,
816 2242 865 2303 aiii
887 2242 979 2302 scalis
1001 2241 1090 2301 etiam

4 2364 5 2369 κ
109 2342 274 2389 ascensum
294 2327 325 2387 in
344 2341 450 2386 muros
470 2332 669 2402 temptarent,
691 2324 769 2388 adeo
784 2325 937 2388 obstinate
950 2325 1090 2385 restitere

109 2410 266 2488 oppidani,
281 2417 315 2471 ut
327 2409 417 2471 iaciie
431 2417 595 2486 appareret
608 2411 679 2486 pius
690 2410 720 2470 iu
733 2411 824 2471 armis
837 2417 867 2471 et
877 2409 987 2469 virtute
999 2424 1089 2484 quam

109 2496 139 2557 in
159 2494 320 2557 moenibus
341 2494 445 2555 auxilii
464 2510 547 2555 esse.
581 2499 707 2556 coaetus
727 2509 800 2570 ergo
816 2492 952 2570 pericuio
964 2493 1090 2553 miiitum

109 2587 231 2657 praetor
247 2578 385 2655 receptui
401 2579 469 2639 cani
483 2578 586 2654 iussit,
607 2594 647 2639 ne
662 2577 798 2641 obiceret
811 2579 950 2639 incautos
966 2575 1089 2637 turenti-

108 2664 168 2725 bus
182 2662 399 2738 desperatione
412 2677 450 2722 ae
463 2661 558 2722 rabie.
581 2661 732 2737 dirempto
747 2663 875 2738 proelio,
890 2667 1008 2721 netum
1023 2661 1089 2735 qui·

110 2747 179 2807 dem
201 2747 241 2805 ad
263 2746 394 2820 quietem
408 2744 507 2818 versi,
528 2745 585 2805 sed
600 2746 737 2821 undique
751 2762 857 2807 omnes
872 2745 911 2805 ad
925 2743 1091 2804 munienda

110 2839 140 2890 et
152 2828 347 2889 obmoiienda
359 2842 438 2902 quae
452 2827 547 2887 ruinis
562 2835 657 2888 strata
671 2836 756 2888 erant
769 2834 996 2890 concurrerunt.
1018 2825 1090 2887 huic

111 2912 197 2989 operi
212 2910 334 2973 intentis
350 2911 528 2985 supervenit
541 2910 575 2985 Q.
591 2911 759 2986 Antonius,
775 2929 794 2972 a
809 2918 950 2987 praetore
963 2910 1087 2981 missus,

112 2998 163 3076 qui
185 2995 333 3071 castigata
353 2994 521 3069 pertinacia
540 3009 647 3055 eorum
662 2993 809 3056 maiorem
824 3009 926 3056 euram
941 2990 1088 3053 Romanis

113 3097 203 3157 quam
219 3079 278 3140 iiiis
295 3079 472 3140 ostenderet
485 3092 572 3152 esse,
594 3094 633 3138 ne
646 3079 677 3139 in
691 3078 857 3156 perniciem
872 3077 957 3139 urbis
972 3092 1088 3153 pugna·

111 3171 202 3225 retur.
230 3164 257 3224 si
272 3162 422 3224 absistere
442 3163 545 3224 iurore
563 3162 692 3239 velient,
712 3168 892 3239 potestatem
907 3160 945 3221 iis
960 3160 1025 3221 dari
1039 3175 1089 3219 ea-

113 3249 181 3308 dem
197 3246 393 3321 condicione,
409 3264 470 3321 qum
483 3247 569 3322 prius
585 3245 616 3307 G.
631 3247 708 3308 Livii
721 3248 751 3307 in
766 3246 858 3306 iidem
873 3244 1039 3319 venissent,
1054 3257 1089 3302 se

7 3350 8 3407 3
112 3330 259 3390 tradendi.
285 3330 363 3390 haec
378 3345 447 3390 cum
462 3330 634 3402 audissent,
651 3329 787 3407 quinque
802 3329 918 3390 dierum
935 3326 1034 3403 spatio
1049 3324 1088 3384 ad

113 3413 341 3474 deliberandum
354 3420 487 3489 sumpto,
500 3418 646 3489 temptata
660 3414 776 3474 iuterim
792 3429 849 3487 spe
861 3410 963 3472 auxiiii
975 3410 1014 3468 ab
1024 3409 1088 3468 An-

8 3570 9 3575 ,
113 3494 229 3569 tiocho,
252 3504 414 3574 postquam
434 3496 524 3572 iegati
546 3494 633 3555 missi
655 3496 693 3556 ad
713 3511 816 3576 regem
831 3493 904 3552 nihil
918 3492 948 3550 in
963 3507 1001 3551 eo
1016 3504 1089 3550 csse

159 3594 187 3641 r.
197 3595 259 3638 uvi
273 3595 349 3639 rans
363 3579 414 3637 iv.
848 3582 881 3633 te
