2600 4000
258 230 522 292 Llssltltxxxvt.
544 230 742 292 cAP.4n.4s.
765 237 801 304 [a.
815 236 847 288 c.
859 236 922 304 191]
1020 228 1083 298 257

96 402 207 459 causa,
229 384 329 461 pergit
346 382 486 461 protinus
507 381 653 456 navigare
673 380 930 456 Peloponnesum.
966 380 1078 447 Samen

94 468 364 548 Zacynthumque,
391 467 463 542 quia
488 465 584 541 partis
605 465 787 525 Aetolorum
806 465 976 525 maluerant
995 482 1076 545 esse,

95 552 236 630 protinus
257 552 463 626 depopulatus
477 549 608 610 Maleam
622 549 713 623 petit;
737 555 766 609 et
787 562 939 624 prospera
952 549 1078 625 naviga·

94 638 178 699 tione
198 651 275 696 usus
296 631 405 710 paucis
426 633 536 694 diebus
549 632 710 692 Piraeeum
729 632 771 692 ad
790 639 925 693 veterem
945 632 1076 694 classem

93 720 243 797 pervenit.
264 719 305 780 ad
320 717 497 797 Scyllaeum
507 716 664 777 Eumenes
677 731 734 776 rex
748 732 817 776 oum
833 714 930 777 tribus
946 717 1077 779 navibus

94 804 235 879 occurrit,
253 819 323 864 oum
336 801 473 878 Aeginae
489 800 542 861 diu
555 799 690 861 incertus
706 798 826 861 consilii
840 798 958 873 luisset,
976 807 1077 861 utrum

9 895 10 906 ¹
93 889 131 948 ad
148 888 292 949 tuendum
311 886 425 946 rediret
445 900 628 960 regnum-
638 884 782 945 audiebat
796 882 877 943 enirn
891 883 1076 945 Antiochum

8 975 9 1038 Ξ
91 971 208 1047 Ephesi
228 972 356 1031 navales
376 976 602 1045 terrestresque
623 983 733 1044 parare
752 968 924 1043 copias—‚
947 984 986 1028 an
1001 984 1074 1029 nus-

93 1071 184 1130 quam
210 1054 393 1115 abscederet
416 1053 455 1113 ab
474 1053 637 1125 Romanis,
663 1067 703 1112 ex
725 1068 854 1128 quorum
875 1051 997 1114 fortuna
1017 1068 1075 1114 sua

93 1139 249 1214 penderet.
283 1137 441 1198 aPiroeeo
455 1138 492 1197 Α.
508 1137 634 1210 Atilius,
654 1135 772 1197 uodltis
793 1135 970 1198 successori
985 1135 1073 1212 quin-

93 1238 153 1298 que
168 1228 199 1283 et
213 1221 317 1297 viginti
328 1219 457 1282 navibus
470 1221 567 1297 tectis,
581 1221 710 1282 Romam
721 1225 769 1280 est
781 1219 945 1296 proiectus.
967 1219 1072 1282 Livius

90 1322 152 1367 una
166 1312 197 1366 et
211 1306 366 1380 octoginta
380 1306 542 1366 constratis
557 1303 702 1378 navibus,
727 1304 830 1365 m'ultis
844 1310 1005 1379 praeterea
1018 1305 1072 1365 mi-

91 1391 232 1464 noribus,
257 1405 337 1466 quae
357 1397 410 1450 aut
426 1395 551 1464 apertae
564 1394 716 1450 rostratae
731 1395 783 1449 aut
795 1388 863 1449 sine
875 1387 985 1449 rostris
999 1403 1071 1464 spe

90 1475 256 1535 culatoriae
271 1480 372 1545 erant,
391 1473 501 1534 Delum
515 1471 642 1534 traiecit.
674 1472 777 1532 XLIII.
799 1487 838 1533 eo
853 1471 919 1531 lere
932 1477 1072 1547 tempore

90 1560 199 1620 consml
212 1557 330 1618 Acilius
344 1557 533 1632 Naupactum
554 1556 762 1632 oppugnabat
798 1555 917 1617 Livium
930 1554 998 1615 Deli
1013 1571 1071 1630 per

88 1642 206 1718 aliquot
225 1642 292 1702 dies
303 1649 387 1703 -et
406 1649 455 1703 est
474 1640 692 1703 ventosissima
710 1639 795 1715 regio
817 1639 895 1699 inter
916 1636 1069 1714 cycladas

90 1726 174 1786 nens
194 1725 270 1787 alias
291 1724 458 1787 maioribus
480 1726 557 1787 alios
578 1722 747 1786 minoribus
762 1720 1069 1782 divisas—adversi

89 1809 170 1871 venti
189 1816 359 1872 tenuerunt.
390 1809 598 1887 Polyxenidas
620 1806 731 1868 certior
745 1820 802 1880 per
815 1802 982 1879 dispositos
997 1819 1067 1879 spe-

89 1892 252 1955 calatorias
264 1909 360 1955 naves
372 1894 471 1954 lactus
480 1891 548 1952 Deli
561 1898 642 1952 stare
654 1890 823 1949 Romanam
834 1887 975 1960 classem,
991 1904 1066 1949 nun-

87 1977 147 2041 tios
163 1978 203 2039 ad
216 1991 320 2052 regem
333 1976 423 2036 misit.
448 1976 500 2050 qui
512 1973 635 2035 omissis
648 1986 728 2048 quae
742 1970 773 2032 in
784 1971 984 2049 Hellesponto
995 1986 1067 2048 age·

88 2058 154 2134 bat,
176 2076 244 2121 curn
263 2058 402 2120 rostratis
423 2056 569 2130 novibus,
591 2062 737 2132 quantum
750 2058 923 2118 accelerare
937 2063 1066 2132 poterat,

87 2143 245 2218 Ephesum
259 2141 345 2215 redit,
361 2147 392 2201 et
405 2138 567 2202 consilium
582 2140 735 2213 extemplo
750 2139 863 2213 habult,
880 2139 1065 2200 laciendum·

7 2300 8 2307 ἵ
88 2241 128 2286 ne
142 2226 311 2301 periculum
324 2223 442 2285 navalis
458 2222 631 2285 certaminis
645 2223 733 2283 loret
755 2221 963 2300 Polyxenidas
973 2237 1066 2301 nega·

87 2311 139 2371 bat
150 2309 343 2381 cessandum,
357 2314 387 2368 et
396 2307 503 2383 utique
512 2307 598 2382 prius
612 2304 841 2381 confligendum
852 2321 944 2382 quam
955 2307 1066 2369 elassis

85 2391 232 2454 Eumenis
246 2400 276 2454 et
288 2390 429 2453 Rhodiae
448 2406 545 2452 naves
566 2388 822 2465 coniungerentur
840 2390 996 2452 Romanis.
1024 2393 1066 2454 ita

7 2554 8 2557 Ἴ
86 2493 213 2538 numero
234 2493 296 2538 oon
320 2476 415 2537 terme
435 2474 570 2550 impares
590 2474 711 2535 tuturos
725 2489 774 2549 se,
796 2475 906 2536 ceteris
924 2474 1065 2537 omnibus

86 2562 278 2637 superiores,
300 2565 331 2621 et
350 2559 505 2621 celeritate
524 2558 648 2618 navium
669 2563 699 2618 et
713 2557 857 2620 varietate
873 2558 1064 2620 auxiliorum.

85 2661 156 2706 nam
168 2646 325 2706 Romanas
344 2659 441 2704 naves
462 2658 532 2704 cum
552 2641 638 2717 ipsas
658 2642 767 2703 inscite
781 2643 878 2704 laetas
893 2643 1064 2704 immobiles

86 2743 167 2801 esse,
183 2735 246 2789 tum
261 2728 365 2799 etiam,
385 2732 419 2786 ut
433 2741 513 2802 quae
527 2726 558 2785 in
572 2731 683 2785 terram
697 2725 830 2786 hostium
843 2725 975 2800 veniant,
991 2742 1064 2788 one-

84 2819 168 2872 ratas
190 2816 360 2871 commeatu
379 2807 499 2870 veniree
525 2824 599 2868 suas
620 2817 735 2881 autern,
760 2816 795 2869 ut
815 2814 926 2884 pacata
963 2808 1065 2871 omnia

86 2895 169 2957 circa
189 2908 225 2954 se
245 2891 461 2968 relinquentis,
486 2890 560 2951 nihil
583 2898 704 2966 praeter
724 2891 847 2954 militem
867 2899 960 2969 atque
980 2909 1063 2958 armo

84 2978 252 3039 habituras.
280 2976 407 3037 multum
422 2974 511 3036 etiam
527 2974 697 3036 adiuturam
712 2976 847 3036 notitiam
861 2976 954 3038 maris
969 2983 1061 3037 terra-

83 3077 214 3137 rumque
235 3067 265 3121 et
285 3067 459 3131 ventorum;
482 3073 562 3134 quae
582 3058 686 3120 omnia
698 3060 823 3133 ignaros
837 3059 994 3122 turbatura
1008 3060 1062 3122 ho·

85 3146 141 3207 stis
156 3152 269 3206 essent.
302 3145 397 3205 movit
411 3143 509 3205 omnis
525 3150 631 3205 auctor
646 3143 779 3219 consilii,
802 3142 855 3219 qui
869 3149 900 3203 et
913 3160 947 3204 re
963 3145 1063 3206 eonsi-

85 3228 157 3288 lium
171 3235 373 3289 exsecuturus
388 3236 462 3291 erat.
489 3227 615 3288 biduum
630 3228 661 3286 in
677 3233 827 3303 apparatu
841 3226 958 3303 merati,
974 3227 1062 3288 tertio

84 3311 270 3373 diecentum
289 3310 433 3387 navibus,
456 3327 583 3388 quarum
599 3312 795 3387 septuaginta
808 3318 921 3385 tectae,
944 3319 1063 3373 ceterae

84 3400 224 3469 apertae,
242 3395 367 3457 minoris
383 3410 489 3457 omnes
505 3397 621 3456 formae
635 3403 730 3470 erant,
748 3394 877 3471 protecti
890 3394 1060 3455 Phocaeam

85 3478 243 3554 petierunt.
257 3478 409 3540 indacum
422 3480 559 3540 audisset
565 3479 815 3554 appropinquare
826 3478 885 3537 lam
893 3477 1063 3537 Romanam

125 3578 151 3621 r.
174 3575 236 3620 nrvr
257 3577 333 3622 rans
353 3562 408 3623 lv.
824 3567 857 3620 1⁷
