2600 4000
279 245 745 308 LtBERxxxv.chl>.1e.1e.
768 253 804 320 [a.
818 252 923 320 eree]
1033 245 1096 311 lea

111 399 228 476 regiam
253 398 366 467 tenuit,
394 399 578 473 legatusque
596 398 755 458 Romanus
775 411 815 456 ne
835 398 935 457 alieno
956 405 1095 474 tempore

111 481 325 544 incommodus
332 481 558 555 obversaretur,
564 478 745 556 Pergamum
751 481 916 542 concessit.
930 496 987 540 rex
993 482 1092 558 Ephe-

112 583 181 628 sum
196 567 313 627 omisso
329 565 413 642 quod
427 564 625 626 inchoaverat
639 565 720 625 helio
733 564 822 626 redit.
854 563 896 623 ibi
910 580 966 640 per
980 566 1095 625 luctum

111 650 198 725 regia
211 651 318 711 clausa
331 664 402 711 oum
414 648 572 710 Minnione
587 649 736 725 quodam,
753 648 805 723 qui
818 646 965 723 princeps
981 649 1093 709 amico·

111 750 179 796 rum
200 734 266 794 eius
287 739 368 806 erat,
391 738 511 794 secreta
531 733 660 794 consilia
674 732 806 807 agitavit
837 730 953 792 Minnio
969 732 1093 806 ignarus

111 818 246 879 omnium
267 823 477 891 externorum,
500 816 643 892 viresque
663 817 830 876 aestimans
848 816 932 891 regis
947 831 986 875 ex
999 815 1094 877 rebus

111 903 140 961 in
154 900 246 979 Syria
261 906 313 961 aut
321 899 399 961 Asia
410 900 516 976 gestis,
531 917 594 962 non
606 916 702 961 causa
712 900 806 961 modo
818 899 1010 974 superiorem
1021 915 1094 960 esse

112 985 312 1057 Antiochum,
338 984 422 1062 quod
446 984 520 1044 nihil
541 984 634 1061 aequi
656 985 847 1059 postularent
865 984 1010 1057 Romani,
1037 984 1095 1044 sed

111 1071 193 1130 bello
215 1084 340 1145 quoque
360 1074 576 1144 superaturum
591 1068 745 1129 credebat.
773 1067 899 1143 ingiemi
912 1068 977 1142 regi
993 1067 1093 1128 disce-

111 1154 278 1229 ptationem
299 1168 369 1214 cum
388 1152 512 1227 legatis,
535 1168 592 1214 seu
605 1153 665 1212 iam
679 1157 808 1228 experto
823 1165 892 1212 eam
905 1153 1006 1213 minus
1021 1167 1093 1227 pro-

112 1252 236 1313 speram
257 1251 315 1298 seu
333 1251 473 1298 maerore
493 1238 609 1298 recenti
629 1236 775 1309 conluso,
797 1237 960 1311 professus
976 1235 1092 1298 Minnio

112 1337 148 1380 se
161 1336 242 1396 quae
256 1337 313 1397 pro
329 1336 425 1381 causa
438 1327 545 1381 essent
559 1322 711 1381 dicturum
725 1318 889 1395 persuasit,
903 1327 937 1381 ut
951 1335 970 1379 a
982 1319 1092 1395 Perga—

112 1421 163 1466 mo
177 1404 518 1479 arcesserenturlegati.
538 1405 618 1465 xvl.
640 1404 701 1464 iam
712 1404 909 1466 convaluerat
920 1402 1092 1480 Sulpicium

112 1489 216 1564 itaque
235 1488 326 1550 ambo
347 1488 506 1565 Ephesum
523 1494 682 1549 venerunt.
700 1503 771 1549 rex
790 1486 979 1550 aMinnione
999 1503 1090 1549 exeu-

113 1579 214 1646 satus,
236 1578 267 1634 et
288 1573 416 1634 absente
436 1589 474 1634 eo
495 1571 546 1648 agi
565 1589 616 1633 res
637 1579 749 1648 coepta
762 1578 819 1632 est
851 1571 894 1633 ibi
908 1580 1091 1647 praeparata

112 1657 250 1718 oratione
259 1656 375 1718 Minnio
389 1658 556 1733 „specioso
567 1656 675 1718 titulo“
689 1657 789 1732 inquit
802 1656 864 1729 „uti
875 1672 942 1729 vos,
952 1654 1092 1729 Romani,

114 1740 297 1802 Graecarum
332 1740 497 1804 civitatium
527 1741 753 1802 liberandarum
780 1739 888 1799 videos
928 1738 985 1799 sed
1012 1739 1093 1799 lacta

113 1831 216 1885 vestra
237 1826 366 1887 orationi
385 1842 448 1890 non
469 1826 672 1893 conveniunt;
695 1831 725 1883 et
745 1820 828 1883 aliud
843 1822 997 1884 Antiocho
1018 1821 1092 1883 iuris

113 1909 278 1982 statuistis,
304 1910 363 1972 alio
385 1910 446 1985 ipsi
469 1908 596 1970 utimini.
633 1907 685 1983 qui
705 1906 785 1967 enim
810 1906 907 1981 magis
931 1906 1093 1986 Smyrnaei

110 1993 377 2068 Lampsacenique
398 1991 505 2053 Graeci
526 1998 597 2052 suat
617 2008 708 2067 quarn
729 1989 920 2066 Neapolitani
942 1998 971 2053 et
984 1989 1092 2068 Regini

111 2084 142 2137 et
153 2075 317 2148 Tarentini,
331 2091 351 2135 a
365 2074 477 2148 quibus
492 2075 687 2150 stipendium,
703 2073 846 2149 aquibus
863 2091 959 2135 naves
974 2092 1014 2136 ex
1028 2078 1092 2137 loe-

112 2160 187 2219 dere
201 2157 344 2232 exigitur
363 2173 418 2218 cur
432 2156 606 2236 Syracusas
619 2163 712 2233 atque
725 2157 756 2216 in
771 2157 847 2216 alias
862 2156 984 2218 Siciliae
1001 2159 1092 2217 Grae·

1 2283 2 2326 ,
112 2258 167 2302 cas
187 2241 283 2302 urbes
303 2247 476 2317 praetorem
497 2241 661 2316 quotannis
683 2256 752 2300 eum
767 2240 895 2315 imperio
911 2248 941 2302 et
954 2241 1049 2315 virgis
1063 2248 1094 2302 et

1 2329 2 2356 i
111 2326 273 2387 securibus
287 2325 424 2388 mittitis?
445 2325 518 2386 nihil
530 2324 614 2386 aliud
623 2325 764 2401 prolecto
776 2323 885 2385 Manus
898 2340 988 2401 quam
1000 2323 1093 2384 umis

110 2410 263 2486 superatis
276 2426 335 2472 vos
347 2411 384 2470 iis
396 2410 453 2471 has
465 2411 550 2484 leges
561 2407 758 2486 imposuisse.
773 2408 902 2469 eandem
913 2409 952 2469 de
959 2408 1094 2487 Smyrna

111 2494 281 2570 Lampsaco
307 2494 543 2569 civitatibusque
564 2510 644 2570 qnae
664 2493 769 2553 Ioniae
788 2499 841 2554 aut
860 2493 1000 2554 Aeolidis
1021 2500 1094 2554 sunt

111 2592 235 2639 causam
247 2577 286 2639 ab
296 2578 449 2640 Antiocho
461 2578 600 2653 accipite.
615 2578 697 2639 bello
709 2582 872 2653 superatas
884 2593 903 2637 a
914 2576 1091 2653 maioribus,

111 2662 326 2738 stipendiarias
346 2677 383 2723 ac
396 2663 563 2736 vectigales
579 2662 676 2722 lactas
690 2662 722 2721 in
736 2661 895 2737 antiquum
909 2661 957 2723 ius
971 2662 1092 2736 repetit

110 2746 214 2822 itaque
234 2744 371 2804 adhaec
393 2747 420 2806 ei
435 2744 618 2820 responderi
637 2745 744 2818 velim,
765 2745 793 2803 si
813 2761 855 2806 ex
875 2760 976 2822 aequo
991 2745 1091 2806 disee

110 2833 214 2903 ptatur
237 2834 268 2887 et
291 2844 353 2888 non
379 2828 451 2889 belli
477 2843 570 2888 causa
596 2829 781 2904 quaeritur.“
816 2828 857 2888 ad
878 2844 916 2888 ee
936 2828 1092 2905 Sulpicius

110 2912 204 2987 „lecit
226 2911 422 2972 verecunde“
446 2910 545 2986 inquit
568 2910 776 2985 ‚,Antiochus,
801 2911 869 2987 qui,
896 2912 923 2972 si
947 2913 1008 2973 alia
1033 2929 1091 2988 pro

110 3012 207 3057 causa
232 2994 300 3057 eius
326 3011 388 3056 non
414 3001 500 3056 erant
526 3010 607 3069 quae
632 2993 821 3068 dicerentur,
847 2995 1013 3070 quemlibet
1033 2998 1092 3057 ista

111 3096 203 3155 quarn
218 3096 254 3141 se
269 3078 372 3140 dicere
386 3077 500 3140 maluit.
523 3079 596 3154 quid
611 3078 692 3138 enim
707 3076 806 3139 simile
820 3077 912 3139 habet
926 3078 1091 3141 civitatium

110 3178 214 3224 earum
230 3181 309 3240 quas
322 3162 508 3240 comparasti
520 3168 636 3223 causat
656 3163 695 3222 ab
705 3162 831 3238 Reginis
843 3169 874 3223 et
883 3161 1091 3241 Neapolitanis

111 3252 142 3304 et
161 3248 347 3324 Tarentinis,
373 3263 412 3308 ex
435 3264 497 3324 quo
518 3246 549 3306 in
569 3253 706 3308 nostram
727 3253 878 3308 venerunt
899 3254 1090 3323 potestatem,

111 3345 173 3388 uno
188 3337 218 3391 et
230 3338 380 3407 perpetuo
395 3339 502 3394 tenore
516 3331 601 3405 iuris,
616 3346 741 3404 semper
750 3337 909 3406 usurpato,
926 3348 1091 3408 numquam

111 3412 298 3489 intermisso,
325 3431 405 3492 quae
425 3431 465 3476 ex
485 3416 612 3476 loedere
633 3415 747 3476 debent
766 3416 927 3491 exigimus.
960 3421 1091 3490 potesne

0 3580 1 3585 ἵ
110 3496 231 3557 tandem
254 3497 372 3575 dicere,
392 3505 425 3560 at
443 3499 464 3559 ii
488 3504 592 3580 populi
612 3520 675 3563 non
695 3515 752 3575 per
773 3513 823 3572 se,
843 3514 905 3559 non
927 3513 985 3572 per
998 3497 1089 3557 alium
