2600 4000
248 291 521 353 urnunxxxvu.
546 292 740 355 curnam.
764 293 918 369 [neum]
1012 290 1071 354 301

94 443 226 515 animos,
241 441 293 517 qui
308 447 432 502 nostrae
445 442 555 504 mentis
571 449 652 515 sunt,
670 442 798 503 eosdem
812 443 844 502 in
859 444 940 502 omni
954 443 1075 504 lortuna

94 526 250 603 gessimus
265 525 471 600 serimusque,
487 541 589 602 neque
603 542 659 589 eos
673 526 830 587 secundae
840 542 891 586 res
903 527 1076 586 extulerunt

97 625 155 670 nec
170 610 318 670 adversae
332 609 514 672 minuerunt.
551 610 618 670 eius
631 608 688 687 rei,
701 617 735 671 ut
748 610 825 671 alios
838 610 980 683 omittam,
994 609 1069 668 Han

98 692 229 754 nibalem
243 698 378 753 vestrum
391 692 481 754 vobis
496 700 605 755 testem
619 694 734 768 darem,
752 692 811 754 nisi
825 709 883 753 vos
899 692 987 768 ipsos
1002 691 1076 751 dare

98 792 235 853 possem.
272 784 435 851 postquam
450 777 625 838 traiecimus
639 777 881 853 Hellespontum,
896 776 1076 853 priusquam

98 867 201 922 castra
213 860 307 934 regia
323 858 502 935 priusquam
517 862 614 921 aciem
627 861 812 933 videremus,
828 875 897 920 cum
907 858 1077 921 communis

97 945 181 1005 Mars
195 950 225 1004 et
241 943 376 1004 incertus
389 943 461 1003 belli
476 952 606 1005 aventus
621 951 713 1019 esset,
735 944 774 1004 de
789 958 866 1019 pace
880 943 970 1004 vobis
984 958 1079 1018 agen-

98 1028 179 1089 tibus
195 1042 272 1104 quas
287 1041 380 1101 pares
394 1026 520 1102 paribus
535 1028 709 1088 terebamus
725 1028 933 1103 condiciones,
951 1027 1077 1087 easdem

99 1127 180 1173 nunc
207 1110 341 1171 victores
368 1110 456 1171 victis
484 1110 618 1171 farinms.
652 1111 778 1187 Europa
805 1110 971 1181 abstineam
1001 1111 1078 1170 Asia

99 1194 182 1258 omni
204 1208 284 1270 quae
298 1194 343 1255 cis
357 1196 488 1254 Taurum
502 1201 635 1255 montem
650 1202 699 1255 est
712 1195 859 1256 decedite.
889 1211 946 1271 pro
961 1195 1076 1269 impen-

101 1278 145 1339 sis
166 1277 278 1339 deindc
298 1279 328 1339 ln
342 1277 455 1337 bellum
470 1278 558 1338 iactis
575 1278 749 1354 quindecim
762 1279 845 1340 milia
857 1281 1003 1340 talentum
1017 1278 1076 1338 Eu-

99 1359 258 1423 boicorum
272 1360 392 1436 dabitis,
408 1361 574 1436 quingenta
584 1362 767 1437 praesentia,
783 1363 845 1425 duo
857 1362 939 1423 milia
949 1370 980 1424 et
990 1359 1077 1438 quin-

100 1452 200 1520 genta,
216 1461 284 1506 cum
299 1451 424 1507 senatus
439 1446 636 1521 populusque
646 1447 804 1508 Romanus
816 1464 925 1523 pacem
937 1462 1077 1522 compro·

100 1528 255 1600 baverint;
286 1528 368 1589 milia
395 1529 505 1590 deinde
530 1529 674 1590 talentum
700 1546 756 1607 per
780 1531 943 1593 duodecim
969 1546 1076 1591 annos.

101 1612 228 1673 Eumeni
244 1629 368 1690 quoque
383 1613 471 1673 reddi
486 1613 710 1690 quadringenta
724 1617 851 1689 talenta,
873 1623 903 1675 et
918 1614 1002 1689 quod
1018 1614 1077 1672 iru-

100 1696 353 1773 mentireliquum
365 1713 463 1769 exeo,
477 1700 561 1773 quod
571 1699 650 1774 patri
664 1698 797 1759 debitum
809 1704 865 1771 est,
877 1699 986 1773 placet.
1002 1695 1078 1754 hacc

100 1796 170 1842 cnm
190 1782 409 1857 pertigerimus,
432 1782 567 1844 facturos
587 1796 646 1842 vos
666 1790 699 1842 ut
720 1798 775 1856 pro
798 1787 881 1840 certo
902 1779 1077 1853 habeamus,

103 1864 158 1925 erit
172 1865 294 1940 quidem
308 1865 432 1940 aliquod
446 1867 569 1940 pignus,
585 1865 611 1924 si
627 1863 753 1925 obsides
763 1862 869 1939 viginti
882 1868 987 1923 nostro
999 1862 1077 1922 arhi-

101 1953 180 2010 tratu
195 1947 322 2010 dabitisz
344 1949 401 2009 sed
415 1963 582 2022 numquam
593 1947 669 2008 satis
680 1945 806 2020 liquebit
817 1945 907 2008 nobis
918 1945 959 2006 ibi
971 1960 1077 2021 pacem

101 2048 172 2093 esse
187 2032 303 2107 populo
317 2032 472 2102 Romano,
486 2030 538 2090 ubi
551 2030 703 2089 Hannibal
718 2029 782 2091 erit
810 2046 879 2092 eurn
894 2038 963 2091 ante
978 2029 1078 2092 omnia

103 2112 308 2189 deposcimus.
330 2111 498 2172 Thoantem
512 2127 638 2187 quoque
651 2113 802 2190 Aetolum,
819 2114 1003 2175 concitorem
1017 2113 1076 2173 Ae·

101 2195 185 2257 tolici
198 2194 278 2269 belli,
294 2195 346 2270 qni
361 2202 392 2254 et
405 2194 525 2254 illorum
539 2195 653 2256 fiducia
668 2212 724 2257 vos
739 2204 770 2258 ct
782 2205 886 2258 vestra
898 2197 967 2257 illos
978 2196 1008 2256 in
1020 2211 1078 2255 nos

102 2278 242 2353 armavit,
268 2278 403 2352 dedetis,
428 2283 546 2338 etcum
568 2294 606 2340 eo
626 2280 847 2342 Mnasilochum
868 2282 1031 2341 Acarnana
1050 2286 1080 2338 et

102 2362 312 2425 chalcidensis
323 2360 481 2422 Philonem
493 2371 523 2424 et
532 2363 722 2424 Eubulidam.
743 2365 774 2424 in
785 2365 938 2428 deteriora
948 2379 1007 2424 sua
1018 2364 1079 2424 ior·

101 2455 175 2510 tuna
189 2461 298 2523 pacem
311 2446 402 2507 laciet
414 2462 479 2522 rex,
495 2447 568 2523 quia
581 2446 683 2508 serius
698 2447 784 2523 iacit,
801 2465 891 2526 quarn
906 2449 1008 2509 iacere
1024 2463 1078 2523 po-

102 2530 167 2593 tuit.
189 2529 216 2591 si
230 2546 311 2591 nunc
325 2536 461 2591 moratus
477 2529 575 2603 luerit
592 2530 672 2593 sciat
681 2548 788 2608 regum
798 2535 987 2595 maiestatem
1000 2531 1077 2591 dilli-

50 2688 55 2696 ,
102 2615 190 2676 cilius
202 2615 241 2675 ab
251 2630 370 2676 summo
382 2614 504 2690 fastigio
517 2615 556 2675 ad
567 2616 699 2676 medium
711 2617 827 2678 detrahi
841 2633 932 2695 quam
943 2615 1078 2676 amediis

101 2699 143 2759 ad
154 2698 214 2758 ima
223 2696 449 2774 praecipitari.“
471 2713 540 2759 curn
551 2697 589 2760 iis
600 2699 751 2762 mandatis
762 2701 801 2761 ah
810 2717 884 2777 rego
895 2698 983 2761 missi
994 2705 1080 2759 erant
1152 2746 1156 2752 .

102 2780 209 2855 legati,
230 2787 263 2840 ut
283 2794 404 2841 omnem
424 2781 511 2855 pacis
535 2782 744 2843 condicionem
759 2784 941 2860 acciperent.
976 2783 1079 2858 itaque

103 2864 232 2924 Romam
246 2861 321 2922 mitti
335 2863 452 2936 legatos
467 2865 590 2938 placuit.
612 2866 720 2926 consul
735 2867 765 2926 in
776 2866 903 2927 hrhema
913 2867 1078 2928 exercitum

102 2943 292 3021 Magnesiam
308 2945 348 3006 ad
362 2945 561 3007 Maeandrum
577 2949 722 3008 ctirallis
733 2950 953 3027 Ephesumque
967 2948 1079 3011 divisit.

102 3030 260 3107 Ephesum
281 3029 321 3090 ad
337 3031 495 3091 consulem
514 3046 631 3104 paucos
645 3039 718 3107 post
732 3034 798 3094 dies
814 3034 940 3095 obsides
955 3033 993 3094 ab
1007 3049 1080 3109 rege

104 3113 227 3175 adducti
242 3119 322 3188 sunt,
337 3113 471 3188 allegati
487 3114 538 3190 qui
552 3116 679 3177 Romam
694 3117 773 3178 irent
786 3124 942 3180 venerunt.
970 3116 1079 3178 Eume·

104 3214 161 3259 ncs
186 3213 311 3274 quoque
336 3198 446 3259 eodem
466 3205 605 3274 tempore
625 3201 782 3276 proiectus
802 3208 850 3263 est
870 3202 997 3264 Romam
1019 3217 1080 3277 quo

105 3281 202 3423 legaltlil
214 3281 306 3357 regis.
335 3289 460 3342 secutae
480 3297 536 3343 eos
557 3291 629 3345 sunt
648 3282 816 3360 legationes
840 3287 971 3348 omnium
986 3284 1080 3345 Asiae

106 3379 169 3439 pop
204 3381 299 3425 orum.

188 3446 290 3507 XLVI.
311 3450 390 3510 Dum
401 3449 479 3510 haec
489 3449 520 3509 in
530 3450 607 3510 Asia
616 3459 769 3526 geruntur,
782 3454 844 3514 duo
857 3454 922 3514 lere
931 3452 988 3512 sub
1000 3451 1080 3510 idem

107 3539 228 3607 tempus
248 3545 317 3592 cum
337 3532 479 3609 triumphi
494 3547 552 3609 spe
566 3536 768 3609 proconsules
784 3536 822 3594 de
837 3533 1004 3611 provinciis
1019 3532 1079 3593 Ro
