2600 4000
256 252 371 313 LlBER
385 251 545 312 xxxvlll.
566 251 760 315 capesso.
784 261 821 327 [a.
833 260 864 313 c.
877 260 938 328 187]
992 255 1081 320 ’371
1188 253 1190 257 ’

103 404 297 468 commodior
316 422 377 480 pax
397 404 549 466 Antiocho
571 405 707 479 daretur,
730 402 903 480 Scipionem
925 401 1080 476 sexmilia

102 489 210 565 pondo
222 489 297 563 ouri,
307 488 527 564 quadringenta
539 488 693 562 octoginta
703 488 819 562 argenti
829 490 899 563 plus
911 492 1079 567 accepisse,

2 577 3 624 ἓ
102 589 196 647 quam
206 573 237 657 in
248 572 396 632 aerarium
408 572 570 640 rettulerim
586 570 797 632 aflectiliurn
808 571 964 646 octoginta
976 577 1089 647 pondo.
1134 610 1136 614 -

2 663 4 702 t
100 656 183 727 auri,
206 663 236 716 et
256 649 372 730 argenti
394 654 616 729 quadringenta
634 655 706 724 tria3
738 654 861 715 Furium
886 662 1080 731 quaestorem

2 757 3 796 l
100 737 168 799 auri
180 739 285 813 pondo
297 741 419 812 centuni
430 738 558 814 triginta,
572 738 688 812 argenti
700 738 839 800 ducenta.
858 738 915 799 lras
927 755 985 814 ego
998 742 1078 800 sum-

101 838 168 894 mas
189 819 256 882 auri
276 829 305 881 et
326 822 442 897 argenti
461 823 572 881 relatas
593 822 676 896 apud
691 821 843 903 Antiatem
858 822 968 882 iuveni.
1002 822 1032 882 in
1046 825 1079 883 L.

85 902 249 980 ,Scipione
268 906 370 964 malim
390 903 533 981 equidem
552 904 665 964 librarii
686 906 828 966 mendum
850 922 941 982 quam
955 908 1079 979 menda·

2 991 7 1011 ³
101 988 181 1048 cium
196 988 355 1062 scriptoris
370 1003 442 1047 esse
452 988 482 1047 in
494 1004 612 1048 summa
622 985 688 1048 auri
700 988 929 1063 atqueargeuti.
952 989 1079 1051 similius

2 1113 3 1116 η
33 1141 36 1146 ,
100 1071 182 1130 enim
202 1071 268 1130 veri
289 1077 338 1131 est
350 1071 466 1145 argenti
485 1087 574 1145 quam
589 1071 654 1131 auri
668 1070 765 1132 maius
781 1073 903 1146 pondus
918 1072 1029 1145 luisse,
1051 1082 1078 1138 et

2 1183 3 1204 ι
102 1154 205 1228 potius
231 1152 437 1229 quadragiens
462 1168 552 1230 quam
573 1154 752 1215 ducentiens
775 1155 982 1230 quadragiens
998 1157 1077 1220 litem

2 1259 3 1272 .
100 1237 299 1309 aestimatam,
317 1253 354 1299 eo
366 1238 463 1314 magis
476 1238 560 1313 quod
570 1244 673 1299 tantae
684 1254 820 1299 summae
830 1240 977 1300 rationem
990 1240 1077 1302 etiam

78 1320 140 1400 ,ab
165 1322 236 1404 ipso
256 1320 288 1380 Ρ.
310 1320 456 1396 Scipione
479 1321 656 1396 requisitam
677 1336 749 1382 esse
768 1323 799 1382 in
821 1330 929 1385 senatu
949 1325 1077 1386 tradunt

2 1441 4 1474 2
99 1402 274 1479 librumque
292 1404 418 1465 rationis
440 1406 505 1465 eius
521 1421 588 1466 curn
603 1404 729 1466 Lucium
744 1406 864 1484 fratrem
879 1408 1000 1468 adlerre
1016 1408 1076 1470 ius-

2 1487 3 1564 }
99 1486 209 1562 sisset,
234 1486 425 1563 inspectante
450 1495 558 1550 senatu
579 1488 643 1550 suis
665 1490 766 1565 lpsum
792 1490 931 1551 manibus
953 1508 1076 1553 concer-

2 1573 3 1600 ἢ
99 1569 217 1645 psisse,
237 1571 459 1647 indignantem,
481 1572 579 1647 quod,
595 1588 663 1635 cum
678 1574 725 1635 bis
740 1573 870 1634 milliens
885 1573 914 1633 in
930 1574 1077 1633 aerarium

98 1651 265 1728 intulisset,
285 1656 489 1732 quadragiens
503 1657 584 1719 ratio.
595 1658 633 1717 ab
648 1673 684 1717 se
699 1664 888 1733 posceretur.
917 1654 954 1712 ab
970 1655 1077 1715 eadem

99 1734 212 1796 fiducia
226 1738 325 1815 animi,
342 1756 411 1802 curn
428 1749 608 1816 quaestores
619 1739 781 1816 pecuniam
792 1752 832 1797 ex
841 1736 959 1797 aerario
973 1744 1080 1798 contra

2 1853 10 1872 .
98 1819 197 1893 legem
217 1837 358 1896 promere
379 1841 440 1885 nou
461 1826 623 1894 auderent,
650 1818 837 1895 poposcisse
856 1819 966 1893 clavis,
994 1827 1023 1880 et
1043 1837 1078 1880 se

98 1910 271 1977 aperturum
286 1908 436 1967 aerarium
452 1906 578 1985 dixisse,
594 1903 646 1976 qui
660 1910 693 1963 ut
708 1902 900 1963 clauderetur
913 1902 1077 1964 effecisset

179 1988 258 2063 LVI.
280 1987 375 2046 Multa
396 1987 455 2045 alia
474 1987 504 2045 in
520 1984 673 2060 Scipionis
695 1985 756 2046 fine
771 2001 838 2046 cum
853 1984 983 2047 maxime
996 1987 1078 2048 vitae
1192 2028 1194 2032 -

98 2069 211 2143 dieque
222 2068 310 2140 dicta,
324 2075 431 2143 morte,
443 2070 557 2141 iuuere,
572 2070 724 2144 sepulcro,
736 2069 767 2129 in
778 2060 1071 2146 di'versumtralmnl,
1103 2136 1106 2143 ,

97 2150 195 2210 uteui
210 2151 317 2223 lamae,
334 2150 446 2225 quibus
464 2152 585 2227 scriptis
601 2153 758 2213 adsentiar
771 2169 833 2213 non
847 2152 998 2213 habeam:
1014 2171 1074 2215 nou

98 2233 138 2293 de
163 2240 344 2296 accusatore
369 2234 526 2296 convenite
554 2236 604 2295 alii
623 2236 664 2296 Μ.
686 2235 847 2310 Naevium,
872 2236 922 2296 ulii
941 2237 1075 2299 Petillios

101 2317 179 2377 diem
200 2316 317 2379 dixisse
338 2318 490 2388 scribunl;
519 2335 579 2379 non
602 2320 641 2379 dc
661 2325 814 2395 tempore,
838 2336 898 2395 quo
914 2320 994 2381 dicta
1009 2321 1074 2380 dies

97 2401 153 2475 sit,
171 2418 232 2462 uon
254 2403 293 2462 de
307 2419 403 2477 anno,
427 2418 488 2478 quo
503 2408 639 2471 mortuus
655 2403 708 2475 sit,
730 2419 792 2464 ncn
806 2403 1009 2468 ubimortuus
1025 2411 1076 2464 aut

96 2487 194 2545 elatus
208 2486 256 2546 sit.
279 2486 329 2547 ulii
343 2487 468 2558 Romae,
484 2484 533 2545 alii
543 2485 655 2545 Literni
666 2493 698 2546 ct
710 2492 861 2546 mortuum
874 2491 903 2547 et
913 2482 1074 2560 sepultum.

95 2569 258 2646 utrobique
277 2577 472 2632 monumenta
487 2569 688 2630 ostenduntur
702 2576 732 2629 et
745 2576 877 2631 statuaer
899 2584 969 2629 nam
983 2577 1013 2630 et
1026 2570 1073 2629 Li·

95 2657 170 2711 terni
192 2654 423 2714 monumentum
438 2659 698 2728 monumentoque
719 2659 818 2714 statua
836 2653 1073 2731 superimposita

97 2735 164 2808 luit,
188 2752 279 2810 quam
300 2741 479 2810 tempestate
501 2734 657 2795 disiectum
678 2732 782 2811 nuper
794 2734 926 2797 vidimus
947 2736 1021 2810 ipsu
1044 2743 1073 2795 et

96 2818 211 2877 Romae
234 2826 326 2895 extra
342 2824 459 2894 portam
475 2817 627 2892 Capenam
641 2818 672 2877 in
687 2811 864 2892 Scipionum
878 2826 1073 2879 monumento

97 2908 157 2959 tres
173 2907 292 2962 statuae
306 2909 385 2974 suut,
403 2916 530 2976 quarum
546 2899 625 2960 duae
638 2900 671 2960 P.
686 2909 717 2962 et
729 2902 762 2969 L.
776 2899 953 2974 Scipionum
968 2899 1073 2977 dicun·
1153 2957 1157 2964 ,

5 3040 6 3045 ,
97 2992 235 3058 iurasse,
247 2985 335 3046 tertia
345 2991 455 3060 poetae
467 2983 500 3057 Q.
512 2983 611 3043 Ennii.
632 2998 691 3044 nec
702 2984 780 3045 iuter
792 2982 959 3057 scriptores
971 2983 1072 3045 rerum

11 3060 18 3074 ⁵
97 3066 254 3144 discrepat
265 3070 379 3141 solum,
397 3067 454 3129 sed
468 3066 622 3128 orationes
639 3083 772 3143 quoque,
788 3065 920 3128 simodo
936 3065 1073 3143 ipsorum

63 3148 68 3159 '
98 3159 166 3225 sunt
187 3150 265 3227 quae
280 3155 430 3227 feruutur,
448 3150 481 3211 P.
497 3150 651 3226 Scipionis
666 3158 696 3212 et
708 3151 752 3214 Ti.
770 3149 897 3211 Gracchi
911 3151 1074 3212 abhorrent

13 3310 17 3319 ι
97 3233 170 3294 inter
190 3251 235 3297 se.
268 3234 362 3308 index
383 3235 528 3297 orationis
547 3234 579 3294 P.
601 3233 754 3311 Scipionis
776 3250 886 3296 nomcn
907 3233 947 3293 M.
967 3231 1073 3295 Naevii

97 3316 205 3378 tribuni
219 3318 318 3393 plebis
335 3321 441 3395 habet,
464 3316 536 3394 ipsa
552 3319 649 3380 oratio
665 3317 732 3380 sine
748 3319 869 3380 nomine
884 3325 932 3379 est
945 3332 1071 3378 accusa·
1121 3353 1124 3358 -

99 3399 187 3470 toris;
213 3404 304 3463 modo
325 3404 524 3474 nebulonem,
539 3400 639 3462 -mudo
661 3408 841 3477 nugatorem
861 3402 1004 3477 appellat.
1032 3413 1072 3457 ne

99 3482 224 3543 Gracchi
246 3485 367 3560 quidem
390 3487 486 3546 oratio
500 3491 551 3545 aut
565 3482 749 3557 Petilliomm
764 3490 977 3605 accusatorum
992 3481 1091 3551 Afri,
