2600 4000
226 243 288 306 288
360 242 476 303 Llsslilt
489 240 638 307 xxxvi.
660 243 743 306 GAP·
755 251 799 305 30.
811 250 855 306 31.
878 250 914 318 [a
928 249 962 301 U.
975 266 999 302 e.
1011 245 1077 314 tm]

224 414 290 460 rum
305 406 469 474 postquam
483 396 560 457 alias
573 395 805 471 circumventas,
824 393 1006 471 praetoriam
1021 410 1135 456 navem
1149 396 1207 458 Po

223 482 389 562 lyxenldae
408 480 523 541 relictis
537 479 631 540 sociis
648 480 717 540 vela
730 480 852 540 dantem
867 478 988 552 videre,
1011 478 1143 540 sublatis
1158 497 1207 541 ra·

223 565 297 643 ptim
318 564 537 626 dolonibus-
552 570 582 624 et
596 569 661 623 erat
680 563 836 624 secundus
855 563 1030 640 petentibus
1044 562 1207 639 Ephesum

223 653 564 724 ventus-capessunt
586 647 690 722 lugam
711 645 912 722 quadraginta
929 644 1051 708 duabus
1071 648 1207 710 navibus

223 733 308 795 inea
325 747 430 809 pugna
442 729 579 805 amissis,
602 746 731 806 quarum
746 730 853 790 decem
867 736 930 791 tres
946 737 1055 805 captae
1069 728 1101 790 in
1116 737 1206 807 pote·

224 823 331 878 stutem
346 815 480 878 bostium
493 821 650 889 venerunt,
666 819 786 875 ceterae
803 813 948 874 incensae
963 823 1015 875 aut
1031 814 1206 876 demersae.

223 901 430 962 Romanorum
447 899 526 958 duae
540 913 638 958 naves
653 898 768 959 fractae
782 903 862 969 sunt,
877 898 1054 959 vulneratae
1070 896 1206 973 aliquot:

224 983 343 1046 ltlrodia
355 999 418 1045 una
431 989 521 1056 capta
535 981 722 1043 memorabili
738 996 822 1043 casu.
847 997 918 1042 nam
932 996 1002 1042 cum
1015 987 1118 1041 rostro
1134 998 1205 1058 per·

224 1067 375 1127 cussisset
394 1064 551 1126 Sidoniam
570 1081 696 1140 navem,
720 1080 834 1125 ancora
853 1064 916 1127 ictu
936 1064 1006 1140 ipso
1029 1078 1169 1126 excussa
1189 1082 1208 1127 e

224 1164 302 1208 nave
317 1165 375 1209 sua
388 1163 469 1210 unco
484 1149 590 1222 dente,
605 1150 688 1210 velut
701 1164 793 1209 manu
806 1149 906 1209 lcrrea
919 1147 1040 1222 iniecta,
1058 1146 1208 1223 adligavit

223 1231 348 1292 alterius
363 1248 502 1308 proram;
523 1233 595 1293 inde
608 1233 738 1294 tumultu
751 1232 862 1294 iniecto
878 1248 947 1293 cum
959 1230 1106 1292 divellere
1117 1248 1154 1294 se
1167 1234 1206 1294 ab

222 1314 311 1377 hoste
337 1316 496 1391 cupientes
521 1315 692 1377 inhiberent
709 1315 835 1391 Rhodii,
859 1322 989 1377 tractum
1008 1316 1156 1377 ancorale
1177 1325 1208 1379 ct

222 1398 397 1474 implicitum
420 1400 513 1458 remis
539 1399 616 1460 latus
638 1401 764 1462 alterum
790 1400 929 1471 detersit;
958 1397 1147 1460 debilitatam
1169 1416 1207 1461 ea

222 1481 300 1556 ipsa,
317 1497 396 1558 quae
409 1481 470 1542 icta
483 1481 672 1558 cohaeserat,
687 1484 774 1544 navis
786 1483 875 1560 cepit
895 1482 955 1543 hoc
965 1482 1098 1543 maxime
1110 1485 1206 1545 modo

223 1566 262 1625 ad
275 1565 479 1645 Myonnesum
492 1564 592 1625 navali
606 1567 725 1642 proelio
740 1573 907 1642 pugnatum
922 1574 980 1627 est.

306 1650 410 1710 XXXI.
431 1649 497 1724 Quo
510 1648 631 1709 territus
640 1650 822 1726 Antiochus,
837 1650 910 1726 quia
925 1648 1130 1726 possessione
1141 1667 1204 1712 ma·

222 1736 265 1796 ris
280 1736 389 1809 pulsus
405 1733 570 1809 longinqua
585 1733 661 1793 tueri
673 1732 832 1795 diffidebat
845 1751 881 1796 se
894 1749 999 1811 posse,
1012 1733 1204 1809 praesidium

222 1819 261 1880 ab
275 1817 486 1896 Lysimachia,
507 1833 546 1878 ne
560 1816 782 1893 opprimeretur
796 1817 837 1879 ibi
852 1819 891 1880 ab
904 1818 1068 1892 Romanis,
1089 1818 1204 1880 deduci

224 1917 329 1976 prave,
344 1908 377 1962 ut
390 1917 442 1962 res
456 1900 527 1977 ipsa
541 1908 651 1976 postea
662 1901 774 1976 docuit,
790 1902 919 1963 consilio
931 1900 1030 1963 iussit.
1045 1902 1203 1963 nonenim

223 1982 299 2046 tueri
313 1983 413 2045 solum
426 1984 651 2061 Lysimachiam
665 2002 684 2045 a
697 1984 795 2062 primo
810 1986 925 2062 impetu
936 1986 1144 2047 Romanorum
1159 1988 1203 2049 la·

223 2066 280 2128 eile
300 2073 381 2142 erat,
403 2070 460 2128 sed
480 2068 674 2131 obsidionem
693 2069 785 2130 etiam
803 2085 858 2147 per
871 2077 964 2132 totam
979 2069 1110 2131 hiemem
1126 2071 1203 2132 tole·

221 2166 300 2227 rare,
321 2159 351 2212 et
365 2152 535 2216 obsidentis
550 2168 675 2230 quoque
693 2155 733 2214 ad
747 2153 882 2215 ultimam
896 2154 1031 2229 inopiam
1044 2153 1204 2216 adducere

222 2235 410 2298 extrahendo
425 2243 557 2314 tempus,
572 2245 602 2299 et
615 2238 734 2299 interim
748 2253 835 2314 spem
849 2239 937 2314 pacis
948 2252 1005 2315 per
1017 2237 1204 2300 occasiones

222 2326 377 2396 temptare.
400 2336 457 2381 nec
467 2321 693 2399 Lysimachiam
710 2328 825 2384 tantum
840 2322 981 2384 hostibus
994 2321 1119 2383 tradidit
1129 2331 1205 2398 post

221 2404 384 2464 adversam
404 2405 543 2464 navalem
563 2421 712 2480 pugnam,
734 2406 790 2467 sed
807 2406 897 2467 etiarn
912 2405 1101 2482 colophonis
1118 2408 1203 2469 obsi-

222 2487 312 2546 dione
333 2486 485 2549 abscessit
500 2493 530 2546 et
546 2486 652 2547 Sardis
672 2489 789 2563 recepit
802 2506 855 2560 se;
878 2497 970 2565 atque
989 2490 1061 2551 inde
1075 2490 1106 2551 in
1122 2489 1203 2567 cap-

220 2568 381 2642 padociam
396 2568 435 2628 ad
450 2568 647 2642 Ariarathen,
666 2570 718 2645 qui
734 2573 847 2634 auxilia
861 2580 1063 2651 arcesserent,
1078 2581 1109 2635 et
1123 2592 1203 2651 quo·

221 2665 352 2724 eumque
366 2650 426 2711 alic
440 2657 560 2727 poterat
571 2652 612 2711 ad
624 2652 730 2729 copias
743 2657 977 2733 conuohendas,
992 2659 1023 2718 in
1035 2675 1129 2719 unum
1140 2659 1203 2720 ianr

220 2730 390 2808 consilium,
404 2739 439 2795 ut
451 2734 518 2795 acie
533 2735 698 2811 dimicaret,
714 2738 846 2809 intentus
860 2742 952 2803 misit.

304 2817 440 2892 Regillus
455 2820 603 2881 Aemilius
623 2828 696 2897 post
714 2821 870 2885 victoriam
885 2826 1024 2886 navalem
1040 2826 1203 2901 proiectus

221 2900 391 2978 Ephesum,
410 2902 535 2965 directis
556 2911 627 2966 ante
641 2913 763 2981 portum
777 2907 922 2981 navibus,
944 2925 1012 2970 eum
1028 2909 1201 2971 contessio-

220 3000 289 3045 nem
310 2987 451 3048 concessi
472 2990 565 3050 maris
585 2990 719 3050 ultimam
739 2991 821 3052 hosti
837 2991 1059 3068 expressisset,
1082 2992 1202 3069 chium,

220 3084 283 3145 quo
307 3076 377 3130 ante
402 3072 511 3132 navale
531 3073 681 3147 proelium
703 3089 824 3136 cursum
844 3075 883 3136 ab
905 3074 997 3137 Samo
1018 3075 1202 3151 intenderat,

220 3151 351 3227 navigat
374 3153 415 3214 ibi
430 3171 525 3216 naves
541 3155 570 3215 in
585 3158 702 3231 proelio
720 3165 882 3234 quassatas
898 3176 967 3221 eum
980 3160 1150 3235 reiecisset,
1165 3160 1202 3221 L.

125 3312 128 3317 .
219 3235 380 3298 Aemilium
393 3236 541 3299 Scaurum
557 3255 626 3300 cum
639 3241 763 3316 triginta
773 3244 904 3306 pambus
914 3244 1149 3321 Hellespontum
1160 3245 1201 3306 ad

220 3321 386 3381 exercitum
411 3321 609 3383 traiciendum
628 3323 724 3401 misit,
749 3327 888 3389 Rhodios
909 3335 996 3404 parte
1015 3329 1152 3405 praedae
1171 3335 1204 3389 ct

221 3403 328 3479 spoliis
349 3405 507 3466 navalibus
528 3407 692 3470 decoratos
713 3411 835 3472 domurn
849 3412 950 3473 redire
963 3412 1055 3474 iubet.
1086 3410 1202 3474 Rhodii

222 3487 348 3564 impigre
370 3496 580 3567 praevertere,
603 3495 643 3554 ad
663 3494 909 3564 traiciendasoue
930 3497 1037 3571 copias
1060 3495 1201 3559 consulis
