2600 4000
209 281 271 346 246
348 279 463 341 LIBER
477 279 610 339 xxxvl.
634 279 717 339 CAP.
732 288 776 342 28.
787 287 831 342 29.
853 285 890 353 [a.
904 284 939 339 U.
949 302 975 338 c.
985 285 1049 352 aot]

210 434 369 496 consulem
388 436 512 492 ventum
529 438 592 505 est,
612 429 771 490 Phaeneas
785 426 948 505 legationis
962 429 1110 507 princeps
1123 431 1192 493 lon·

209 534 279 595 gam
294 514 463 579 orationem
478 522 509 575 et
521 512 608 575 varie
620 514 662 573 ad
670 513 869 588 mitigandam
879 512 955 574 ham
966 513 1092 575 mebris
1106 530 1191 577 com-

208 601 342 680 positam
354 598 396 662 ita
409 599 451 660 ad
463 606 634 659 extremum
643 597 750 672 linivit,
764 605 799 658 ιιι
809 597 925 658 diceret
931 598 1062 659 Aetolos
1073 613 1109 659 se
1120 615 1190 659 sua
1297 651 1298 654 ,

211 701 272 763 que
286 684 388 747 omnia
401 683 475 744 lidei
490 679 598 758 populi
611 681 740 741 Romani
754 679 938 757 permittere.
967 681 1000 741 id
1013 682 1124 743 consul
1138 682 1193 744 ubi

210 770 333 843 audivit,
346 766 459 843 „etiam
472 773 565 842 atque
578 765 670 826 etiam
682 765 816 840 uidete,“
837 762 936 841 inquit
954 764 1084 840 „Aetoii
1102 772 1136 827 ut
1150 766 1193 826 ita
1297 815 1298 818 ,

208 852 421 932 permittatis.“
448 858 512 911 tom
531 850 688 911 decretum
708 848 880 921 Phaeneas,
900 848 932 908 in
952 864 1014 923 quo
1029 848 1062 908 id
1075 848 1192 910 diserte

209 938 358 1012 scriptum
368 942 442 1008 erat,
457 931 600 996 ostendit
622 934 767 1009 „quaudo
780 935 875 1007 ιιιςοιι
886 930 1056 1008 inquit„ita
1067 933 1190 1008 permit·

208 1020 279 1094 titis,
295 1019 434 1094 postulo,
448 1024 483 1078 ut
494 1016 568 1078 mihi
581 1017 801 1079 Dicaearchum
816 1017 915 1077 civem
930 1023 1065 1077 vestrum
1079 1024 1110 1078 et
1123 1015 1190 1078 hie·

209 1111 328 1164 nestam
340 1102 517 1177 Epirotam“
525 1101 768 1179 -Naupactum
781 1098 809 1161 is
823 1114 894 1160 cum
904 1099 1061 1176 praesidio
1072 1101 1190 1176 ingres·

208 1203 264 1248 sus
283 1184 324 1244 ad
339 1185 542 1247 deiectionem
555 1186 797 1261 compulerat—
807 1192 858 1260 „et
870 1184 1105 1262 Amynandrum
1120 1200 1190 1245 cum
1297 1209 1298 1270 ι

208 1267 399 1347 principibus
413 1269 632 1344 Athamanum,
651 1285 785 1346 quorum
802 1267 931 1329 consilio
946 1267 985 1328 ab
999 1268 1090 1329 nobis
1105 1268 1190 1327 dele
1297 1279 1298 1340 ι

208 1352 302 1424 cistis,
318 1352 385 1413 sine
399 1367 486 1414 mora
500 1352 652 1414 dedatis.“
677 1369 776 1430 prope
790 1351 941 1413 dicentem
953 1349 1112 1413 interfatus
1125 1351 1190 1412 Ro·

208 1451 331 1497 manum
355 1451 437 1510 „non
458 1436 489 1496 in
511 1436 707 1498 servitutem“
727 1436 826 1512 inquit
845 1435 922 1511 „sed
940 1434 973 1495 in
993 1435 1086 1496 iidem
1105 1441 1189 1495 mam
1297 1431 1298 1516 Q

207 1536 267 1582 nos
280 1518 478 1589 uadidimus3
499 1525 659 1580 etcertum
673 1519 774 1580 haheo
788 1527 819 1581 te
833 1518 1037 1595 imprudentia
1049 1518 1119 1591 labi,
1137 1517 1190 1594 qai

208 1604 297 1666 nobis
317 1606 452 1680 imperes
473 1618 554 1679 quae
572 1603 667 1663 moris
682 1602 869 1664 Graecorum
888 1619 950 1665 non
972 1602 1063 1663 sint“
1097 1603 1138 1662 ad
1152 1618 1197 1662 ea

209 1688 318 1750 consui
340 1702 417 1763 „nec
430 1687 575 1748 bercote‘
588 1686 687 1761 iuquit
706 1702 915 1763 „magnopere
928 1701 1011 1748 nune
1025 1700 1099 1747 curo
1114 1686 1189 1761 quid

207 1770 310 1835 Aetoli
335 1771 410 1834 satis
431 1786 471 1831 ex
489 1785 575 1833 more
596 1770 782 1831 Graecorum
803 1772 916 1833 iactum
937 1786 1009 1832 csse
1030 1777 1189 1842 censeant,

209 1856 282 1916 dum
305 1870 364 1930 ego
388 1870 475 1916 more
493 1855 633 1918 Romano
659 1854 819 1930 imperium
838 1854 993 1916 inhibeam
1012 1853 1044 1914 in
1066 1853 1189 1915 deditos

208 1938 302 1999 modo
323 1937 447 2001 decreto
463 1955 537 2015 suo,
558 1946 629 2001 ante
643 1938 736 1999 minis
750 1937 859 1999 victos.
892 1937 996 2015 itaque
1010 1937 1041 1998 ni
1055 1952 1189 2015 propere

209 2023 242 2083 nt
253 2020 337 2097 quod
348 2020 476 2099 impero,
482 2022 591 2084 vinciri
597 2040 656 2085 vos
667 2022 727 2083 iant
738 2023 861 2084 iubeo.“
875 2021 1052 2098 adferrique
1063 2030 1189 2084 catenas

208 2112 238 2167 et
251 2102 476 2168 circumsistere
490 2105 613 2168 lictores
628 2106 727 2169 iussit.
749 2113 813 2168 tum
827 2108 923 2167 fracta
932 2106 1094 2167 Phaeneae
1108 2108 1187 2168 iero

208 2187 254 2250 cia
263 2188 445 2266 Aetolisque
456 2188 523 2251 aliis
535 2198 591 2268 est,
606 2199 637 2253 et
647 2193 770 2252 tandem
781 2190 869 2252 cuius
880 2189 1072 2252 condicionis
1082 2196 1191 2254 essent

208 2281 381 2335 senserunt.
414 2281 445 2335 et
457 2274 615 2337 Phaeneas
629 2291 665 2336 sc
680 2274 818 2351 qudem,
834 2282 865 2336 et
879 2273 931 2350 qui
945 2274 1048 2336 adsint
1060 2274 1190 2336 Aetolo

207 2374 289 2433 rum,
310 2357 391 2420 scire
412 2357 554 2420 iacienda
573 2375 646 2421 csse
667 2373 747 2433 quae
761 2358 947 2434 imperentur
962 2357 1054 2432 dixit,
1075 2358 1134 2419 sed
1147 2358 1189 2418 ad

209 2442 403 2504 decernenda
414 2458 453 2502 ea
464 2442 593 2503 concilio
602 2442 781 2503 Aetolorum
795 2458 873 2518 opus
885 2456 972 2503 esset
987 2442 1027 2502 ad
1037 2440 1070 2503 id
1080 2448 1190 2517 petere

208 2533 241 2586 ιιι
255 2525 362 2585 decem
384 2524 501 2584 dierum
515 2524 648 2586 indutias
665 2525 760 2585 daret
793 2532 915 2601 petente
928 2525 1039 2588 Flacco
1054 2541 1112 2602 pro
1125 2528 1187 2584 Ae

205 2605 276 2668 totis
294 2604 429 2667 indutiae
449 2606 540 2667 datae
562 2614 593 2668 ct
605 2607 759 2685 Hypatam
772 2610 902 2672 reditum
915 2616 972 2671 est
1004 2608 1058 2670 uhi
1072 2625 1142 2671 cum
1155 2607 1188 2668 ln

209 2688 338 2751 consilio
353 2689 556 2764 delectorum,
574 2708 654 2768 quos
669 2694 828 2769 apocletos
842 2700 968 2768 vocant,
983 2693 1141 2754 Phaeneas
1157 2699 1189 2753 et

208 2787 289 2850 quae
302 2771 526 2849 imperarentur
538 2780 569 2836 et
585 2792 666 2852 quae
682 2774 760 2852 ipsis
775 2792 874 2854 prope
888 2776 1076 2838 accidissent
1088 2792 1188 2852 expo·

207 2855 335 2931 suisset,
357 2857 570 2934 ingemuerunt
590 2861 712 2937 quidem
733 2859 890 2938 principes
910 2859 1084 2923 condicioni
1098 2876 1187 2933 suae,

206 2942 375 3019 parendum
389 2950 489 3005 umen
502 2943 611 3007 victori
626 2945 794 3006 censebant
807 2952 890 3006 etex
904 2945 1046 3007 omnibus
1059 2943 1188 3020 oppidis

206 3027 425 3088 convocandos
453 3028 580 3090 Aetolos
611 3029 651 3089 ad
676 3027 846 3090 concilium.
881 3028 987 3089 XXIX.
1018 3034 1189 3104 postquam

205 3124 280 3170 vero
295 3117 403 3172 coacta
416 3110 515 3173 omnis
531 3112 690 3174 multitudo
705 3112 813 3173 eadem
823 3113 874 3172 ilia
884 3110 1008 3186 audivit
1024 3112 1103 3174 adeo
1116 3127 1189 3173 sae·

205 3190 277 3253 aritia
291 3193 409 3269 imperii
425 3200 518 3271 atque
531 3194 708 3272 indignitate
722 3196 896 3273 exasperati
907 3195 1000 3257 animi
1013 3202 1095 3269 suot,
1110 3202 1144 3257 ut
1158 3194 1188 3257 sl
1297 3190 1298 3259 l

205 3275 236 3336 in
257 3293 335 3352 pace
354 3276 499 3351 luissent,
521 3277 573 3340 illo
593 3277 709 3354 impetu
730 3279 793 3341 irae
815 3279 961 3342 concitari
975 3278 1132 3355 potuerint
1144 3280 1189 3341 ad

204 3359 327 3421 bellum.
353 3361 392 3421 ad
414 3360 488 3421 iram
508 3362 677 3424 accedebat
689 3370 720 3425 et
733 3363 896 3426 dificultas
912 3380 1018 3425 eorum
1033 3378 1115 3440 quae
1130 3363 1188 3422 in,-

205 3453 434 3520 perarentur—
447 3461 580 3521 quonam
608 3448 700 3509 modo
726 3446 807 3507 enim
830 3447 936 3523 utique
960 3462 1065 3523 regem
1086 3447 1189 3525 Amy*-

205 3527 354 3591 nandrum
369 3544 404 3590 se
417 3529 539 3590 tradere
553 3536 671 3605 posset
680 3562 721 3573 —
736 3536 767 3590 et
781 3545 855 3605 spes
870 3532 948 3591 forte
962 3530 1079 3606 oblata,
1098 3530 1188 3606 quod
