2600 4000
337 261 449 322 LIBER
462 260 597 320 xxxvl.
618 260 760 324 cAP.17.
782 272 819 334 [a.
835 260 867 321 c.
883 266 944 332 191]
1065 260 1126 325 237

149 416 276 488 milites,
290 414 439 474 intervos
454 429 526 474 esse
539 413 648 485 video,
665 411 760 489 quiin
776 412 834 474 hac
848 415 956 475 eadem
970 418 1129 491 provincia

149 500 183 562 T.
198 495 329 573 Quinctii
350 497 443 559 ductu
463 495 666 573 auspicioque
685 495 894 558 militaveritis.
927 497 1128 562 Macedonico

150 583 231 645 bello
253 578 530 658 inexsuperabilior
549 582 644 642 saltus
662 582 703 640 ad
717 595 835 641 amnem
850 581 950 643 Aoum
965 581 1022 642 luit
1036 600 1128 658 quam

151 664 217 727 bic=
245 662 360 740 quippe
381 671 489 742 portae
509 673 581 725 sunt
598 665 692 736 haec,
713 672 745 725 et
763 680 843 725 unus
863 665 942 728 inter
956 664 1019 727 duo
1033 666 1129 727 maria

152 749 265 810 clausis
285 747 428 810 omnibus
441 748 527 810 velut
539 746 686 809 nataualis
700 747 846 810 transitus
860 756 924 819 est;
945 750 1128 812 munitiones

151 841 182 894 et
196 832 273 894 locis
294 831 566 909 opportunioribus
585 839 659 893 tunc
673 832 794 893 luerunt
807 838 838 893 et
850 831 1017 895 validiores
1031 836 1128 910 impo-

149 915 243 985 sitae;
265 915 419 977 exercitus
438 915 573 978 hostium
592 915 644 975 ille
664 923 695 976 et
708 931 834 977 numero
848 915 945 977 maior
959 922 989 977 et
1002 916 1128 978 militum

150 995 267 1076 genere
285 998 441 1075 aliquanto
461 999 595 1060 meliors*
613 997 730 1075 quippe
752 997 813 1060 illic
832 999 1021 1062 Macedones
1035 999 1141 1063 Thra·⁴

151 1099 266 1158 cosque
286 1091 317 1144 et
335 1083 430 1162 Illyrii
450 1091 551 1157 erant,
572 1081 783 1143 ferocissimae
803 1099 910 1145 omnes
931 1092 1054 1160 gentes,
1077 1084 1128 1146 hic
1223 1091 1226 1096 ’

150 1165 223 1246 Syri
237 1173 268 1229 et
280 1166 406 1228 Asiatici
422 1167 530 1227 Graeci
545 1174 623 1240 sunt
639 1161 787 1227 vilissima
800 1182 914 1243 genera
928 1168 1083 1237 bominum
1098 1176 1129 1230 et

150 1248 289 1312 servituti
308 1257 396 1323 nata3
425 1267 482 1312 rex
502 1250 553 1312 ille
572 1248 840 1324 bellicosissimus,
862 1250 1048 1314 exercitatus
1067 1253 1127 1313 iam

149 1334 223 1395 inde
233 1334 272 1395 ab
283 1334 407 1396 iuventa
418 1334 551 1396 linitimis
560 1334 710 1401 Thracum
721 1334 992 1413 atquelllyriorum
1004 1343 1035 1398 et
1045 1337 1128 1397 circa

150 1418 284 1480 omnium
296 1419 469 1480 accolarum
480 1418 578 1492 bellis,
587 1417 647 1491 hic,
661 1424 695 1478 ut
705 1418 794 1479 aliam
806 1435 927 1480 omnem
937 1420 1030 1481 vitam
1041 1421 1126 1481 omit-

150 1508 218 1576 tam,
234 1502 261 1562 is
275 1508 323 1564 est
334 1502 387 1578 qui
400 1518 470 1564 cum
483 1503 521 1563 ad
532 1500 724 1563 inferendum
733 1503 853 1579 populo
862 1505 1002 1566 Romano
1013 1503 1127 1564 bellum

151 1601 190 1646 ex
207 1584 284 1646 Asia
303 1584 334 1647 in
352 1586 508 1664 Europam
526 1585 703 1661 transisset,
722 1585 796 1647 nibil
815 1586 1043 1648 memorabilius
1062 1594 1127 1648 toto

150 1676 287 1746 tempore
306 1670 504 1733 hibernorum
523 1669 669 1747 gesserit,
691 1687 782 1745 quam
804 1670 888 1746 quod
902 1670 1016 1731 amoris
1031 1686 1127 1731 causa

150 1768 189 1813 ex
205 1750 296 1815 domo
317 1754 437 1831 privata
450 1764 481 1816 et
495 1754 617 1816 obscuri
633 1754 724 1814 etiam
738 1752 817 1813 inter
829 1753 989 1828 popularis
1004 1754 1126 1828 generis
1234 1794 1237 1798 >

148 1853 276 1899 uxorem
290 1840 385 1913 duxit,
400 1847 430 1900 et
444 1855 545 1900 novus
559 1837 702 1911 maritus,
715 1838 798 1896 velut
812 1836 969 1912 saginatus
984 1837 1125 1911 nuptiali-

148 1921 206 1981 bus
223 1921 323 1996 cenis,
343 1923 384 1982 ad
399 1938 531 1997 pugnam
549 1920 707 1995 processit.
741 1934 859 1980 summa
872 1917 981 1981 virium
996 1918 1126 1997 speique

150 2006 216 2065 cius
228 2006 258 2065 in
268 2006 386 2066 Aetolis
399 2005 463 2076 luit,
478 2011 568 2079 gente
579 2003 747 2085 vanissima
757 2009 787 2064 et
797 2004 1009 2081 ingratissima,
1024 2014 1058 2067 ut
1067 2021 1125 2068 vos

151 2086 236 2162 prius
256 2088 375 2163 experti
394 2087 485 2159 estis,
506 2103 587 2147 nunc
600 2086 771 2147 Antiochus
786 2089 949 2164 experitur.
984 2105 1055 2148 nam
1069 2104 1126 2149 nec

151 2176 359 2231 convenerunt
378 2171 570 2245 trequentes,
591 2185 649 2229 nec
671 2171 819 2232 contineri
839 2170 870 2230 in
890 2172 1001 2232 castris
1018 2181 1124 2247 potue

151 2260 227 2326 runt,
243 2261 273 2316 et
285 2253 316 2314 in
331 2253 482 2315 seditione
495 2251 557 2330 ipsi
571 2253 649 2313 inter
663 2269 735 2314 sese
749 2261 829 2327 sunt
845 2261 876 2315 et
890 2270 959 2315 cum
972 2255 1126 2332 Hypatam

150 2336 293 2397 tuendam
312 2338 554 2414 Heracleamque
577 2336 852 2414 depoposcissent,
879 2344 1016 2399 neutram
1036 2338 1125 2399 tutati

150 2421 325 2498 refugerunt
344 2421 376 2482 in
390 2419 462 2498 iuga
481 2420 642 2497 montium,
663 2438 737 2499 pars
750 2423 919 2483 Heracleae
938 2423 1127 2483 incluserunt
1188 2451 1193 2460 ν

149 2518 229 2567 sese.
265 2522 321 2567 rex
344 2506 413 2582 ipse
437 2505 600 2566 confessus
623 2522 777 2582 nusquam
801 2521 902 2582 aequo
928 2521 1037 2581 campo
1063 2523 1125 2569 non

129 2634 131 2637 -
148 2590 239 2651 modo
262 2589 407 2667 congredi
422 2605 457 2650 se
472 2589 512 2650 ad
528 2606 660 2664 pugnam
674 2590 803 2666 audere,
818 2590 929 2651 sedne
944 2596 1044 2650 castra
1059 2592 1124 2666 qui-

149 2673 219 2733 dem
238 2673 269 2732 in
290 2680 396 2749 aperto
417 2688 549 2748 ponere,
569 2674 675 2734 relicta
696 2673 778 2735 omni
798 2680 867 2734 nnte
888 2690 924 2734 se
938 2674 1063 2748 regione
1079 2690 1125 2749 ea,

151 2772 243 2830 quam
257 2772 291 2815 se
306 2755 395 2817 nobis
411 2771 447 2816 ac
458 2754 598 2831 Philippo
613 2755 768 2817 ademisse
780 2757 975 2832 gloriabatur,
989 2757 1126 2818 condidit

150 2853 184 2898 se
201 2838 278 2899 intra
291 2855 395 2914 rupes,
411 2854 450 2900 ne
465 2845 534 2899 ante
549 2840 655 2899 lauces
671 2840 793 2915 quidem
807 2842 911 2915 saltus,
925 2848 959 2903 ut
970 2842 1123 2916 quondam

149 2922 408 2984 Lacedaemonios
429 2922 509 2982 lama
531 2928 593 2996 est,
617 2922 674 2982 sed
695 2922 773 2983 intra
788 2924 908 2999 penitus
921 2925 1059 2985 retractis
1075 2941 1122 2984 ca-

148 3006 237 3076 stris3
267 3006 351 3083 quod
373 3013 519 3081 quantum
537 3005 664 3067 interest
684 3006 725 3066 ad
740 3005 876 3067 timorem
891 3008 1124 3081 ostendendum,

149 3107 186 3150 an
202 3090 297 3152 muris
317 3090 445 3151 alicuius
466 3090 550 3151 urbis
565 3089 769 3150 obsidendum
784 3106 856 3151 sese
869 3091 1048 3152 incluseritt
1068 3093 1126 3152 sed

148 3189 250 3250 neque
265 3173 448 3236 Antiochum
467 3174 632 3235 tuebuntur
644 3173 819 3250 angustiae,
841 3191 899 3237 nec
914 3177 1043 3237 Aetolos
1056 3191 1124 3235 ver-
1174 3235 1177 3239 ,

149 3257 224 3318 tices
245 3258 287 3318 illi
308 3274 388 3333 quos
409 3265 565 3333 ceperunt.
601 3257 676 3319 satis
696 3257 834 3335 undique
855 3259 1013 3336 provisum
1033 3265 1125 3334 atque
1237 3294 1240 3297 -

150 3348 345 3415 praecautum
365 3349 427 3418 est,
449 3358 488 3402 ne
508 3342 582 3418 quid
602 3342 754 3403 advorsus
768 3359 826 3405 vos
841 3343 871 3404 ln
887 3359 989 3420 pugna
1006 3348 1126 3417 praeter

150 3420 246 3484 hostis
262 3432 354 3486 essct.
386 3427 461 3487 illud
482 3441 657 3503 proponere
671 3426 770 3487 animo
785 3432 890 3487 vostro
905 3425 1038 3497 debetis,
1062 3440 1123 3484 non

54 3520 58 3526 ·
151 3520 207 3565 vos
220 3522 276 3579 pro
288 3509 433 3569 Graeciae
445 3509 582 3570 libertate
596 3515 712 3570 tantum
726 3509 879 3592 dimicare,
898 3522 1082 3584 quamquam
1097 3505 1123 3567 is
