2600 4000
185 286 452 347 ttBEthxxvll.
468 286 652 348 cAPntle.
670 291 705 358 [a.
716 292 748 342 υ.
759 294 880 349 ossea.
891 294 921 343 e.
934 294 992 360 ree]
1015 286 1076 349 30³

103 436 203 499 Ioniae
217 437 297 497 duae
312 437 342 496 in
357 451 472 511 agrum,
488 435 539 511 qui
553 435 699 497 Boiorum
713 436 830 510 luisset,
846 437 1076 512 deducerentur,

103 528 133 581 et
146 520 259 580 rettulit
271 526 302 579 et
315 528 439 580 auctore
453 535 491 580 eo
503 526 610 594 patres
626 526 819 581 censuerunt.

185 603 302 663 Eodem
325 609 462 678 tempore
473 603 508 662 L.
522 601 643 662 Aemilii
664 602 816 677 praetoris
829 603 944 663 litterae
959 604 1078 664 adlatae

103 688 143 747 dc
162 686 261 746 navali
282 701 385 761 pugna
405 686 444 746 ad
461 686 667 764 Myonnesum
688 688 781 757 lucta,
804 693 834 747 et
854 687 885 745 L.
903 684 1078 760 Scipionem

104 771 261 830 consulem
274 770 305 829 in
319 768 426 830 Asiam
440 769 607 830 exercitum
614 768 782 831 traiecisse.
804 769 949 831 victoriae
960 771 1077 831 navalis

103 869 177 929 ergo
197 853 229 913 in
249 853 330 914 diem
349 869 442 914 unum
463 852 647 933 supplicatio
669 852 792 915 decreta
812 860 874 923 est;
902 852 932 912 in
953 855 1078 916 alterurn

1 939 2 968 ³
103 937 198 1011 diem,
220 937 304 1012 quod
324 936 478 998 exercitus
492 938 648 998 Romanus
670 944 732 998 tum
746 937 875 1013 primurn
888 936 918 997 iu
932 937 1009 997 Asia
1022 953 1078 1012 po·

103 1020 218 1082 suisset
230 1027 346 1093 castre,
366 1026 400 1081 ut
414 1036 515 1082 eures
530 1036 682 1097 prospera
695 1028 726 1081 et
738 1023 817 1081 laeta
832 1021 975 1081 eveniret
997 1021 1076 1081 vice

104 1104 150 1166 uls
164 1103 330 1165 maioribus
342 1104 451 1164 hostiis
463 1104 492 1164 in
505 1105 641 1179 singutas
654 1105 893 1180 supplicationes
904 1104 1079 1165 sacrificare

103 1189 212 1250 consul
227 1194 275 1249 est
287 1188 401 1248 iussus.
423 1186 494 1247 iude
509 1188 684 1249 consularia
697 1189 818 1249 comiIIa
832 1203 942 1264 magne
953 1196 1077 1250 conten-

103 1273 185 1334 tione
196 1270 307 1332 habitu.
322 1271 362 1331 Μ.
370 1271 516 1333 Aemilius
522 1271 658 1348 Lepidus
670 1272 792 1347 petebat
803 1273 934 1333 adversa
946 1273 1078 1333 omnium

103 1356 199 1430 luna,
221 1355 304 1431 quod
325 1354 512 1431 provinciam
527 1354 660 1416 Siciliam
679 1356 803 1432 petendi
821 1372 915 1417 causa
929 1372 991 1417 nou
1006 1371 1078 1418 con·

105 1440 184 1501 sulm
196 1447 313 1513 senatu,
328 1446 361 1500 ut
372 1438 430 1500 sibi
445 1439 475 1500 id
488 1439 590 1500 lacere
601 1440 713 1513 liceret,
728 1439 912 1517 reliquisset.
936 1439 1079 1515 petebant

104 1538 172 1583 cum
187 1539 225 1584 eo
236 1523 276 1583 Μ.
287 1522 412 1584 Fuluus
423 1522 559 1585 Nobilior
570 1522 621 1582 Cn.
633 1522 764 1586 Manlius
775 1526 873 1585 Vulso
884 1525 924 1584 Μ.
937 1523 1077 1585 Valerius

104 1607 256 1669 Messalla
283 1606 408 1669 Fulvius
423 1609 531 1668 consul
545 1624 625 1668 unus
640 1613 769 1683 creatur,
785 1624 853 1668 cum
869 1606 960 1668 ceteri
976 1614 1075 1666 centu-

105 1691 165 1751 rias
185 1707 246 1752 nou
265 1693 458 1767 explessent3
479 1691 569 1768 isque
590 1697 715 1767 postero
731 1691 781 1751 dic
797 1690 849 1750 cn.
863 1689 1009 1750 Manlium
1023 1690 1077 1748 Le·

106 1774 178 1850 pido
206 1774 324 1837 deiecto
338 1807 380 1819 -
394 1790 463 1836 nam
487 1775 633 1837 Messalla
660 1774 808 1835 tacuit-
823 1772 971 1846 collegam
995 1772 1078 1832 dixit

107 1866 264 1931 praetores
284 1859 397 1921 exindo
419 1859 490 1918 lecti
511 1859 573 1920 duo
592 1858 625 1930 Q.
640 1856 741 1930 Fabii,
762 1855 866 1916 Labeo
881 1862 912 1915 et
924 1855 1025 1915 Pictor
1037 1888 1077 1902 -

105 1941 205 2004 Pictor
225 1940 336 2003 flamen
358 1940 519 2015 Quirinalis
540 1956 578 2003 eo
599 1954 680 1999 anno
700 1937 898 2014 lnauguratus
914 1940 1078 2011 iuerat-,

104 2025 144 2084 Μ.
159 2024 360 2098 Sempronius
374 2022 539 2082 Tuditanus
554 2023 607 2096 Sp.
619 2022 791 2084 Postumius
805 2024 934 2085 Albinus
948 2025 982 2083 L.
993 2023 1076 2083 Plau-

104 2106 164 2166 tius
179 2108 344 2182 Hypsaeus
359 2107 391 2165 L.
406 2103 540 2166 Baebius
555 2106 657 2166 Dives.

189 2188 319 2248 XLVIII.
341 2187 381 2247 M.
396 2186 503 2247 Fulvio
523 2188 677 2248 Nobiliore
698 2197 729 2250 et
749 2189 802 2250 Gn.
815 2190 928 2251 Manlio
944 2192 1080 2251 Vulsone

107 2270 286 2333 consulibus
301 2271 443 2333 Valerius
457 2271 564 2332 Antias
580 2279 687 2333 auctor
702 2281 750 2334 est
762 2288 915 2334 rumorem
930 2272 1080 2335 celebrem

105 2358 220 2419 Itomae
234 2355 330 2416 luisse
344 2361 374 2417 et
387 2368 486 2430 paene
500 2372 557 2430 pro
573 2362 655 2418 certo
670 2356 818 2430 habiturn,
832 2356 999 2432 recipiendi
1015 2353 1079 2416 Sci-

107 2440 208 2516 pionis
228 2439 434 2503 adolescentis
449 2455 543 2505 causa
557 2441 715 2501 consulem
728 2441 761 2501 L.
777 2439 953 2516 ScipIonem
967 2448 1080 2501 etcum

105 2539 143 2585 eo
163 2523 195 2583 P.
212 2522 391 2585 Africanum
410 2523 443 2583 iu
463 2523 648 2600 colloquium
674 2533 820 2587 evocatos
840 2526 922 2601 regis
942 2532 974 2585 et
993 2524 1079 2599 ipsos

104 2607 347 2684 comprehensos
362 2621 443 2682 esse,
458 2613 488 2668 et
501 2607 631 2669 ducibus
647 2609 745 2684 ceptis
757 2609 916 2673 confestim
929 2609 969 2670 ad
980 2614 1080 2671 castra

105 2693 244 2753 Romana
261 2690 427 2751 exercitum
447 2690 587 2765 ductum,
608 2706 708 2766 eaque
729 2701 904 2769 expugnata
918 2699 949 2753 et
963 2692 1079 2753 deletas

106 2774 205 2835 omuis
228 2775 336 2848 copias
349 2774 554 2834 Romanorum
576 2789 657 2835 esse.
683 2773 724 2835 ob
744 2776 820 2836 baec
834 2778 962 2837 Aetolos
978 2783 1078 2839 sustu·

103 2858 178 2916 llsse
198 2856 317 2915 unimus
338 2862 369 2915 et
387 2855 535 2917 abnuisse
554 2856 701 2931 imperata
724 2859 841 2933 lucere,
863 2859 1080 2935 principesque

104 2954 211 2999 eorum
225 2939 255 2996 in
270 2938 481 2999 Macedoniam
496 2947 527 3000 et
546 2940 577 2999 in
591 2940 752 3002 Dardanos
773 2949 804 3002 et
822 2940 852 3002 in
867 2942 1025 3003 Thraciam
1040 2942 1078 3002 ad

103 3022 306 3085 conducenda
318 3022 461 3083 mercede
475 3022 587 3083 auxilia
601 3025 769 3098 protectos.
803 3025 880 3086 baec
896 3027 948 3102 qui
963 3027 1075 3087 nuntia·

103 3113 170 3166 rent
195 3107 339 3180 Romam,
364 3107 402 3165 Α.
425 3106 597 3167 Terentium
621 3108 791 3170 Varronem
812 3117 842 3170 et
861 3108 901 3170 M.
923 3109 1079 3173 claudium

104 3189 251 3265 lepidum
271 3190 310 3251 ab
332 3192 368 3250 A.
384 3190 524 3252 Cornelio
544 3198 745 3267 propraetore
765 3208 805 3251 ex
823 3191 947 3255 Aetolia
965 3194 1079 3254 missos

103 3287 184 3332 esse.
210 3273 346 3336 subtexit
362 3274 473 3335 deinde
488 3273 608 3336 fabulae
622 3274 693 3336 huic
707 3275 825 3352 legatos
840 3278 968 3339 Aetolos
983 3277 1015 3336 in
1031 3291 1078 3335 se

104 3361 176 3415 natu
190 3355 268 3417 inter
281 3363 383 3418 cetera
397 3358 457 3418 hoc
471 3373 596 3433 quoquc
609 3359 812 3434 interrogatos
827 3377 914 3432 esse,
930 3359 1012 3421 unda
1026 3374 1077 3418 au-

103 3437 221 3499 dissent
234 3440 434 3515 imperatores
446 3443 604 3503 Romanos
619 3440 649 3500 in
664 3442 741 3503 Asia
755 3449 862 3517 captos
877 3441 915 3502 ub
924 3440 1078 3503 AntIocbo

102 3536 175 3595 rege
189 3527 220 3582 et
237 3525 403 3584 exercitum
424 3526 555 3585 deletum
570 3538 658 3587 essee
680 3525 808 3585 Aetolos
822 3522 1024 3598 respondisse
1037 3520 1076 3582 ab
