2600 4000
211 331 214 338 .
274 278 389 339 narn
403 277 533 338 xxxin.
558 277 640 339 cnr.
655 287 699 344 aa.
713 285 757 339 eo.
780 239 863 354 [cc.
879 278 940 355 ns]
1035 275 1094 340 107

113 435 178 488 tutu
197 433 229 486 et
248 423 393 486 obscenis
407 423 468 486 illis
482 424 557 486 viris
572 426 743 487 tremebant
757 424 962 497 interiectum
985 425 1094 488 aninris

113 517 216 571 autern
232 507 426 584 Zeuxippum
440 518 597 571 auctorem
612 509 807 571 destinabant
821 508 936 569 caedis.
961 509 992 570 in
1008 527 1094 585 prae-

112 591 213 654 sentia
234 592 350 670 placuit
365 593 586 668 comprehendi
600 592 722 668 eosqui
737 593 827 654 simul
841 590 987 665 luissent,
1003 609 1095 668 quae·

113 674 311 753 stionemque
325 692 365 737 ex
379 674 428 737 his
442 676 557 738 haberi
600 676 739 754 quidum
755 686 951 754 quaeruntur,
964 675 1094 751 Zeuxip·

114 776 175 836 pus
189 766 220 821 et
237 758 506 822 constantianimo
522 761 682 823 avertendi
701 762 740 821 ab
756 777 791 822 se
806 758 940 821 criminis
956 776 1052 820 causa
1064 759 1094 819 in

114 841 292 907 contionem
308 858 509 920 progressus,
531 860 634 906 errare
654 844 696 906 ait
715 843 863 906 homines·
873 843 925 920 qui
939 854 1001 906 tam
1015 851 1095 905 atro-

113 941 182 988 cem
199 928 327 989 caedem
341 926 495 1003 portinere
509 929 550 989 ad
564 927 635 990 illos
650 927 812 990 semiviros
827 929 1003 1000 crederent;
1019 928 1095 988 mul·

114 1017 207 1083 taque
223 1010 339 1073 ineam
360 1019 479 1085 purtem
498 1011 696 1088 probabiliter
716 1019 960 1087 argumentatus,
982 1010 1094 1088 qulbus

113 1092 206 1154 fidem
233 1095 318 1172 apud
344 1096 496 1170 quosdam
517 1094 590 1157 lecit
613 1112 794 1172 numquam,
820 1094 848 1156 si
869 1094 927 1156 sibi
949 1093 1094 1157 conscius

112 1186 215 1252 esset,
232 1179 405 1240 oblaturum
420 1195 455 1241 se
468 1178 651 1242 multitudini
666 1179 891 1242 mentionemve
905 1176 1094 1240 eiuscaedis

112 1262 196 1322 nullo
222 1263 397 1325 lacessente
418 1265 569 1326 facturum
590 1261 697 1326 inisse.
740 1262 791 1325 alii
805 1279 867 1324 non
886 1261 1025 1325 dubitare
1038 1261 1093 1322 im·
1122 1284 1142 1344 j

112 1345 270 1419 pudenter
284 1346 407 1407 obviam
422 1349 525 1409 eundo
540 1348 658 1409 crimini
673 1347 882 1424 suspicionem
896 1352 1002 1407 averti.
1025 1342 1093 1407 torti

107 1437 190 1505 post
204 1431 296 1506 paulo
311 1428 460 1507 insontes,
476 1449 545 1493 cum
560 1432 675 1494 scirent
688 1431 749 1509 ipsi
758 1430 852 1503 nihil,
870 1428 1015 1506 opinione
1029 1446 1093 1491 om·

108 1511 202 1575 nium
222 1530 278 1589 pro
297 1513 411 1578 indicio
431 1515 488 1577 usi'
500 1515 694 1593 zeuxippum
709 1523 739 1577 et
752 1516 942 1577 Pisistratum
956 1512 1093 1574 nominu-

108 1605 227 1659 verunt
240 1597 322 1659 nullo
338 1599 475 1674 adiecto,
492 1617 549 1661 cur
563 1599 643 1663 scire
659 1599 824 1677 quicquam
837 1597 1030 1670 viderentur,
1046 1612 1092 1655 ar·

108 1689 269 1758 grunento.
283 1682 468 1761 Zeuxippus
483 1690 584 1746 tamen
595 1702 665 1746 curn
673 1682 847 1745 Stratonida
859 1681 992 1758 quodam
1003 1687 1093 1740 noete

108 1764 249 1842 perlugit
260 1769 439 1843 Tanagrum,
456 1785 544 1831 suam
558 1768 656 1844 magis
672 1764 894 1829 conscientiam
910 1781 1001 1839 quam
1016 1762 1090 1825 indi·

106 1847 193 1911 cium
208 1848 366 1913 hominum
380 1851 493 1914 nullius
507 1850 764 1914 rei‘consciorum
777 1856 927 1910 metuens.
954 1845 1092 1908 Pisistra-

107 1940 158 1993 tus
179 1934 293 2011 spretis
308 1934 581 1998 indicibus'llrebis
596 1933 717 1996 mansit.
740 1950 851 1995 servus
861 1928 1093 2007 eratZeuxippi,

108 2016 163 2078 toti
168 2034 207 2089 us
221 2017 426 2079 internuntius
441 2027 472 2080 et
485 2017 623 2081 minister
635 2019 690 2091 rei,
708 2035 799 2094 quem
810 2017 943 2080 indicem
953 2015 1092 2078 Pisistra·

107 2108 157 2162 tus
177 2100 288 2161 timens
304 2116 342 2160 eo
357 2099 427 2174 ipse
442 2099 550 2162 timore
563 2119 629 2162 rem
643 2102 683 2160 ad
698 2099 843 2161 indicium
858 2100 1014 2176 protraxit.
1047 2096 1093 2157 lit·

105 2192 197 2246 teras
211 2183 252 2240 ad
265 2179 458 2255 Zeuxippum
475 2181 579 2256 mittit,
598 2191 633 2243 ut
646 2199 770 2243 servum
785 2181 945 2243 conscium
958 2183 1093 2242 tolleret=

105 2281 171 2328 non
192 2271 254 2324 tum
267 2264 413 2325 idoneum
428 2265 468 2325 ad
484 2266 643 2326 celandam
657 2281 722 2325 rem
736 2281 806 2325 eum
820 2263 919 2324 videri
932 2262 991 2331 sibi
1003 2278 1095 2339 quam

103 2348 149 2411 ad
161 2347 322 2423 agendam
335 2346 435 2409 fucrit.
477 2349 535 2411 ltus
556 2347 609 2426 qui
624 2348 881 2422 tuleratlitteras,
896 2346 1003 2408 iussus
1016 2346 1094 2405 Zeu·

105 2431 299 2508 xippodare
316 2431 568 2508 quamprimum,
591 2432 664 2509 quia
684 2448 745 2495 non
767 2431 869 2494 statim
889 2426 1094 2492 conveniendi

105 2514 176 2578 eius
195 2514 288 2591 copia
302 2515 371 2591 luit,
393 2514 436 2577 illi
449 2515 512 2593 ipsi
526 2534 635 2594 servo,
651 2533 742 2594 quem
757 2533 797 2578 ex
810 2514 954 2578 omnibus
968 2512 1093 2576 domino

107 2597 297 2661 fidissimum
319 2599 479 2675 credebat,
504 2599 611 2675 tradit,
632 2609 663 2662 et
681 2599 775 2662 adicit
794 2617 813 2661 a
832 2598 990 2662 Pisistrato
1006 2599 1046 2659 de
1059 2612 1094 2657 re

107 2698 225 2757 magno
239 2698 336 2759 opere
349 2683 521 2759 pertinente
536 2684 577 2745 ad
589 2683 783 2761 Zeuxippum
798 2698 881 2746 esse.
902 2680 1093 2745 conscientia

105 2765 203 2842 ictus,
215 2783 286 2828 cum
306 2769 460 2843 extemplo
481 2767 661 2830 traditurum
680 2784 735 2829 eas
756 2768 964 2840 adfirmasset,
986 2764 1093 2841 aperit,

106 2849 320 2927 perlectisque
331 2850 438 2913 litteris
449 2851 709 2927 pavidus'l'hebas
720 2850 831 2927 refugit
841 2860 872 2913 et
883 2850 924 2912 ad
935 2848 1091 2924 magistra·
1183 2866 1190 2875 ·

106 2943 157 2995 tus
176 2930 323 2996 indicium
338 2936 445 2996 delert.
467 2943 498 2997 et
511 2934 690 3012 Zeuxippus
706 2933 831 3011 quidem
847 2937 920 3011 luga
933 2931 1016 2994 servi
1027 2948 1093 2992 mo-

106 3025 157 3078 tus
176 3017 402 3093 Anthedonem,
416 3017 559 3080 tutiorem
572 3017 683 3080 exsilio
695 3019 798 3080 locum
808 3025 903 3090 ratus,
920 3013 1091 3077 concessit=

106 3100 146 3161 de
170 3098 330 3163 Pisistrato
351 3101 484 3178 aliisque
511 3101 711 3179 quaestiones
735 3101 895 3163 tormentis
919 3099 1042 3160 habitae
1062 3105 1093 3159 et

105 3199 143 3244 su
149 3192 268 3260 mptum
282 3184 470 3262 supplicium
484 3196 540 3247 est.

193 3269 299 3330 XXIX.
335 3268 483 3330 Efferavit
507 3286 545 3330 ea
568 3269 681 3331 caedes
704 3270 867 3330 Thebanos
890 3268 1092 3341 Boeotosque

103 3349 210 3413 omnis
231 3353 271 3413 ad
286 3352 480 3414 exsecrabile
495 3353 599 3414 odium
614 3353 837 3426 Romanorum,
860 3348 1014 3411 credentis
1029 3364 1091 3409 non

109 3432 178 3496 sine
199 3434 330 3497 consilio
351 3435 547 3512 imperatoris
567 3434 699 3498 Romani
712 3435 905 3511 Zeuxippum
920 3429 1091 3509 principem

107 3516 208 3592 gentis
223 3517 256 3578 id
271 3517 390 3580 facinus
405 3518 577 3581 conscisse.
610 3518 651 3579 od
665 3519 874 3580 rebellandum
890 3529 993 3589 neque
1005 3511 1090 3571 vires
1174 3570 1175 3573 ,
1234 3526 1238 3532 ·
