2600 4000
235 242 300 309 372
363 242 478 303 LIBER
491 241 653 302 XXXVIII.
677 240 758 301 CAP.
774 249 816 304 56.
828 249 872 305 57.
894 247 930 314 [a.
941 246 977 301 U.
989 263 1016 312 5.Ι
1029 246 1091 315 565]

235 392 304 454 5551
320 392 446 454 aut'dIei
462 392 560 452 dIctae
570 391 717 452 Africano
733 391 825 451 ullam
837 391 1022 452 mentionem
1032 389 1133 451 habet.
1157 390 1218 453 alia

234 484 299 539 tota
312 476 446 538 serenda
462 475 564 537 tabula
575 483 623 536 est
634 474 763 535 Gracchi
774 474 904 536 orationi
916 474 1112 548 conveniens,
1130 479 1162 535 et
1175 476 1216 536 1111

235 568 377 622 auctores
393 559 544 635 sequendi
560 565 645 632 sunt,
670 558 736 634 qui,
752 573 821 618 cum
835 557 868 617 L.
885 557 989 633 Scipio
1006 565 1037 618 et
1050 567 1216 620 accusatus

234 653 265 707 et
280 645 439 705 damnatus
455 642 495 704 sit
509 640 658 718 pecuniae
673 648 782 717 captae
795 642 834 722 ab
845 657 927 716 rege,
941 643 1075 716 legatum
1084 640 1117 701 15
1127 642 1218 703 Etru-

235 729 279 789 ria
300 729 397 790 luisse
416 726 594 787 AIrIcanum
613 726 749 797 tradunt,
772 741 833 800 quo
856 731 927 800 post
946 726 1057 784 lamam
1078 725 1118 785 de
1141 742 1216 787 casu
1293 735 1299 747 ‘

234 813 335 873 fratris
356 811 486 872 adlatam
506 810 610 871 relicta
630 810 782 885 legatione
803 808 977 869 cucurrisse
992 824 1062 868 eum
1075 809 1216 885 Romam,

234 902 264 956 et
279 911 347 955 cum
362 912 380 955 a
396 900 486 970 porta
499 901 584 955 recta
598 894 749 954 odiorum
761 908 796 952 se
809 892 997 967 contubsset,
1013 892 1098 967 quod
1108 893 1139 951 in
1150 892 1216 952 vin-

137 1037 140 1042 .
234 980 303 1040 cula
324 978 394 1039 duci
412 979 534 1038 tratrem
549 977 663 1038 dictum
677 980 757 1048 erat,
778 977 954 1051 reppulisse
968 992 987 1036 a
1002 991 1134 1051 corpore
1147 978 1215 1037 eius

233 1063 388 1138 viatorem,
404 1069 434 1123 et
447 1059 576 1123 tribunis
590 1059 788 1121 retinentibus
802 1060 899 1135 magis
915 1059 965 1134 pie
981 1076 1073 1135 quam
1087 1060 1216 1120 civiliter

232 1146 292 1203 vim
314 1146 437 1207 secisse.
467 1145 538 1205 hinc
553 1145 631 1204 enirn
649 1145 719 1218 ipse
732 1144 775 1204 Ti.
791 1143 947 1203 Gracchus
963 1144 1098 1218 queritur
1111 1143 1213 1205 disso-

126 1218 131 1226 ’
232 1224 325 1288 lutam
339 1244 411 1289 esse
422 1245 442 1288 a
451 1228 570 1304 privato
586 1225 777 1289 tribuniciam
787 1234 986 1303 potestatem;
1002 1234 1033 1287 et
1041 1226 1081 1286 ad
1091 1236 1213 1301 postre-

232 1326 329 1386 mum,
352 1327 420 1371 cum
435 1313 581 1372 auxilium
595 1311 629 1370 L.
645 1310 781 1386 Scipioni
799 1310 972 1386 pollicetur,
995 1310 1088 1370 adicit
1101 1313 1213 1371 tolera-

232 1392 348 1454 bilioris
356 1396 488 1468 exempli
500 1409 571 1453 esse
582 1393 728 1455 atribuno
740 1395 840 1470 plebIs
852 1395 1080 1470 potiusquama
1091 1389 1226 1469 privato
1297 1467 1298 1472 a

232 1477 342 1539 victam
363 1477 459 1536 videri
483 1484 513 1537 et
532 1476 723 1539 tribuniciam
738 1485 919 1553 potestatem
934 1485 965 1539 et
978 1493 1042 1537 rem
1056 1477 1213 1552 publicam

233 1577 313 1622 esse.
334 1561 390 1623 sed
404 1561 446 1621 ita
459 1559 538 1619 han'c
551 1575 644 1620 unam
658 1561 855 1637 impotentem
866 1562 933 1622 eius
947 1561 1086 1621 iniuriam
1096 1561 1214 1622 invidia

236 1653 353 1721 onerat,
367 1651 401 1706 ut
414 1643 599 1720 increpando
616 1644 699 1719 quod
716 1645 908 1720 degenerarit
922 1651 1034 1705 tantun
1050 1661 1069 1704 a
1083 1660 1120 1705 55
1134 1645 1212 1721 ipse,

134 1745 137 1751 ·
233 1731 401 1790 cumulatas
416 1728 445 1789 51
458 1736 578 1789 veteres
593 1728 700 1788 laudes
716 1728 934 1791 moderationis
949 1736 979 1789 et
992 1729 1213 1803 temperantiae

234 1816 291 1887 p'ro
320 1813 561 1888 reprehensione
585 1812 739 1887 praesenti
767 1812 889 1872 reddat:
927 1813 1103 1887 castigatum
1129 1813 1209 1873 eninr

129 1965 132 1970 ¹
235 1897 392 1970 quondam
412 1896 450 1955 ab
466 1912 502 1957 eo
518 1897 666 1971 populum
682 1896 736 1968 ait,
759 1897 843 1982 quod
857 1912 928 1956 eum
941 1903 1118 1971 perpetuum
1133 1911 1206 1954 eon·
1297 1977 1298 1980 Ἴ

230 1980 328 2039 55155
343 1985 373 2039 51
387 1979 670 2041 dictatorem-vellet
680 1981 796 2052 lacere3
813 1979 1011 2055 prohibuisse
1022 1985 1136 2040 statuas
1147 1979 1209 2040 sibi

230 2059 261 2120 ln
277 2063 415 2137 comitio,
436 2063 467 2122 15
481 2065 618 2139 Rostris,
634 2065 664 2124 15
680 2065 778 2138 curia,
793 2065 823 2123 in
839 2064 1012 2139 Capitolio,
1024 2064 1054 2123 in
1070 2064 1147 2124 cella
1159 2064 1211 2124 lo·
1296 2116 1299 2132 ,

232 2145 278 2206 vis
303 2147 392 2222 poni,
425 2147 622 2223 prohibuisse
647 2163 687 2207 ne
710 2148 939 2222 decerneretur,
968 2154 1007 2208 ut,
1024 2147 1126 2223 imago
1154 2164 1212 2209 sua

231 2229 405 2306 triumphali
427 2239 537 2292 ornatu
556 2247 574 2291 5
592 2233 705 2306 templo
727 2232 809 2292 lovis
830 2229 1083 2310 optimi-memmi
1102 2230 1212 2294 exiret

230 2313 322 2373 Lvtt
342 2314 419 2375 haec
433 2317 483 2377 vel
502 2313 534 2375 in
549 2315 724 2376 laudatione
743 2316 845 2390 posita
861 2317 1014 2390 ingentem
1029 2315 1206 2390 magnitudi·

230 2412 299 2456 nem
312 2398 402 2458 animi
412 2399 597 2460 moderantis
609 2400 649 2458 ad
661 2399 777 2458 civilem
789 2398 923 2460 habitum
934 2397 1103 2459 honoribus
1117 2399 1215 2474 signi-

229 2480 365 2555 ficarent,
378 2497 459 2556 quae
470 2482 686 2564 exprobrando
698 2480 838 2542 inimicus
850 2484 968 2542 latetur.
987 2481 1058 2542 huic
1071 2483 1210 2543 Graccho

231 2561 381 2622 minorem
402 2579 442 2623 ex
457 2565 576 2624 duabus
591 2564 662 2623 filiis
673 2581 793 2623 -narn
810 2566 906 2627 maior
919 2565 951 2624 P.
968 2564 1108 2627 Cornelio
1123 2566 1212 2626 Nasi-

217 2654 286 2702 ‘cae
304 2642 388 2703 haud
408 2645 500 2703 dubie
520 2661 539 2703 5
558 2652 646 2720 patre
667 2647 818 2709 collocata
838 2646 1091 2724 erat-'nuptam
1111 2649 1212 2710 tuisse
1297 2648 1298 2651 ’

230 2726 381 2786 convenit.
413 2725 487 2813 illud
505 2745 612 2803 parum
629 2738 756 2807 constat,
770 2739 870 2794 utrum
885 2740 1098 2808 postmortem
1111 2735 1211 2807 patris

218 2814 258 2869 'et
272 2811 430 2887 desponsa
445 2810 485 2872 sit
499 2819 529 2874 et
542 2812 695 2889 nupserit,
716 2830 754 2874 an
769 2832 861 2877 verae
875 2816 944 2876 illae
959 2816 1122 2892 opiniones
1139 2817 1210 2892 sint,

177 2902 180 2905 ·
229 2892 416 2970 Gracchum,
439 2913 507 2957 cum
521 2897 554 2957 L.
571 2897 675 2974 Scipio
690 2899 720 2958 15
735 2899 858 2961 vincula
873 2901 1037 2969 duceretur
1049 2914 1107 2959 nec
1123 2901 1211 2975 quis·

1285 296 1296 328 d

229 2993 321 3050 quam
346 2982 530 3056 collegarum
555 2981 669 3042 auxilio
691 2990 788 3058 esset,
815 2985 935 3044 iurasse
956 2982 1015 3044 sibi
1035 2981 1210 3045 inimicitias
1286 3053 1290 3058 ,

228 3061 523 3139 cumScipionibus,
546 3080 626 3141 quae
640 3066 784 3141 fuissent,
805 3083 944 3140 manere,
965 3083 1023 3127 nec
1041 3083 1076 3127 se
1090 3066 1211 3141 gratiae

228 3147 424 3219 quaerendae
445 3164 539 3218 causa
561 3151 725 3224 quicquam
740 3152 860 3222 laceres
879 3151 936 3211 sed
950 3151 981 3210 15
997 3166 1088 3225 5555
1102 3162 1210 3227 carce-

227 3243 291 3287 rem
313 3243 402 3303 55555
422 3237 455 3291 ‘et
474 3233 673 3306 imperatores
694 3232 828 3295 hostiurn
849 3234 1011 3295 ducentem
1029 3233 1162 3293 vidisset
1175 3232 1209 3293 P.

226 3311 416 3388 AlrIcanum,
437 3313 467 3373 15
486 3332 559 3395 eum
580 3331 615 3385 se
634 3318 756 3376 tratrem
775 3317 843 3378 eius
865 3318 935 3378 duci
949 3333 1011 3378 non
1029 3332 1209 3392 passurum.

226 3401 365 3456 senatum
378 3412 418 3457 eo
434 3396 483 3457 die
498 3400 576 3459 forte
588 3399 620 3458 in
634 3397 782 3474 Capitolio
797 3407 955 3460 cenantem
970 3397 1208 3461 consurrexisse

209 3505 212 3512 ,
224 3485 256 3536 et
266 3480 390 3555 petisse,
398 3487 432 3541 ut
442 3480 519 3542 Inter
531 3483 639 3556 epulas
648 3483 784 3543 Graccho
796 3483 889 3541 liliam
896 3484 1061 3545 Africanus
1070 3485 1193 3558 despon
