2600 4000
267 207 382 269 umen
396 189 557 268 rnrxvrn.
581 207 664 268 cnr.
678 215 777 270 nas.
801 212 958 282 [acum]
1036 207 1099 275 36³

121 363 229 427 Asiam
240 362 380 424 incolunt
385 358 564 422 existimetis
577 360 686 421 Gallis:
700 366 817 421 remota
826 360 988 420 universae
999 360 1099 436 gentis

121 445 247 509 infamis
261 452 353 521 atque
366 445 481 506 invidia
494 460 551 520 per
564 460 600 504 se
614 444 702 518 ipsos
717 444 884 505 aestimate.
917 442 1030 503 utinam
1044 461 1099 505 rex

123 528 285 604 Eumenes,
300 529 414 591 utinam
427 529 522 590 Asiae
537 526 674 589 civitates
689 543 796 588 omnes
812 527 972 600 adessent,
987 533 1018 587 et
1030 527 1099 588 illos

122 613 226 691 potius
242 620 404 688 querentes
420 628 513 689 quam
525 628 574 671 me
588 617 785 673 accusantem
798 610 953 672 audiretis.
985 609 1099 683 mittite,

122 696 262 774 agedum,
274 697 392 772 legatos
404 696 486 756 eirca
497 710 603 756 omnes
614 695 709 756 Asiae
718 695 821 768 urbes,
836 701 867 755 et
877 693 1023 769 quaerite,
1033 699 1100 754 utra

122 779 264 857 graviom
284 780 445 851 servitute,
466 778 618 840 Antiocho
639 780 721 839 ultra
737 777 827 839 Tauri
847 778 919 853 iuga
938 783 1039 837 emoto
1060 794 1099 836 an

115 863 217 925 ,Gallis
232 863 384 937 subactis,
405 861 522 924 liberati
536 862 611 924 sint:
634 862 775 937 quotiens
791 859 855 936 agri
870 876 976 922 eorum
991 858 1099 921 vastati

122 949 196 1022 sint,
219 946 361 1022 quotiens
383 946 517 1021 praedae
539 946 681 1018 abactae,
701 946 849 1019 reserant,
871 960 940 1005 curn
954 944 1008 1003 vix
1021 944 1099 1003 redi

123 1030 227 1092 mendi
241 1029 381 1105 captivos
397 1029 487 1104 copia
500 1036 598 1104 esset,
613 1036 644 1090 et
656 1035 804 1089 mactatas
818 1027 967 1088 humanas
982 1024 1107 1088 hostias

121 1114 359 1187 immolatosque
375 1111 489 1174 liberos
510 1129 586 1174 suos
607 1111 757 1174 audirent.
791 1110 977 1187 stipendium
992 1109 1100 1172 scitote

125 1196 314 1273 pependisse
334 1195 441 1257 socios
453 1202 574 1262 vestros
590 1195 700 1266 Gallis3
722 1202 863 1267 sinunt,
884 1193 1029 1256 liberatos
1043 1210 1100 1270 per

3 1303 5 1358 ς
122 1297 181 1341 vos
195 1280 281 1354 regio
296 1279 439 1355 imperio,
461 1279 557 1340 luisse
572 1294 741 1354 pensuros,
763 1278 790 1339 si
806 1295 824 1339 a
838 1294 888 1339 me
901 1279 981 1340 foret
994 1293 1099 1339 cessa·

3 1361 5 1442 ξ
122 1367 218 1428 tum.“
238 1362 368 1423 XLVlll.
391 1377 473 1438 „quo
487 1364 608 1438 longius
619 1361 790 1424 Antiochus
802 1368 921 1424 emotus
932 1371 1024 1438 esset,
1038 1361 1100 1423 hoc

123 1446 319 1520 impotentius
340 1445 370 1505 in
385 1445 460 1506 Asia
475 1446 551 1506 Galli
571 1446 815 1517 dominarentura
838 1453 868 1506 et
889 1446 1039 1522 quidquid
1052 1451 1099 1506 est

3 1561 5 1564 ·
121 1536 270 1589 terrarum
284 1529 359 1590 citra
370 1529 460 1590 Tauri
474 1529 558 1605 iuga,
581 1530 735 1591 Gallorum
751 1530 896 1605 imperio,
918 1544 981 1589 non
995 1536 1099 1588 vestro

122 1611 322 1673 adiecissetis.
351 1619 381 1673 at
394 1611 473 1672 enim
488 1621 559 1675 sunt
575 1614 697 1690 quidem
711 1613 785 1674 ista=
805 1627 911 1672 verum
926 1610 1016 1670 etiarn
1030 1611 1099 1670 Del·

124 1695 202 1776 phos
218 1697 373 1771 quondam
384 1711 544 1757 commune
553 1698 677 1759 humani
688 1696 810 1770 generis
822 1692 987 1764 oraculum,
1003 1692 1098 1752 umbi-

120 1776 214 1840 sreum
229 1779 312 1840 orbis
328 1785 484 1854 terrarum,
501 1781 577 1841 Galli
592 1778 820 1854 spoliaverunt;
842 1790 900 1835 nee
914 1775 984 1837 ideo
999 1792 1098 1851 popu·

123 1861 172 1923 lus
184 1864 345 1925 Romanus
363 1862 412 1922 his
432 1863 545 1921 bellum
564 1859 675 1920 indixit
688 1865 740 1919 aut
752 1858 859 1920 intulit.
888 1859 1030 1935 equidem
1046 1859 1100 1919 ali·

3 2004 4 2013 ,
124 1946 197 2021 quid
211 1945 362 2005 interesse
375 1943 466 2004 rebar
479 1941 558 2003 inter
570 1943 603 2003 id
618 1948 751 2018 tempus,
766 1958 827 2017 quo
841 1943 978 2007 nondum
992 1943 1023 2005 in
1034 1945 1102 2014 iure

120 2043 157 2089 ae
172 2027 294 2088 dicione
314 2031 418 2085 vestra
432 2024 561 2086 Graecia
577 2032 670 2101 atque
683 2024 761 2087 Asia
774 2033 855 2103 erat,
875 2028 916 2088 ad
931 2030 1098 2090 curandum

121 2107 493 2184 ammadvertendunque,
508 2106 583 2185 quid
596 2109 627 2169 in
640 2109 689 2169 his
700 2109 788 2171 terris
799 2110 895 2185 fieret,
911 2118 942 2171 et
951 2112 1019 2183 hoc,
1036 2127 1098 2185 quo

120 2193 213 2253 finem
223 2190 342 2268 imperii
347 2192 477 2253 Romani
482 2192 614 2253 Taurum
624 2199 757 2253 montem
767 2193 924 2267 statuistis,
937 2209 998 2270 quo
1009 2194 1098 2254 liber-

120 2283 212 2337 tatem
231 2275 450 2338 immunitatem
469 2275 642 2338 civitatibus
662 2277 757 2350 datis,
780 2294 842 2352 quo
859 2277 927 2338 aliis
941 2277 1019 2355 fines
1034 2276 1098 2337 adi·

121 2357 204 2432 citis,
227 2359 302 2420 alias
323 2374 399 2435 agro
421 2359 568 2441 multatis,
589 2359 657 2420 aliis
670 2359 800 2435 vectigal
813 2361 983 2436 imponitis,
1004 2375 1098 2435 regna
1135 2418 1138 2421 ,

3 2466 4 2545 a
121 2442 240 2518 augetis
263 2442 398 2504 minuitis
416 2443 538 2504 donatis
552 2442 700 2519 adimitis,
722 2459 815 2505 curae
828 2451 951 2506 vestrae
965 2445 1098 2505 censetis

121 2541 202 2602 esse,
216 2535 251 2589 ut
266 2542 375 2603 pacem
388 2533 469 2588 terra
482 2527 622 2604 marique
634 2526 777 2610 habeant.
805 2543 853 2602 an,
869 2527 928 2588 nisi
945 2527 1098 2603 praesidia

121 2610 303 2671 deduxisset
315 2611 501 2685 Antiochus,
522 2626 602 2687 quae
622 2611 726 2687 quieta
739 2612 769 2672 in
785 2611 851 2673 suis
866 2612 988 2673 arcibus
1002 2618 1097 2685 erant,

3 2734 5 2747 .
123 2708 184 2754 non
209 2693 356 2768 putaretis
382 2693 539 2755 liberatam
558 2693 682 2755 Asiam=
712 2694 740 2754 si
765 2696 919 2757 Gallomm
944 2695 1097 2756 exereitus

3 2786 4 2795 ¹
122 2775 213 2836 effusi
233 2781 432 2851 vagarentur,
450 2783 518 2836 rata
532 2776 614 2836 dona
627 2784 747 2851 vestra,
772 2794 853 2852 quae
868 2778 1011 2851 dedistis,
1032 2779 1097 2852 regi

3 2902 5 2911 .
119 2857 256 2933 Eumeni,
270 2865 337 2919 rata
349 2857 474 2920 libertas
490 2858 661 2920 civitatibus
675 2866 779 2921 essett
798 2861 855 2920 sed
868 2860 941 2935 quid
953 2875 1011 2935 ego
1021 2860 1098 2921 haec

120 2940 162 3003 ita
176 2947 386 3017 argumentor,
404 2949 559 3017 tamquam
573 2957 635 3002 non
650 2943 821 3018 acceperim
835 2943 892 3003 sed
905 2943 1028 3003 fecerim
1042 2944 1096 3004 ho·

120 3034 185 3087 stes
202 3025 327 3086 Gallost
347 3031 385 3100 te,
399 3026 432 3086 L.
446 3024 562 3101 Scipio,
576 3026 708 3101 appello,
726 3026 812 3088 cuius
824 3041 881 3101 ego
893 3026 974 3099 mihi,
990 3042 1094 3089 succe·

3 3110 5 3147 ἵ
120 3109 198 3170 dens
213 3108 356 3170 invicem
370 3109 488 3186 imperii
502 3109 562 3185 tui,
582 3109 724 3172 virtutem
738 3110 972 3186 felicitatemque
985 3112 1097 3187 pariter

121 3207 183 3252 non
198 3194 311 3254 trustra
323 3193 362 3254 ah
376 3193 435 3255 diis
449 3192 668 3255 immortalibus
682 3203 826 3270 precatus
841 3210 918 3269 sum,
932 3201 972 3270 te,
986 3196 1018 3255 P.
1032 3193 1096 3255 Sci·

121 3273 192 3350 pio,
214 3276 266 3351 qui
286 3277 377 3352 legati
392 3276 457 3352 ius,
479 3280 616 3353 collegae
629 3278 818 3340 maiestatem
832 3285 863 3338 et
876 3280 960 3355 apud
974 3281 1095 3339 fratrem

3 3404 5 3435 ‚
122 3360 280 3419 consulem
294 3366 324 3420 et
333 3361 417 3436 apud
428 3359 594 3422 exereitum
604 3360 745 3436 habuisti,
761 3363 906 3423 sciatisne
917 3363 948 3421 in
960 3358 1095 3421 exercitu

122 3439 265 3501 Antiochi
281 3441 434 3504 Gallorum
455 3442 593 3520 legiones
614 3444 725 3519 luisse,
746 3445 883 3505 videritis
904 3444 935 3504 in
950 3443 1015 3502 acie
1029 3456 1095 3510 eos.
