2600 4000
252 237 368 299 LIBER
381 238 513 299 XXlllll.
536 240 619 299 CAP.
635 248 678 303 ro.
695 248 737 304 rt.
765 248 923 319 [aeret]
1040 245 1084 311 st

103 387 257 460 silentium
276 404 350 450 mox
369 406 389 449 a
408 388 596 451 verecundia
609 388 702 451 simul
715 389 863 467 pristinae
878 392 1033 468 dignitatis
1044 413 1083 459 ac

101 471 314 537 misericordia
323 471 498 549 praesentis
509 474 652 546 fortunae
662 482 761 536 ortum
772 482 829 536 est.
843 483 996 550 potestate
1007 497 1082 555 quo-

102 574 163 636 que
179 554 302 619 dicendi
316 557 398 617 facta
411 553 562 634 principio
576 556 765 634 suppliciter,
780 559 971 634 procedente
982 570 1084 624 autem

102 640 256 716 oratione,
271 638 325 701 ubi
339 639 380 700 ad
395 638 522 704 crimina
535 639 681 703 diluenda
694 649 819 703 ventum
833 647 882 703 est
887 687 897 720 ‚
918 659 988 705 curn
1002 652 1084 709 tanta

101 723 217 788 fiducia
231 730 377 801 quantam
390 722 566 787 innocentia
577 726 670 787 dabat
680 724 908 798 dissemerunta
923 736 1083 804 postremo

102 810 182 871 ultro
197 807 315 883 aliquid
330 805 421 868 etiam
436 806 522 884 queri
534 815 565 869 et
575 806 727 884 castigare
740 807 931 885 iniquitatem
946 810 1038 873 simul
1052 811 1083 872 in

103 910 137 955 se
152 890 427 966 crudelitatemque
439 890 508 953 ausi
522 890 565 956 ita
578 892 761 954 adfecerunt
772 891 916 969 animos,
929 902 964 957 ut
982 894 1085 957 omnia

103 991 183 1054 quae
198 973 229 1036 in
243 991 300 1037 eos
316 975 439 1038 decreta
453 982 539 1037 erant
554 976 731 1052 trequentes
751 977 907 1053 tollerent,
928 993 1031 1056 neque
1046 994 1084 1040 eo

102 1060 203 1122 minus
224 1058 416 1121 redeundum
436 1058 467 1120 in
482 1057 663 1121 societatem
681 1058 812 1137 Philippi
825 1062 1084 1139 abnuendamque

102 1145 310 1206 Romanorum
324 1140 487 1204 amicitiam
501 1151 673 1205 censerent.

185 1228 280 1288 XVll.
301 1226 446 1288 Leucade
459 1226 537 1287 baec
553 1233 624 1287 sunt
639 1228 772 1289 decreta
792 1226 825 1289 id
841 1236 933 1305 caput
945 1229 1081 1291 Acama—
1140 1227 1142 1230 ’

103 1314 173 1373 niae
188 1318 261 1384 erat,
277 1327 378 1386 eoque
392 1309 424 1370 in
439 1308 603 1372 concilium
614 1327 722 1372 omnes
732 1311 842 1388 populi
849 1310 1074 1375 conveniebant

102 1396 209 1471 itaque
224 1410 293 1455 cum
306 1393 383 1455 haec
397 1393 557 1470 repentina
570 1392 697 1456 mutatio
713 1394 880 1474 corcyram
893 1397 935 1457 ad
949 1397 1083 1474 legatum

102 1476 305 1538 Flamininum
318 1480 435 1553 perlata
444 1484 538 1551 esset,
554 1479 709 1555 extemplo
725 1494 796 1540 cum
809 1482 911 1558 classe
924 1482 1088 1556 profectus

104 1560 278 1622 Leucadem
289 1561 328 1621 ad
337 1561 487 1625 Heraeum
497 1562 584 1639 quod
596 1570 711 1625 vocant
720 1578 818 1624 naves
832 1561 990 1640 applicuit.
1011 1563 1085 1625 inda

106 1661 176 1706 cum
192 1642 272 1706 omni
286 1661 399 1721 genere
420 1652 641 1709 tormentorum
661 1645 948 1721 machinarumque,
972 1645 1084 1721 quibus

104 1737 318 1805 expugnantur
331 1730 435 1803 urbes,
450 1730 490 1790 ad
503 1746 609 1792 muros
623 1727 772 1804 accessit,
790 1729 831 1789 ad
844 1729 975 1805 primum
988 1736 1084 1790 terro-

102 1828 168 1873 rem
181 1820 265 1875 ratus
279 1811 419 1875 inclinari
432 1812 552 1875 animos
573 1828 682 1890 posse.
715 1818 881 1887 postquam
894 1810 996 1889 pacati
1010 1810 1085 1873 nibil

103 1897 336 1971 ostendebatur,
362 1905 427 1959 tum
450 1895 559 1959 vineas
585 1904 749 1972 turresque
770 1894 889 1972 erigere
909 1903 940 1958 et
959 1895 1085 1962 arietem

102 1980 268 2044 admovere
282 1978 378 2042 muris
393 1978 505 2055 coepit.
539 1978 715 2042 Acarnania
734 1978 879 2043 universa
898 1978 978 2044 inter
991 1981 1084 2043 Aeto·

102 2062 174 2125 liam
189 2072 284 2139 atquc
296 2061 424 2138 Epirum
437 2061 541 2136 posita
556 2063 654 2123 solem
670 2062 861 2125 occidentem
882 2072 913 2126 et
931 2080 1017 2126 mare
1038 2063 1084 2125 Si-

102 2150 206 2209 culum
221 2151 350 2220 spectat.
385 2143 541 2204 Leucadia
553 2159 636 2203 nunc
649 2141 751 2202 insuta
770 2152 834 2217 est,
854 2146 976 2208 vadoso
997 2148 1082 2219 lreto,

102 2230 190 2306 quod
201 2228 380 2302 perfossum
387 2241 482 2287 *manu
488 2230 545 2300 est,
556 2226 596 2285 ab
602 2224 778 2286 Acarnania
789 2224 904 2287 divissa
917 2235 981 2289 tum
990 2243 1083 2302 paen·

99 2311 205 2374 insula
225 2317 303 2382 erat,
326 2307 496 2370 occidentis
515 2307 643 2384 regione
664 2307 738 2369 artis
758 2307 899 2372 faucibus
915 2309 1086 2373 cohaerens

101 2392 307 2457 Acarnaniae.
341 2392 526 2470 quingentos
541 2395 638 2455 ferme
651 2408 767 2469 passus
781 2394 893 2470 longae
907 2410 966 2457 eae
978 2395 1086 2457 fauces

103 2487 205 2555 erant,
227 2479 307 2539 latae
327 2477 410 2540 haud
430 2477 562 2555 amplius
584 2485 706 2539 centum
727 2485 758 2539 et
777 2475 893 2553 viginti.
933 2477 965 2539 in
979 2477 1018 2541 iis
1032 2495 1084 2540 an-

104 2560 215 2639 gustiis
228 2563 349 2624 Leucas
362 2560 466 2640 posita
480 2569 542 2637 est,
560 2560 637 2623 ¹colli
657 2559 811 2637 applicata
830 2577 923 2625 verso
938 2560 970 2623 in
986 2561 1085 2625 orien-

105 2655 166 2708 tem
186 2653 217 2707 et
235 2645 449 2707 Acarnaniam.
492 2645 553 2707 ima
571 2643 658 2708 urbis
678 2647 770 2722 plana
790 2653 875 2721 sunt,
900 2644 1032 2709 iacentia
1045 2647 1085 2708 ad

104 2746 205 2805 mare,
226 2746 289 2806 quo
309 2728 465 2791 Leucadia
477 2730 516 2791 ab
530 2728 707 2790 Acarnania
728 2728 882 2792 dividitur.
918 2728 991 2791 inde
1004 2738 1086 2792 terra

104 2811 243 2890 marique
258 2813 473 2889 expugnabilis
487 2821 550 2874 esta
570 2829 642 2874 nam
656 2820 687 2874 et
701 2813 781 2874 vada
795 2820 867 2876 sunt
879 2820 988 2890 stagno
1004 2812 1086 2875 simi-

104 2897 183 2959 liora
198 2912 290 2973 quam
303 2895 389 2973 mari,
415 2904 446 2958 et
460 2912 587 2974 campus
602 2904 743 2957 terrenus
759 2895 858 2959 omnis
876 2896 1028 2973 operique
1042 2899 1086 2958 la-

104 2978 183 3042 cilis.
205 2979 309 3056 itaque
323 2979 427 3042 multis
441 2980 531 3042 simul
550 2978 629 3042 locis
649 2986 702 3041 aut
722 2978 840 3041 subruti
857 2988 911 3043 aut
924 2979 1019 3041 ariete
1033 2981 1083 3042 de·

105 3062 191 3126 cussi
210 3064 340 3125 ruebant
359 3062 447 3126 muri.
475 3064 533 3126 sed
553 3079 645 3140 quam
665 3063 740 3126 urbs
758 3062 829 3140 ipsa
842 3070 1017 3140 opportuna
1031 3080 1086 3140 opu

104 3145 313 3225 pugnantibus
321 3155 395 3223 erat,
405 3156 467 3210 tarn
476 3145 733 3225 inexpugnabiles
744 3146 879 3210 bostium
888 3145 991 3209 animi
1005 3145 1087 3208 diem

104 3247 143 3292 ac
157 3238 280 3294 noctem
293 3229 404 3293 intenti
416 3233 546 3294 reficere
560 3238 708 3309 quassata
720 3230 814 3305 muri,
830 3232 991 3295 obstruere
1006 3247 1086 3306 quae

103 3316 260 3393 patefacta
272 3313 369 3378 ruinis
381 3324 476 3394 erant,
491 3315 610 3394 proelia
622 3313 750 3394 impigre
764 3313 856 3391 inire,
871 3323 902 3378 et
915 3313 1008 3376 armis
1022 3331 1086 3375 ma-

104 3397 154 3475 gis
168 3415 273 3461 muros
288 3416 381 3476 quarn
395 3417 430 3462 se
444 3400 533 3478 ipsos
547 3397 709 3462 moenibus
719 3399 817 3461 tutari.
840 3397 1017 3475 diutiusque
1028 3413 1086 3473 spe

106 3484 313 3545 Romanorum
339 3483 533 3547 obsidionem
563 3498 632 3543 eam
656 3480 877 3557 extraxissent,
905 3481 936 3543 ni
960 3480 1088 3542 exsules

147 3583 174 3626 r.
186 3568 399 3627 mvrnxnslv.
866 3570 884 3618 ²
