2600 4000
138 281 142 287 '
214 269 272 332 162
322 269 437 330 LIBER
447 269 581 330 XXXIV.
604 268 687 329 csP.
699 277 743 331 44.
755 278 799 332 45.
812 277 854 333 46.
880 275 916 343 [a.
929 271 964 329 U.
976 293 1001 329 c.
1012 276 1078 343 558]

209 424 304 483 ullum
320 421 459 482 ordinem
473 422 630 482 saevitum.
655 420 763 481 atrium
773 420 931 481 Libertatis
943 425 975 480 et
986 421 1057 481 villa
1069 422 1192 496 publica
1292 434 1293 481 Τ

210 505 249 566 ab
264 505 364 565 isdem
378 506 494 565 relecta
509 504 764 580 amplificataquc.
1292 502 1293 545 Τ

292 591 358 650 Ver
378 604 500 649 sacrum
523 588 649 663 ludique
670 588 779 662 votivi,
803 604 883 664 quos
901 595 1028 649 voverat
1041 587 1073 648 P.
1090 587 1192 665 Sulpi·
1293 648 1294 651 ,

211 677 276 737 eius
292 673 389 734 Galba
403 674 520 745 consul,
542 672 621 732 lacti.
651 688 719 733 eum
736 673 913 747 spectaculo
928 688 1035 733 eorum
1050 674 1190 748 occupati
1291 712 1294 721 -

209 758 301 820 animi
316 756 474 818 hominum
487 761 601 830 essent,
616 755 650 831 Q.
661 754 835 830 Pleminius,
852 756 904 829 qui
920 761 1046 831 propter
1057 757 1150 817 multa
1162 757 1191 816 in
1291 732 1296 783 ²

210 844 288 904 deos
300 840 504 915 hominesque
514 839 633 901 scelera
642 839 751 901 Locris
763 837 899 900 admissa
909 840 939 898 in
951 854 1106 900 carcerem
1120 856 1191 901 con·
1296 850 1298 871 ³

210 928 307 988 iectus
323 924 436 999 luerat,
459 930 691 999 comparaverat
705 922 860 997 homines,
882 923 934 998 qui
948 923 1087 998 pluribus
1102 924 1192 985 simul

210 1009 286 1072 locis
305 1007 390 1067 urbis
404 1012 495 1067 nocte
508 1005 650 1068 incendia
663 1009 813 1081 tacerent,
834 1013 868 1068 ut
881 1007 912 1067 in
927 1012 1124 1068 consternata
1137 1023 1191 1068 no·

212 1101 319 1154 cturno
341 1093 470 1151 tumultu
491 1090 613 1152 civitate
626 1092 750 1166 refringi
766 1105 871 1151 carcer
885 1099 1002 1166 posset.
1030 1106 1069 1151 ea
1081 1107 1132 1152 res
1147 1092 1190 1151 in·

212 1175 292 1236 dicio
315 1174 509 1235 consciorum
529 1177 629 1250 palam
651 1176 731 1236 lanta
745 1174 907 1250 delataque
925 1175 965 1235 ad
981 1181 1119 1236 senatum
1135 1183 1191 1236 est.

211 1258 376 1319 Pleminius
388 1259 417 1317 in
430 1259 604 1319 interiorem
612 1254 766 1319 demissus
774 1274 928 1319 carcerem
936 1265 1180 1334 estnecatusque

294 1342 385 1401 XLV.
402 1341 546 1404 Coloniae
559 1343 668 1403 civium
680 1344 886 1404 Romanorum
899 1358 937 1402 eo
950 1359 1030 1404 anno
1043 1344 1192 1404 deductae

211 1432 283 1488 sunt
302 1424 448 1487 Puteolos
469 1428 653 1486 Vulturnum
672 1427 840 1498 Litemum,
866 1427 981 1487 ueneni
1001 1427 1140 1488 homines
1161 1427 1191 1485 in

211 1511 357 1585 singulas.
391 1510 463 1570 item
484 1509 643 1570 Salernum
665 1511 900 1586 Buxentumque
920 1511 1059 1571 coloniae
1082 1511 1190 1571 civium

211 1595 420 1656 Romanorum
436 1593 586 1654 deductas
601 1599 681 1654 sunt.
715 1594 871 1654 deduxere
886 1594 1033 1654 triumviri
1047 1594 1090 1653 Ti.
1107 1593 1190 1654 Sem·

212 1677 341 1754 pronius
355 1677 491 1752 Longus,
507 1678 559 1752 qui
574 1683 636 1738 turn
651 1678 759 1737 consul
775 1684 847 1749 erat,
862 1677 902 1736 ll.
919 1676 1076 1752 Servilius,
1093 1678 1126 1751 Q.
1138 1678 1190 1738 Mi·

212 1761 485 1822 nuciusThennus.
507 1776 580 1836 ager
595 1760 713 1821 divisus
725 1767 773 1819 est
785 1762 836 1835 qui
849 1760 1071 1836 Carnpanorum
1086 1763 1191 1821 luerat.

212 1845 374 1922 Sipontum
388 1846 458 1906 item
473 1844 503 1903 in
519 1861 626 1920 agrum
642 1844 695 1919 qui
708 1843 893 1919 Arpinorum
910 1845 1022 1920 luerat,
1041 1846 1193 1906 coloniam
1297 1894 1298 1911 .

213 1930 325 1988 civium
343 1929 549 1999 Romanorum
573 1929 623 1988 alii
647 1927 810 2002 triumviri,
835 1929 871 1988 Ι).
893 1929 997 1990 lunius
1017 1929 1132 1990 Brutus
1153 1929 1192 1988 M.

212 2012 344 2072 Baebius
355 2012 532 2088 Tamphilus
544 2013 584 2072 Μ.
591 2012 718 2073 Helvius
730 2012 931 2074 deduxerunt.
949 2016 1111 2088 Tempsam
1123 2014 1193 2075 item

212 2103 242 2157 et
256 2096 418 2157 crotonem
432 2096 543 2158 civium
554 2097 761 2159 Romanorum
778 2097 916 2158 coloniae
928 2097 1088 2161 deductae.
1104 2099 1191 2157 Tem-

211 2196 328 2257 psanus
349 2196 423 2257 ager
442 2180 482 2241 de
495 2180 620 2243 Bruttiis
639 2188 747 2257 eaptus
762 2187 842 2250 erat;
862 2180 970 2241 Bruttii
987 2181 1124 2242 Graecos
1140 2197 1193 2241 ex·

211 2266 366 2341 putarant:
390 2266 551 2327 crotonem
567 2265 675 2326 Graeci
689 2265 851 2326 habebant.
875 2265 1022 2325 triumviri
1038 2265 1091 2325 Gn.
1105 2265 1194 2327 Octa·
1297 2301 1298 2320 2

210 2349 279 2411 vius
293 2349 326 2409 L.
338 2349 487 2409 Aemilius
498 2348 612 2409 Paulus
624 2347 655 2408 C.
667 2347 836 2409 Plaetorius
850 2348 1020 2425 Crotonem,
1030 2350 1194 2425 Tempsam
1297 2393 1298 2396 ,

199 2431 244 2493 l..
260 2433 418 2494 Cornelius
432 2431 549 2491 Merula
565 2431 598 2504 Q.
612 2428 646 2467 **
661 2430 693 2490 C.
709 2431 852 2492 Salonius
870 2433 1072 2494 deduxerunt.

293 2514 437 2590 Prodigia
452 2529 577 2589 quoque
591 2512 650 2572 alia
664 2514 733 2573 visa
747 2529 784 2575 eo
800 2532 880 2577 anno
894 2518 1011 2577 Romae
1027 2524 1113 2591 sunt,
1134 2517 1194 2575 alia
1297 2513 1298 2516 ’

212 2599 358 2658 nuntiata.
385 2598 414 2656 in
431 2596 498 2658 toro
519 2603 550 2657 et
570 2596 691 2657 comitio
707 2604 737 2657 et
752 2597 900 2674 Capitolio
916 2601 1076 2675 sanguinis
1091 2607 1195 2675 guttae

211 2679 298 2741 sisae
318 2686 404 2755 sunt,
425 2687 456 2741 et
474 2688 555 2741 terra
575 2680 759 2755 aliquotiens
777 2684 888 2758 pluvit,
911 2691 942 2743 et
956 2691 1049 2759 caput
1061 2684 1194 2745 Vulcani

211 2763 295 2825 arsit.
324 2763 492 2825 nuntiatum
514 2763 655 2826 estllare
675 2766 754 2825 amni
777 2768 824 2826 lac
844 2767 991 2837 fluxisse3
1014 2783 1131 2844 pueros
1145 2767 1193 2827 in·

210 2860 331 2924 genuus
341 2847 469 2909 Arimini
484 2847 551 2909 sine
567 2848 664 2910 oculis
681 2865 716 2910 ac
730 2866 817 2924 naso,
834 2859 864 2911 et
877 2852 906 2911 in
918 2851 1029 2914 Piceno
1043 2868 1117 2928 agro
1129 2867 1193 2912 non

210 2944 330 3008 manus,
345 2948 407 2995 non
421 2932 520 3007 pedes
533 2932 695 2994 habentem
710 2940 822 2995 natum.
852 2951 889 2995 ea
904 2935 1045 3011 prodigia
1060 2952 1099 2996 ex
1114 2952 1194 3014 pon·

209 3013 326 3077 tilicum
352 3016 478 3078 decreto
511 3023 685 3093 procurata.
727 3025 757 3080 et
784 3020 970 3079 sacrificium
998 3020 1194 3081 novemdiale

210 3097 325 3162 taetram
338 3107 401 3176 est,
421 3101 505 3177 quod
519 3101 664 3162 Hadriani
680 3102 891 3164 nuntiaverant
904 3104 934 3163 in
949 3118 1024 3178 agro
1040 3120 1099 3165 suo
1115 3104 1192 3179 lapi-

209 3179 302 3246 dibus
319 3184 467 3261 pluvissa.
594 3229 596 3231 -

295 3267 397 3328 XLVI.
419 3270 453 3330 In
469 3270 565 3330 Gallia
577 3270 611 3331 L.
626 3269 768 3331 Valerius
782 3270 911 3333 Flaccus
926 3272 1094 3347 proconsul
1110 3271 1196 3331 cirea

209 3346 426 3413 Mediolanium
441 3369 509 3413 cum
521 3354 614 3414 Gallis
626 3354 807 3416 Insubribus
819 3355 951 3429 elnonis,
968 3355 1021 3431 qui
1041 3358 1193 3418 Dorulato

210 3432 292 3497 duce
313 3435 352 3497 ad
373 3436 573 3498 concitandos
592 3438 737 3499 Insubres
751 3438 867 3500 Padum
887 3438 1074 3515 transgressi
1095 3447 1193 3513 erant,

209 3518 308 3595 stgnis
320 3520 638 3597 collatisdepugnavit.
655 3524 761 3582 decern
772 3523 854 3582 milia
864 3523 997 3585 hostium
1009 3530 1192 3584 suntcaesa.
