2600 4000
180 193 243 256 220
285 191 401 252 LIBER
415 191 534 294 XXXV·
558 191 640 253 CAP.
651 201 697 253 al.
710 198 747 265 [a.
760 198 792 249 U.
807 212 831 249 cz
842 200 903 256 ado.
915 214 940 249 a.
949 199 981 249 C·
995 197 1057 264 tet]

179 349 373 420 vagarentur,
383 357 496 419 magna
506 357 580 418 pars
593 357 650 417 per
659 357 752 418 agros
764 343 909 417 lignatum
920 341 1161 418 pabuatumque

179 428 302 503 dilapsa
314 435 415 500 esset,
437 431 566 501 repente
578 424 744 502 Menippus
766 426 887 501 palatos
902 424 1018 500 passim
1032 424 1160 500 adgres-

180 529 234 573 sus
254 527 311 573 eos
333 509 458 584 cecidit,
479 510 520 570 ad
541 508 761 584 quinquaginta
781 509 871 569 vivos
893 508 983 585 cepit.
1012 508 1161 584 perpauci

179 595 366 672 effugerunt,
381 591 538 669 inquibus
548 591 696 670 lfficythio
709 608 806 668 parva
820 592 961 654 oneraria
974 608 1053 652 nave
1068 608 1159 653 exce·
1209 597 1212 601 “
1239 618 1243 623 v

179 688 260 757 ptus.
286 695 325 740 aa
343 693 394 738 res
416 676 555 751 Quinctio
570 676 781 752 Romanisque
801 676 880 737 sicut
899 676 1014 738 iactura
1032 676 1161 737 militum

179 765 325 837 molesta,
346 762 389 823 ita
402 761 443 822 ad
455 760 504 821 ius
520 760 671 821 inserendi
684 759 837 822 Antiocho
851 759 923 820 belli
937 759 1091 820 adiecisse
1104 760 1158 819 ali·

180 854 325 924 quantum
340 845 509 905 videbatur.
536 843 707 905 Antiochus
721 844 846 917 admoto
859 843 899 904 ad
914 842 1056 903 Aulidem
1071 858 1157 902 exer·

181 931 255 1004 citu,
270 945 339 990 cum
352 943 462 989 rursus
476 934 614 989 oratores
630 926 739 1003 partim
760 942 799 987 ex
821 926 886 988 suis
906 927 1013 1002 partim
1027 927 1155 988 Aetolos

179 1012 353 1074 Chalcidem
369 1009 518 1086 misisset,
532 1011 585 1086 qui
598 1012 708 1072 eadem
722 1011 773 1071 illa
785 1025 866 1087 quae
876 1026 976 1086 nuper
987 1027 1056 1071 cum
1067 1010 1158 1071 minis

161 1095 371 1173 gravioribus
387 1101 527 1170 agerent,
542 1095 731 1172 nequiquam
742 1102 849 1156 contra
858 1093 1048 1174 Micythione
1058 1095 1157 1155 aliie

179 1179 300 1241 noclide
315 1179 510 1240 tendentibus
525 1178 615 1239 facile
627 1179 737 1251 tenuit,
759 1186 793 1239 ut
807 1184 913 1254 portae
928 1178 987 1239 sibi
1002 1178 1156 1253 aperiren-

179 1278 236 1324 tur.
259 1262 312 1339 qui
326 1263 484 1324 Romanae
499 1261 595 1339 partis
609 1269 712 1337 erant,
733 1262 791 1324 sub
806 1263 970 1324 adventurn
983 1263 1066 1338 regis
1080 1262 1158 1323 urbe

179 1352 388 1408 excesserunt
427 1345 622 1407 Achaeorum
645 1354 677 1406 et
698 1345 844 1408 Eumenis
868 1345 979 1406 milites
1006 1344 1158 1421 Salganea

179 1430 336 1504 tenebant,
361 1429 441 1490 etin
458 1429 573 1505 Euripo
600 1431 760 1491 castellum
779 1430 908 1492 Romani
931 1429 1042 1490 milites
1066 1429 1156 1505 pauci

179 1514 339 1576 custodiae
353 1528 448 1575 causa
461 1512 521 1574 loci
535 1513 789 1574 communiebant
818 1512 971 1589 Salganea
982 1512 1156 1590 Menippus,

179 1615 235 1660 rex
247 1599 317 1674 ipse
331 1598 489 1659 castellum
501 1596 608 1671 Euripi
622 1611 805 1672 oppugnare
820 1605 868 1659 est
881 1598 1017 1659 adortus.
1037 1597 1158 1673 priores

180 1682 296 1744 Achaei
317 1690 347 1743 et
365 1681 510 1743 Eumenis
531 1680 641 1741 milites
661 1681 758 1756 pacti,
784 1687 818 1742 ut
838 1681 905 1743 sine
925 1681 1033 1742 fraude
1054 1681 1159 1741 liceret

179 1766 278 1841 abire,
305 1766 459 1842 praesidio
481 1771 697 1825 excessemnt=
720 1763 909 1843 pertinacius
921 1765 1050 1826 Romani
1070 1764 1156 1824 Euri-

180 1866 253 1925 pum
267 1850 439 1911 tuebantur.
461 1849 493 1909 hi
508 1864 633 1925 quoque
646 1856 762 1924 umen,
778 1865 848 1910 oum
862 1855 943 1909 terra
952 1849 1091 1925 marique
1103 1849 1157 1908 ob—

180 1932 352 1993 siderentur
366 1941 397 1993 et
409 1933 470 1994 iam
484 1932 640 1993 machinas
655 1939 865 2009 tormentaque
878 1932 1062 2009 comportari
1073 1931 1158 1991 vide·

180 2023 263 2091 rent,
288 2031 350 2077 nou
374 2019 471 2079 tudere
497 2017 699 2079 obsidionem.
733 2033 801 2078 cum
822 2018 854 2077 id
876 2017 962 2094 quod
982 2022 1074 2093 caput
1093 2024 1159 2076 erat

178 2099 324 2162 Euboeae
338 2109 454 2164 teneret
465 2118 538 2178 rex,
559 2117 599 2163 nc
620 2108 741 2163 ceterae
756 2100 879 2177 quidem
893 2101 960 2161 eius
975 2100 1094 2161 insulae
1106 2116 1160 2160 ur-

179 2184 236 2245 bes
249 2184 413 2262 imperium
426 2187 614 2256 abnuerunt3
632 2200 808 2261 magnoque
825 2184 976 2260 principio
992 2184 1051 2245 sibi
1065 2199 1158 2245 orsus

179 2267 291 2331 bellurn
315 2270 492 2346 videbatur,
517 2269 604 2347 quod
628 2276 713 2331 tanta
732 2269 833 2330 insula
851 2277 882 2330 et
901 2275 946 2330 tot
965 2274 1159 2345 opportunae

181 2353 272 2414 urbas
287 2354 317 2413 in
333 2370 419 2415 suam
435 2353 586 2415 dicionem
600 2353 767 2413 venissent.

500 2681 644 2775 llll
683 2681 825 2777 llll

453 2830 507 2891 tn
535 2831 650 2894 uuae
682 2813 884 2894 couniri

535 2950 645 3012 rinna
667 2946 796 3007 xxxvi.

196 3176 344 3229 EPlTOME.
381 3181 423 3230 M'.
442 3182 539 3233 Acilius
557 3182 659 3235 Glabrio
675 3187 763 3237 consul
778 3186 932 3238 Antiochum
949 3190 1020 3256 apud
1035 3190 1179 3241 Thermo-⁴

229 3245 317 3313 pylas,
334 3248 451 3316 Philippo
469 3266 530 3317 rege
546 3252 698 3319 adiuvante,
716 3257 810 3307 metum
827 3253 931 3307 Graecia
950 3257 1059 3326 expulit,
1076 3259 1158 3312 idem·

227 3330 277 3379 qne
294 3316 399 3368 Aetolos
417 3319 526 3385 subegit.
554 3320 582 3371 P.
603 3320 732 3373 Cornelius
748 3321 835 3390 Scipio
850 3322 943 3376 Nasica
960 3326 1048 3378 consul
1066 3329 1157 3378 aedem

227 3386 316 3436 matris
340 3385 429 3447 deum,
456 3402 532 3451 qnam
558 3390 661 3456 ipsein
683 3392 809 3442 Palatium
834 3393 953 3445 intulerat
978 3396 1020 3446 vir
1044 3401 1158 3463 optadus

226 3470 243 3503 a
267 3460 356 3506 senatu
382 3455 522 3518 iudicatam,
550 3458 692 3520 dedicavit3
720 3462 837 3525 idemque
862 3462 940 3513 Boios
964 3462 1049 3514 Galim
1074 3466 1158 3516 victor
