2600 4000
199 194 264 263 254
309 193 426 259 Llssu
439 194 572 257 mvi.
594 194 678 258 cnr.
693 202 848 261 aaaron.
870 196 1064 276 [numen]

201 348 253 409 ubi
266 354 300 409 ut
312 346 344 407 in
355 360 482 407 numero
495 343 638 419 scriptori
648 359 758 418 parurn
768 342 841 404 iidel
851 342 900 419 sit,
915 345 990 421 quis
998 344 1028 405 in
1040 347 1188 420 augendo

202 448 240 493 eo
255 446 317 492 non
332 430 410 491 alius
425 428 674 504 intemperantior
688 433 745 500 est,
759 441 900 502 magnam
913 434 1013 488 tumen
1024 427 1188 490 victoriam

202 513 300 576 luisse
313 520 452 590 apparet,
468 513 553 588 quod
567 518 598 573 et
612 518 714 571 castra
728 518 818 586 capu
831 517 904 573 sunt
913 519 944 573 et
953 510 1021 572 Boii
1032 520 1106 586 post
1116 528 1187 573 eam

203 614 336 675 pugnarn
357 596 512 672 extemplo
535 595 720 656 dediderunt
740 609 826 669 sese,
848 602 879 657 et
898 595 984 671 quod
998 597 1188 672 supplicatio

202 682 270 744 eius
292 681 436 743 victoriae
458 695 554 741 causa
574 681 699 740 decreta
721 679 760 739 ab
780 687 888 741 senatu
902 678 1109 756 victimaeque
1122 695 1185 740 ma·

395 780 421 824 e.

203 780 419 910 mresffi.
444 846 502 907 Per
516 846 642 910 eosdem
659 846 725 907 dies
739 846 780 906 Μ.
793 844 920 907 Fulvius
934 844 1071 907 Nobilior
1086 861 1127 906 cx
1139 849 1187 908 ul·

205 935 316 995 teriore
327 930 476 1007 Hispania
487 946 584 992 ovans
596 931 703 991 urbem
713 938 762 992 est
772 930 941 1005 ingressus.
957 929 1076 1005 argenti
1086 937 1188 992 trans-

205 1020 272 1079 tulit
285 1015 449 1077 duodecim
463 1013 546 1075 milia
559 1011 674 1091 pondo,¹
690 1014 782 1090 bigati
793 1012 911 1089 argenti
923 1019 1043 1076 centum
1053 1014 1189 1091 triginta,
1289 1103 1290 1106 Ἴ

205 1102 270 1160 auri
287 1109 408 1161 centum
422 1097 526 1173 viginti
541 1105 660 1174 septem
675 1100 790 1173 pondo.
1289 1133 1290 1178 ζ

291 1183 323 1246 P.
346 1182 505 1243 Cornelius
520 1185 645 1257 consul,
663 1182 823 1243 obsidibus
838 1197 857 1241 a
870 1180 1016 1242 Boiomm
1030 1186 1123 1255 geute
1137 1196 1191 1242 ac·

207 1268 314 1344 ceptis,
332 1266 398 1342 agri
412 1273 499 1342 parte
513 1266 577 1326 lere
593 1264 718 1326 dimidia
731 1281 787 1326 eos
799 1264 944 1339 multavit,
960 1280 1032 1340 quo,
1048 1265 1075 1325 si
1085 1265 1190 1339 vellet,
1289 1273 1290 1336 ξ

208 1353 343 1429 populus
358 1351 516 1410 Romanus
538 1349 676 1410 colonias
690 1349 810 1410 mittero
823 1354 939 1425 posset
973 1347 1045 1407 inde
1057 1348 1190 1408 Romam

207 1442 241 1498 ut
254 1434 294 1494 ad
309 1433 493 1508 triumphum
507 1432 590 1492 baud
605 1432 731 1493 dubium
748 1433 903 1493 decedens
918 1432 1086 1492 exercitum
1101 1431 1190 1490 dimi-

207 1521 255 1594 sit,
271 1525 301 1579 et
312 1518 423 1579 adesse
434 1518 551 1578 Romae
562 1517 602 1576 ed
614 1515 694 1575 diem
705 1516 848 1592 triumphi
862 1514 960 1577 iussit.
983 1515 1051 1590 ipse
1062 1520 1189 1590 postero

207 1605 258 1664 die
273 1618 364 1679 quarn
378 1601 470 1675 venit,
488 1605 596 1661 senatu
610 1600 641 1659 in
657 1598 765 1659 nedem
778 1600 925 1661 Bellonae
938 1604 1049 1659 vocato
1065 1614 1136 1658 eum
1151 1599 1191 1657 de

208 1688 300 1748 rebus
316 1687 354 1746 ab
370 1701 406 1746 se
420 1684 516 1760 gostis
530 1682 745 1754 disseruisset,
767 1683 948 1759 postulavit,
963 1687 998 1744 ut
1011 1681 1070 1742 sibi
1084 1681 1186 1743 trium

210 1771 315 1848 phanti
336 1771 441 1830 liceret
459 1769 565 1829 urbem
585 1767 696 1827 invehi.
730 1766 762 1825 P.
778 1766 979 1842 Sempronius
992 1765 1124 1825 Blaesus
1139 1765 1190 1825 tri·

210 1856 310 1916 bunus
331 1852 430 1929 plebis
452 1869 513 1913 non
535 1853 709 1927 negandum
729 1849 882 1926 Scipioni,
909 1849 965 1910 sed
987 1847 1192 1909 differendum

208 1938 356 1998 honorem
372 1935 515 2012 triumphi
528 1935 683 1997 censebat.
719 1934 799 1995 bella
811 1935 957 2010 Ligurum
972 1933 1095 1994 Gallicis
1111 1948 1192 1993 sem·

210 2037 266 2098 per
284 2021 387 2080 iuncta
409 2021 521 2090 luisse3
543 2037 597 2081 eas
617 2021 696 2080 inter
716 2034 751 2079 se
767 2026 875 2094 gentes
890 2024 995 2079 mutua
1008 2032 1049 2077 ex
1064 2017 1191 2094 propin·

211 2121 272 2180 uuo
288 2106 369 2164 lerre
383 2104 505 2165 auxilia.
527 2104 554 2165 si
568 2103 599 2162 Ρ.
616 2102 721 2179 Scipio
737 2102 865 2164 devictis
878 2104 945 2163 acie
955 2101 1039 2163 Boiis
1055 2106 1110 2162 aut
1123 2100 1194 2177 ipse

209 2204 277 2250 cum
298 2188 415 2249 victore
436 2188 572 2249 exercitu
593 2189 624 2247 in
646 2203 752 2262 agrum
772 2187 916 2263 Ligurum
937 2185 1115 2261 transisset,
1141 2191 1195 2245 aut
1291 2224 1292 2227 κ

209 2281 327 2350 partem
341 2273 500 2349 copiarum
514 2271 548 2345 Q.
563 2271 697 2333 Minucio
712 2270 854 2342 misisset
874 2270 927 2345 qui
941 2269 1000 2329 ium
1015 2270 1137 2329 tertium
1152 2265 1195 2328 ibi

209 2373 323 2418 annum
343 2356 436 2418 dubio
457 2356 642 2416 detineretur
662 2355 757 2429 bello,
779 2353 924 2415 debellari
943 2369 1012 2413 cum
1026 2351 1194 2428 Liguribus

210 2440 364 2518 potuisse:
393 2454 475 2499 nunc
495 2438 535 2498 ad
555 2436 740 2512 triumphum
765 2437 1019 2514 frequentandum
1040 2436 1194 2498 deductos

210 2539 282 2585 osse
295 2521 414 2595 milites,
431 2520 483 2595 qui
497 2520 650 2594 egregiam
665 2536 778 2582 navare
789 2537 915 2598 operam
925 2520 970 2580 rei
981 2520 1124 2596 publicae
1137 2535 1195 2596 po-

209 2607 355 2673 tuissent,
388 2608 519 2679 possent
542 2602 648 2675 etiam,
675 2604 702 2663 si
722 2611 863 2678 senatus,
892 2604 976 2680 quod
997 2603 1196 2665 testinatione

210 2688 353 2762 triumphi
377 2685 627 2762 praetermissum
651 2695 750 2763 esset,
778 2689 810 2749 id
833 2689 995 2750 restituere
1020 2686 1195 2748 differendo

210 2769 361 2846 triumpho
377 2772 476 2831 vellet.
500 2771 639 2833 iuberent
653 2773 810 2833 consulem
825 2788 894 2833 cum
907 2771 1080 2847 legionibus
1090 2771 1197 2831 redire

210 2856 241 2918 in
258 2853 461 2932 provinciam,
482 2855 557 2916 dare
571 2871 712 2932 operam,
732 2862 765 2917 ut
777 2856 906 2932 Ligures
921 2854 1110 2931 subiguntur.
1134 2853 1197 2914 nisi

211 2939 252 3001 illi
268 2947 415 3014 coguntur
429 2940 460 2999 in
475 2940 523 3002 ius
538 2939 745 3015 iudiciumque
760 2940 865 3017 populi
881 2938 1024 3012 Romani,
1041 2954 1080 3000 ne
1095 2937 1195 2999 Boios

213 3024 335 3098 quidem
356 3024 528 3100 quieturos=
556 3029 609 3084 aut
630 3040 737 3098 pacem
758 3029 810 3084 aut
829 3023 942 3085 bellum
961 3022 1126 3098 utrobique
1139 3021 1197 3082 ha-

214 3105 323 3167 bendu.
353 3106 482 3167 devictis
496 3107 673 3182 Liguribus,
697 3123 813 3182 paucos
835 3114 907 3183 post
920 3122 1044 3168 menses
1059 3120 1196 3180 procon-

213 3192 310 3252 sulem
325 3189 357 3248 P.
373 3190 543 3251 Cornelium
556 3190 717 3250 multorum
735 3193 886 3266 exemplo,
902 3189 953 3265 qui
969 3190 1000 3250 in
1014 3188 1198 3264 urngistratu

214 3291 274 3337 non
287 3274 555 3349 triumphaverunt,
571 3273 823 3349 triumphaturum
835 3289 916 3334 esse.
937 3273 998 3334 XL.
1019 3273 1059 3333 ad
1070 3288 1108 3332 ea
1119 3288 1196 3334 con-

214 3360 261 3419 sul
277 3372 377 3433 neque
392 3371 427 3417 se
440 3356 567 3431 Ligures
584 3358 772 3432 provinciam
785 3358 924 3419 sortitum
938 3372 1011 3418 esse
1025 3355 1074 3428 alt,
1091 3370 1197 3431 neque

214 3458 282 3503 cum
296 3440 457 3515 Liguribus
478 3441 588 3500 bellum
610 3439 764 3513 gessisse,
785 3456 886 3516 neque
901 3439 1085 3516 triumpluuu
1101 3439 1141 3498 de
1156 3437 1196 3499 iis
