2600 4000
140 166 143 172 ⁵
184 214 270 277 aaav
326 211 586 273 curamve
610 212 803 277 caeram.
826 215 1010 291 [euenor]

183 380 307 442 quoque
328 363 471 439 egregiru
492 363 597 425 titulus
612 371 711 438 esset,
733 363 890 425 liberatam
904 380 924 424 a
936 362 1077 441 Philippo
1092 373 1167 428 ante
1218 429 1220 434 ⁴

183 463 263 509 nunc
277 448 317 509 ab
330 447 450 509 Aetolis
465 455 496 508 et
509 448 548 508 ab
559 447 711 509 Antiocho
725 446 865 522 liberare,
881 463 982 523 neque
997 463 1035 508 ea
1047 455 1167 510 tantum

181 535 210 594 in
226 531 395 608 praemium
410 538 545 592 vestrum
560 547 696 614 cessure,
711 546 791 607 quae
805 532 931 594 nuncin
945 532 1039 606 regiis
1053 533 1167 596 castris

182 623 268 686 sunt;
291 616 349 677 sed
362 616 444 677 illum
461 630 585 691 quoque
600 630 719 675 omnem
736 622 918 691 apparatum
929 615 981 690 qui
995 615 1026 675 in
1042 616 1110 677 dies
1126 616 1167 677 ab

182 702 306 777 Epheso
320 705 526 775 exspectatur,
548 699 684 774 praedae
699 699 841 773 laturum,
855 699 962 760 Asiam
976 698 1089 764 deinde
1104 699 1166 780 Sy-

182 784 321 858 riamque
341 790 373 845 et
392 780 494 845 omnia
513 799 615 858 usque
634 783 675 844 ad
697 789 783 846 ortos
803 781 880 844 solis
901 781 1052 846 ditissima
1067 799 1168 859 regna

182 868 311 945 imperio
321 868 466 929 Romano
487 872 659 942 aperturos.
697 865 770 942 quid
786 865 897 928 deinde
912 865 1018 941 aberit,
1034 866 1108 942 quin
1125 868 1167 928 ab

184 950 320 1013 Gadibus
340 950 382 1011 ad
401 966 485 1011 mare
504 951 630 1012 rubrum
646 949 769 1011 Oceano
787 949 858 1011 finis
873 948 1086 1024 terminemus,
1110 950 1167 1027 qui

183 1037 288 1097 orbem
309 1042 457 1095 terrarum
474 1036 619 1111 amplexu
634 1034 714 1107 linit,
736 1041 766 1095 et
780 1050 869 1095 omne
883 1033 1050 1096 humanum
1064 1051 1167 1114 genus

183 1117 353 1180 secundum
365 1118 441 1179 deos
454 1120 743 1180 aomenRomanum
754 1117 958 1181 venereturt
949 1135 981 1179 ra
992 1117 1069 1180 haec
1081 1126 1168 1180 tanta
1266 1165 1270 1172 .

183 1201 319 1279 praemia
333 1200 444 1299 dignos
455 1209 563 1278 parate
572 1201 703 1279 animos,
717 1210 750 1264 ut
760 1201 893 1263 crastiua
906 1201 956 1262 die
966 1201 1064 1263 bene
1055 1219 1166 1266 luvan-

184 1285 264 1347 tibus
279 1283 338 1345 diis
354 1284 420 1347 acie
435 1285 668 1348 decernamusss

266 1369 375 1430 XVlll.
402 1369 452 1429 Ab
468 1369 528 1429 hac
542 1369 686 1431 contione
701 1367 820 1431 dimissi
834 1368 962 1445 milites,
983 1371 1173 1446 priusquam.

184 1456 316 1529 corpora
331 1460 481 1525 curarent
496 1469 581 1513 anna
594 1454 656 1514 tela
668 1462 786 1530 parant.
808 1454 877 1514 luce
891 1451 990 1529 prima
1004 1453 1092 1529 signo
1105 1470 1165 1532 pu-

185 1554 264 1615 gnae
277 1535 439 1613 proposito
453 1534 576 1598 instruit
590 1535 688 1598 aciem
703 1537 826 1612 consul,
848 1544 913 1598 arta
927 1538 1041 1613 fronte,
1056 1538 1095 1601 ad
1111 1554 1166 1598 na-

186 1631 282 1684 turam
297 1630 327 1683 et
340 1620 499 1697 angustias
510 1618 580 1681 loci.
601 1636 658 1680 rex
668 1628 834 1697 postquam
845 1619 933 1697 signa
943 1620 1078 1684 hostium
1090 1637 1166 1683 coa·

185 1706 297 1783 spexit,
312 1713 342 1767 et
355 1706 425 1782 ipse
440 1705 546 1781 copias
558 1702 670 1766 educit.
691 1704 769 1765 levis
781 1714 953 1767 armaturae
964 1714 1083 1782 partem
1093 1713 1167 1767 ante

139 1790 142 1797 '
186 1792 297 1851 vallum
318 1789 349 1850 in
373 1790 470 1866 primo
491 1785 619 1862 locavit,
644 1795 708 1850 tum
726 1788 932 1851 Macedonum
952 1790 1062 1864 robur,
1083 1806 1166 1866 quos

186 1873 405 1949 sarisophoros
419 1873 630 1949 appellabant,
647 1873 731 1935 velut
744 1873 967 1936 firmamentum
982 1873 1065 1935 circa
1077 1873 1166 1950 ipsas

186 1957 370 2019 munitiones
391 1956 556 2021 constitrdt.
588 1956 638 2018 his
658 1957 697 2019 ab
713 1955 837 2021 sinistro
853 1974 951 2021 cornu
964 1956 1167 2021 iaculatorum

186 2039 470 2117 sagittariorumque
490 2049 521 2102 et
535 2041 721 2104 funditorum
741 2058 864 2103 manum
885 2043 943 2104 sub
962 2041 1041 2119 ipsis
1055 2040 1167 2112 radici·

188 2127 244 2186 bus
258 2125 369 2187 montis
384 2124 503 2202 posuit,
518 2134 551 2187 ut
564 2143 605 2188 ex
618 2124 726 2188 altiore
740 2127 810 2189 loco
826 2127 909 2188 nuda
922 2127 1019 2188 latera
1031 2124 1168 2188 hostium

186 2211 384 2271 incesserent.
412 2210 450 2271 ab
465 2210 574 2271 dextro
589 2209 811 2272 Macedonibus
825 2210 866 2272 ad
880 2209 983 2287 ipsum
997 2208 1168 2272 munimen·

188 2303 286 2356 torum
300 2294 407 2367 linem,
429 2310 492 2369 qua
503 2294 573 2355 loca
586 2310 688 2369 usque
702 2294 743 2357 ad
754 2310 839 2355 maro
852 2291 936 2357 invia
949 2292 1079 2371 palustri
1093 2293 1167 2356 limo

187 2386 218 2440 et
232 2377 429 2453 voraginibus
445 2376 604 2450 claudunt,
621 2378 803 2453 elephantos
818 2395 887 2441 cum
901 2378 1032 2443 adsueto
1048 2377 1168 2454 praesi-

187 2462 238 2522 dio
253 2460 366 2536 posuit,
381 2468 454 2534 post
464 2476 520 2520 eos
533 2460 664 2534 equites,
678 2469 742 2521 tum
753 2461 875 2524 modico
887 2460 1047 2524 intervallo
1058 2462 1177 2523 relicto

188 2552 307 2603 ceteras
322 2543 429 2617 copias
444 2541 475 2601 in
491 2543 628 2602 secunda
641 2542 718 2605 acie.
749 2545 937 2608 Macedones
951 2547 1105 2622 provallo
1120 2546 1166 2605 lo-

188 2627 246 2685 cati
255 2625 354 2700 primo
367 2625 457 2685 lacile
468 2625 661 2687 sustinebant
666 2627 833 2703 Romanos,
845 2629 1021 2707 temptantis
1032 2630 1072 2691 ab
1083 2627 1167 2690 omni

189 2717 273 2785 parte
290 2708 406 2782 aditae,
428 2710 553 2770 multum
568 2707 784 2774 adiuvantibus
800 2711 853 2789 qui
867 2731 910 2776 ex>
921 2712 1167 2790 locosuperiore

188 2790 290 2854 lundis
312 2794 395 2855 velut
415 2792 550 2855 nimbum
571 2794 691 2870 glandis
712 2804 743 2858 et
764 2798 891 2873 sagittas
913 2798 1053 2860 simulac
1067 2797 1180 2858 iacula⁴
1295 2802 1296 2853 ζ

187 2877 374 2951 ingerebant.
406 2877 519 2940 deinde
539 2886 573 2939 ut
592 2879 689 2940 maim
710 2897 768 2942 nec
788 2881 849 2942 iam
869 2882 1028 2943 toleranda
1048 2878 1095 2941 vis
1110 2880 1166 2941 ho-

71 3035 74 3039 ·
189 2961 278 3022 stium
299 2961 511 3043 inferebam,
532 2964 614 3038 pulsi
629 2963 698 3024 loco
713 2963 792 3025 intra
805 2967 991 3027 munimenta
1006 2964 1166 3026 subductis

188 3043 346 3106 ordinibus
362 3055 597 3127 concesseruntz
619 3045 691 3110 inde
705 3064 744 3109 ex
759 3048 839 3109 vallo
850 3065 950 3125 prope
964 3050 1093 3110 alterum
1102 3047 1167 3108 val·

188 3129 249 3190 lum
269 3128 367 3190 hastis
387 3146 462 3205 prae
483 3147 518 3191 se
539 3128 668 3191 obiectis
690 3132 837 3195 lecerunt.
865 3133 951 3194 etita
965 3131 1087 3194 modica
1100 3128 1167 3192 alti-

189 3213 262 3274 tudo
284 3211 356 3273 valli
376 3222 454 3286 orat,
476 3220 509 3273 ut
523 3219 554 3273 et
567 3213 668 3273 locum
687 3214 878 3292 superiorem
892 3219 958 3278 suis
973 3217 1013 3278 ad
1027 3231 1165 3291 pugnan-

189 3297 261 3356 durn
282 3296 457 3371 praeberet,
478 3305 509 3358 et
528 3305 656 3373 propter
677 3299 896 3375 longitudinem
915 3300 1072 3364 hastarum
1093 3299 1152 3361 sub

188 3378 300 3441 iactum
320 3379 448 3440 haberet
468 3378 598 3442 hostem.
633 3381 719 3443 multi
741 3390 855 3447 temere
872 3385 1039 3448 subeuntes
1053 3385 1165 3445 vallrun

188 3460 328 3525 mansiixi
343 3471 428 3534 sunt;
451 3470 482 3524 et
491 3469 544 3524 aut
554 3461 676 3541 incepto
687 3463 770 3526 irrito
781 3466 987 3530 recessissent
997 3475 1050 3530 aut
1059 3469 1164 3543 plmes
