2600 4000
306 251 422 311 nmen
434 251 568 312 xxxiv.
593 251 677 312 cm.
691 259 736 313 aa.
746 259 791 314 aa.
816 258 852 326 [a
866 258 898 311 c.
911 255 973 332 195]
999 324 1006 334 0
1071 205 1133 316 1⁵5

148 420 306 482 superque
326 403 441 465 habeo:
471 404 528 464 sed
543 420 605 479 quo
620 406 728 481 plures
744 419 861 477 sumus,
884 404 1023 478 pluribus
1037 406 1142 469 rebus

146 488 317 565 egebimus.
349 487 424 547 nihil
443 487 504 546 iam
525 494 648 563 praeter
664 487 780 547 nudum
796 487 897 547 solum
912 502 986 560 ager
999 486 1133 550 hostium

146 572 248 633 babet
275 572 316 632 ad
339 571 400 632 hoc
420 570 518 631 hiems
538 571 666 631 accedet
686 570 727 630 ad
741 569 999 644 comportandum
1013 587 1052 631 ex
1065 573 1132 633 lon·

147 657 263 733 ginquo
280 654 444 715 difficilis.“
463 654 541 715 haec
555 655 651 715 oratio
668 654 799 730 primum
815 653 934 714 animos
946 655 1080 715 omnium
1093 657 1133 715 ad

147 739 342 814 respicienda
363 738 474 814 auique
493 739 663 800 domestica
682 739 764 798 mala
778 738 941 811 convertit,
962 739 1130 813 segnitiam,

145 821 292 884 invidiam
308 828 339 883 et
353 822 605 884 obtrectationem
620 821 704 882 domi
715 823 902 883 manentium
914 821 1067 883 adversus
1077 823 1130 882 mi—

145 906 276 983 litantis,
298 906 465 966 libertatem
481 906 636 985 difficilem
650 907 691 966 ad
706 921 909 981 consensum,
922 904 1060 980 inopiam
1073 923 1130 982 pu·

123 989 266 1064 blicam,
281 989 498 1064 malignitatem
513 990 693 1051 conterendi
706 1005 745 1049 ex
759 989 888 1065 privato.
912 989 1012 1050 versis
1025 990 1130 1066 itaque

146 1074 248 1135 subito
263 1074 481 1148 voluntatibus,
496 1075 611 1134 faceret
626 1073 712 1149 quod
726 1089 744 1133 e
758 1090 792 1132 re
806 1073 931 1148 publica
945 1073 1054 1149 populi
1068 1075 1129 1136 Ro-

146 1159 228 1217 mani
242 1158 459 1234 sociorumque
473 1173 546 1219 esse
560 1157 708 1231 crederet,
723 1154 900 1232 imperatori
914 1158 1128 1232 permiserunt.

144 1241 264 1302 XXXV.
288 1241 360 1301 inde
375 1241 549 1317 Quinctius,
571 1240 716 1301 adhibitis
731 1242 839 1316 legatis
855 1247 970 1302 tantum
984 1240 1128 1303 tribunis-

145 1341 207 1401 que
221 1326 358 1400 militum,
374 1325 582 1399 condiciones,
598 1324 629 1384 in
642 1341 720 1400 quas
732 1341 795 1400 pax
808 1340 877 1385 cum
888 1333 1021 1402 tyranno
1032 1325 1126 1401 fieret,

144 1408 202 1469 has
226 1409 423 1484 conscripsit,
445 1425 503 1470 sex
523 1409 675 1469 mensium
694 1409 831 1469 indutiae
852 1416 887 1469 ut
900 1417 1007 1470 essent
1018 1408 1128 1470 Nabidi

143 1491 353 1569 Romanisque
367 1501 398 1553 et
409 1493 537 1556 Eumeni
549 1493 614 1567 regi
628 1501 660 1553 et
672 1492 816 1553 Rhodiis:
838 1493 957 1567 legatos
971 1494 1127 1568 extemplo

145 1577 295 1637 mitterent
304 1578 432 1638 Romam
447 1578 480 1636 T.
496 1575 653 1651 Quinctius
669 1584 699 1637 et
711 1577 815 1650 Nabis,
829 1584 863 1637 ut
876 1592 939 1650 pax
950 1577 1128 1637 auctoritate

145 1668 272 1721 senatus
295 1661 537 1722 confirmaretur.
569 1677 610 1720 ex
631 1660 758 1736 quadie
778 1661 912 1735 scriptae
927 1660 1126 1720 condiciones

144 1743 232 1818 pacis
252 1744 352 1805 editae
364 1745 472 1805 Nabidi
493 1746 607 1818 torent,
629 1760 667 1804 ea
682 1744 748 1803 dies
768 1749 802 1802 ut
815 1741 999 1802 indutiarum
1013 1743 1126 1816 princi·

142 1826 227 1903 pium
242 1837 341 1899 esset;
365 1837 395 1889 et
408 1835 441 1888 ut
455 1844 495 1888 ex
510 1844 547 1887 ea
561 1829 611 1887 die
625 1829 705 1887 intra
719 1827 870 1886 decimum
886 1825 966 1886 diem
982 1825 1021 1885 ab
1032 1827 1124 1901 Argis

143 1912 317 1987 ceterisque
331 1912 464 1987 oppidis,
482 1925 561 1984 quae
575 1911 605 1969 in
619 1910 805 1983 Argivorum
819 1925 894 1986 agro
910 1918 1022 1982 essent,
1037 1925 1125 1986 prae-

142 1995 223 2056 sidia
243 1994 346 2055 omnia
366 1994 591 2054 deducerentur
604 2010 765 2070 vacuaque
780 2003 811 2055 et
823 1994 920 2055 libera
933 1996 1126 2057 traderentur

140 2078 301 2150 Romanis,
317 2084 349 2136 et
361 2092 401 2136 ne
416 2075 502 2151 quod
516 2075 588 2136 inde
601 2077 787 2150 mancipium
800 2077 919 2151 regium
932 2079 1126 2153 publicumve

142 2167 195 2220 aut
210 2160 361 2235 privatum
381 2160 579 2219 educeretur:
608 2158 635 2218 si
651 2175 714 2233 qua
727 2165 798 2219 ante
811 2160 923 2219 educta
936 2163 1050 2235 forent,
1071 2161 1126 2221 do·

143 2242 233 2303 minis
248 2248 332 2303 recte
346 2241 589 2304 restituerentur.
611 2258 717 2314 naves,
734 2257 812 2317 quas
828 2242 1000 2303 civitatibus
1014 2243 1126 2304 mariti·

141 2327 199 2388 mis
215 2326 397 2401 ademisset,
416 2326 575 2400 redderet,
598 2342 676 2387 neve
690 2325 760 2400 ipse
775 2341 884 2386 navem
897 2326 990 2386 ullam
1004 2333 1127 2402 praeter

142 2412 222 2473 duos
237 2410 365 2485 lembos,
383 2412 435 2488 qui
450 2425 512 2471 non
526 2412 598 2485 pius
613 2426 706 2487 quam
719 2409 878 2471 sexdecim
891 2410 984 2470 remis
998 2426 1125 2486 ageren-

141 2504 204 2567 tur,
226 2494 360 2556 haberet.
389 2495 536 2570 perfugas
551 2500 583 2555 et
596 2495 735 2570 captivos
750 2494 891 2555 omnibus
906 2494 1001 2555 sociis
1016 2494 1123 2571 populi

141 2578 271 2640 Romani
282 2579 455 2640 civitatibus
463 2578 615 2651 redderet,
629 2577 830 2640 etMesseniis
838 2577 942 2660 omnia
950 2594 1030 2655 quae
1041 2594 1123 2640 com-

141 2669 295 2739 parerent,
311 2678 455 2739 quaeque
471 2662 585 2722 domini
600 2669 798 2737 cognossent.
821 2663 981 2724 exsulibus
997 2680 1123 2740 quoque

139 2744 392 2805 Lacedaemoniis
412 2745 527 2806 liberos
549 2745 697 2820 coniuges
711 2748 901 2820 restitueret,
923 2762 1004 2822 quae
1018 2763 1123 2808 earum

139 2829 225 2889 viros
241 2829 330 2903 sequi
343 2827 524 2902 voluissent,
539 2827 633 2888 invita
646 2845 687 2888 ne
701 2845 764 2903 qua
777 2830 894 2890 exsulis
909 2845 1014 2891 comes
1026 2839 1123 2892 esset.

140 2912 421 2972 mercennariomm
434 2911 560 2972 militum
573 2909 700 2972 Nabidis
716 2912 769 2988 qui
783 2919 837 2973 aut
850 2912 881 2972 in
894 2912 1032 2975 civitates
1048 2931 1123 2975 suas

141 3003 193 3057 aut
202 2996 247 3055 vad
256 2996 414 3056 Romanos
428 2996 621 3070 transissent,
636 2991 674 3055 iis
688 3011 739 3056 res
752 3011 829 3056 suae
840 3011 948 3057 omnes
958 3006 1042 3059 recte
1052 3000 1121 3059 red-

140 3080 294 3141 derentur.
327 3080 358 3139 in
374 3079 463 3140 creta
481 3080 635 3140 insulana
650 3096 743 3155 quam
757 3080 864 3140 urbem
879 3080 1020 3144 haberem
1043 3098 1122 3158 quas

139 3162 313 3238 habuisset,
332 3164 477 3224 redderet
489 3165 644 3225 Romanis.
679 3180 718 3224 ne
739 3180 832 3240 quam
852 3164 1031 3227 societatem
1052 3182 1121 3227 oum

142 3248 202 3308 utto
218 3248 406 3308 Cretensium
422 3254 474 3309 aut
489 3263 646 3324 quoquam
660 3248 720 3308 alio
736 3248 916 3324 institueret,
932 3266 993 3310 neu
1006 3249 1121 3310 bellum

138 3338 266 3405 gereret.
298 3331 470 3392 civitatibus
496 3332 651 3404 omnibus,
679 3348 823 3409 quasque
847 3332 916 3408 ipse
937 3333 1121 3394 restituisset

140 3429 282 3489 quaeque
302 3431 338 3475 se
359 3430 478 3490 suaque
498 3415 529 3475 in
544 3415 635 3475 fldem
652 3431 688 3474 ao
703 3414 855 3477 dicionem
868 3416 976 3491 populi
990 3415 1119 3477 Romani

139 3496 346 3573 tradidissent,
366 3499 468 3559 onrnia
482 3498 638 3573 praesidia
650 3499 823 3572 deduceret,
840 3514 937 3573 seque
949 3499 1018 3572 ipse
1029 3514 1114 3559 suos·
