2600 4000
198 211 262 277 ate
320 210 436 272 umen
448 210 610 272 xxxvm.
635 211 718 273 can.
733 218 832 275 aa-aa.
856 218 893 287 [ι.
907 216 940 270 u.
955 218 1053 285 essa]
1078 172 1099 214 ⁷

198 363 263 439 viri,
277 369 308 423 et
321 361 463 424 advocati
477 360 614 439 privatis,
635 368 667 422 et
680 361 752 437 quia
767 361 918 438 pertinere
932 377 1058 423 causam
1072 378 1181 428 eorum

197 446 237 509 ad
250 459 315 507 rem
328 446 480 523 publicam
493 445 667 508 censebant
686 461 852 521 numquam
862 446 939 507 alias
949 445 1074 507 exsules
1084 447 1183 509 Lace

197 530 426 592 daemoniorum
438 528 556 591 Achaei
570 543 677 591 secum
691 529 884 591 adduxerant
896 530 926 589 in
940 529 1026 608 tinia,
1048 528 1123 605 quia
1136 531 1183 591 ni·

197 615 238 675 lril
262 629 362 690 aeque
386 607 585 675 alienaturum
610 613 730 674 animos
751 613 881 675 civitatis
902 613 1079 683 videbatur;
1108 621 1184 675 tuno

126 721 129 728 ·
197 696 350 760 exercitus
370 697 463 759 totius
483 710 583 772 prope
601 696 793 773 antesignani
813 697 940 759 exsules
959 702 1054 759 erant
1081 697 1114 757 hi
1128 712 1183 758 ve·

197 781 350 846 olentibus
373 779 626 861 Lacedaemoniis
655 780 696 840 ad
719 788 838 857 portam
864 786 1034 841 castrorum
1060 781 1184 856 agmina

196 866 277 928 facto
292 871 504 934 occurrerunt3
526 872 558 925 et
571 865 669 939 primo
683 866 840 925 lacessere
860 863 983 939 iurgiis,
1003 862 1118 925 deinde
1137 866 1181 924 ai·

195 948 362 1012 torcatione
376 955 452 1024 orta,
467 963 535 1009 cum
550 947 789 1009 accenderentur
804 949 877 1021 irae,
892 947 1076 1008 ferocissimi
1086 961 1181 1008 exsu-

196 1035 258 1094 lum
273 1034 419 1107 impetum
432 1031 463 1093 in
474 1030 735 1092 Lacedaemonios
750 1031 896 1092 iecerunt
920 1046 988 1091 cum
1002 1030 1045 1091 illi
1059 1030 1138 1092 deos
1149 1038 1180 1092 e·

196 1114 289 1176 hdem
308 1117 477 1191 legatorum
498 1121 695 1188 testarentur,
719 1120 750 1175 et
765 1115 856 1189 legati
871 1121 903 1175 ct
911 1122 1036 1189 praetor
1045 1129 1180 1174 summo

198 1213 269 1259 vere
288 1199 393 1260 turbas
414 1205 444 1260 et
464 1206 625 1276 protegere
638 1198 899 1260 Lacedaemonios
920 1197 1102 1273 vinculaque
1115 1197 1179 1257 iam

196 1282 348 1358 quosdam
372 1281 524 1342 inicientis
550 1297 666 1343 arcere.
688 1281 855 1344 crescebat
876 1283 1007 1342 tumultu
1027 1281 1177 1342 condato

196 1365 298 1427 turbat
331 1370 361 1426 et
384 1364 501 1426 Achaei
525 1365 567 1425 ad
590 1358 798 1440 spectaculum
822 1365 919 1442 primo
938 1364 1180 1427 concurrebant

195 1448 306 1510 deinde
329 1447 568 1509 vociferantibus
594 1449 754 1509 exsulibus
779 1464 859 1525 quae
886 1448 973 1524 passi
1003 1449 1118 1522 forent,
1149 1455 1181 1510 et

195 1533 353 1595 orantibus
374 1547 465 1608 opem
485 1529 779 1607 adfirmantibusque
800 1533 891 1594 simul
906 1548 1073 1608 numquam
1088 1533 1179 1591 talen

194 1616 390 1680 occasionem
409 1614 582 1686 habituros,
609 1614 636 1674 si
657 1629 724 1674 eam
744 1615 1038 1691 praetermisissent;
1067 1615 1180 1676 foedus

195 1701 279 1776 quod
293 1700 324 1760 in
338 1701 503 1784 capitolio,
526 1698 607 1774 quod
624 1696 799 1775 Olympiae,
820 1699 906 1775 quod
917 1700 949 1759 in
963 1714 1035 1760 arce
1048 1698 1181 1761 Athenis
1209 1724 1213 1730 ·

195 1791 348 1845 moratum
366 1785 490 1860 luisset,
510 1783 627 1844 irritum
646 1796 703 1857 per
722 1781 792 1843 illos
814 1798 900 1853 esse3
922 1783 1102 1859 priusquam
1117 1782 1178 1843 alio

196 1866 236 1949 de
250 1868 369 1942 integro
385 1868 511 1929 loedere
531 1866 752 1943 obligarentur,
772 1867 885 1928 noxios
899 1867 1075 1942 puniendos
1090 1880 1180 1926 esser

193 1964 325 2012 accensa
339 1949 387 2011 his
401 1950 531 2013 vocibus
545 1949 705 2012 multitudo
720 1950 761 2011 ad
774 1964 882 2011 vocem
897 1950 1004 2024 unius,
1020 1948 1074 2026 qui
1087 1954 1121 2011 ut
1135 1949 1179 2010 le·

194 2032 287 2095 rirent
300 2032 485 2110 inclamavit,
507 2049 585 2095 saxa
599 2034 740 2105 coniecit.
762 2041 855 2109 atque
868 2032 912 2095 ita
925 2035 1035 2096 decem
1048 2040 1179 2109 septem,

194 2116 305 2193 quibus
321 2118 444 2181 vincula
457 2134 514 2196 per
528 2118 688 2180 tumultum
700 2117 812 2178 iniecta
825 2123 919 2191 erant,
934 2116 1086 2179 interiecti
1097 2124 1179 2178 sunt.

193 2201 351 2277 sexaginta
365 2211 427 2265 tres
442 2208 569 2278 postero
582 2201 633 2262 die
648 2201 871 2277 comprehensi,
893 2201 1039 2276 aquibus
1053 2206 1181 2277 praetor

193 2284 255 2346 vim
269 2291 410 2348 arcuerat
419 2303 481 2348 non
493 2287 565 2363 quia
578 2286 684 2347 solnm
699 2287 798 2359 vellat,
814 2285 871 2346 sed
885 2285 959 2360 quia
969 2285 1071 2361 perire
1083 2292 1182 2346 eausa

192 2366 306 2430 indicta
327 2370 464 2442 nolebat,
491 2369 601 2432 obiecti
622 2366 803 2431 multitudini
828 2369 938 2443 iratae,
965 2384 1034 2430 oum
1058 2367 1180 2436 aversis

180 2450 319 2513 'auribus
333 2468 435 2527 pauca
448 2451 541 2514 locuti
554 2457 673 2525 essent,
684 2451 817 2512 daurnati
832 2467 939 2512 omnes
954 2459 985 2513 et
994 2451 1096 2512 traditi
1107 2458 1181 2512 sunt

193 2533 234 2592 ad
248 2534 444 2609 supplicium.
464 2535 597 2595 xxxiv.
610 2534 679 2609 hoc
701 2540 785 2595 matu
798 2535 910 2597 iniecto
924 2533 1178 2597 Lacedaemoniis

195 2614 375 2690 imperatum
390 2616 528 2690 primum,
542 2617 707 2679 nummos
722 2617 886 2694 diruerent,
902 2618 1014 2679 deinde
1027 2626 1061 2680 ut
1070 2633 1179 2680 ornnes

193 2696 312 2759 externi
324 2698 498 2774 auxiliares,
514 2699 567 2776 qui
578 2701 721 2762 mercede
732 2703 816 2777 apud
827 2708 978 2782 tyrannos
988 2702 1180 2776 militassent,

193 2787 275 2841 terra
288 2782 443 2845 Laconica
461 2783 660 2859 excederent,
682 2791 746 2847 tum
764 2785 807 2845 nti
822 2801 903 2861 quae
917 2785 1043 2849 servida
1056 2786 1180 2864 tyranni

192 2863 431 2928 liberassent-
444 2883 483 2929 ea
495 2882 606 2943 magna
619 2868 779 2930 multitudo
794 2876 860 2929 erat
875 2902 915 2915 -
929 2869 1097 2930 antediem
1111 2883 1178 2928 cer·

192 2952 254 3007 tam
268 2948 395 3026 abirent,
411 2951 463 3028 qui
476 2950 518 3012 ibi
532 2951 727 3025 mansissent,
746 2968 801 3014 eos
816 2953 986 3028 prendendi
1001 2951 1177 3013 abducendi

169 3090 173 3097 .
192 3032 347 3094 vendendi
371 3035 505 3096 Achaeis
537 3032 586 3097 ius
610 3042 704 3096 esset
736 3036 870 3114 Lycurgi
897 3039 984 3113 leges
1001 3050 1179 3118 moresque

93 3195 95 3199 ι
192 3114 385 3192 abrogarent,
410 3116 606 3179 Achaeorum
631 3119 853 3181 adsuescerent
877 3120 998 3195 iegibus
1019 3118 1177 3190 institutis·
1217 3179 1219 3183 .

194 3213 272 3273 quea
293 3199 336 3259 ita
349 3199 441 3261 unius
454 3216 511 3261 eos
526 3201 667 3276 corporis
682 3202 757 3276 iore,
771 3208 803 3262 et
815 3203 856 3264 de
870 3204 1012 3265 omnihus
1025 3204 1120 3266 rebus
1133 3202 1181 3263 ia·

192 3280 282 3342 cilius
307 3297 526 3345 consensuros.
555 3283 629 3344 nihil
653 3283 848 3348 obedientius
872 3288 1011 3349 lecerunt
1036 3302 1129 3363 quam
1145 3293 1181 3346 ut

192 3381 297 3427 mmos
318 3365 487 3441 diruerent,
513 3381 571 3428 nac
592 3368 714 3443 aegnus
735 3369 822 3443 passi
843 3377 914 3432 sunt
934 3387 1027 3446 quam
1052 3369 1179 3431 exsules

192 3450 307 3510 reduci.
329 3449 485 3511 demetam
494 3451 614 3528 Tegeac
629 3451 662 3512 in
677 3450 807 3513 concilio
818 3454 970 3524 commoni
981 3452 1179 3515 Achaeorum
