2600 4000
278 295 391 353 LIBER
404 293 551 353 XXXVll.
574 293 657 353 CAP-
670 304 712 357 16.
724 302 766 358 17.
789 298 824 373 [a.
837 302 868 353 C.
882 299 944 376 190]
1029 297 1091 363 275

107 451 183 511 riter
196 447 344 524 oppidani
359 446 531 522 adsumptis
546 448 639 521 regiis
654 447 814 520 militibus,
832 466 911 523 quos
927 448 957 508 in
973 452 1089 525 praesi-

110 536 162 596 dio
173 531 336 604 habebant,
348 537 505 606 ceperunt.
521 531 672 591 adversus
686 547 764 606 quos
775 529 891 608 Livius,
904 550 1090 609 quamquam
1209 533 1213 538 ’

110 624 198 677 erant
210 616 314 692 iniqua
328 629 365 674 ac
374 613 511 675 difficilia
521 614 561 674 ad
576 614 678 676 exitus
692 616 770 689 loca,
786 616 911 678 Issaeos
926 618 1090 679 auxiliares

111 710 141 762 et
155 700 395 780 Smyrnaeorum
410 699 572 774 expeditos
589 698 719 759 iuvenes
734 699 823 761 misit.
847 700 888 776 ni,
904 700 976 762 dunr
988 702 1090 762 missi-

111 786 189 847 libus
214 784 313 862 primo
339 789 371 845 el
390 781 541 843 adversus
565 798 685 858 paucos
710 783 830 845 levibus
854 783 1091 846 excursionibus

109 869 320 932 lacessebatur
333 866 431 942 magis
449 882 541 943 quarn
556 867 777 929 conserebatur
790 884 911 944 pugna,
936 870 1086 930 sustinue-

7 961 8 994 l
108 959 179 1015 runt
202 959 370 1014 certamem
397 956 563 1027 postquam
586 951 692 1027 plures
712 951 752 1012 ab
773 952 850 1013 urbe
870 952 1048 1014 adfluebant
1061 960 1093 1014 et

108 1039 169 1099 iam
184 1037 281 1099 omnis
295 1034 455 1096 multitudo
468 1033 697 1107 effundebatur,
720 1036 810 1097 timor
823 1036 951 1098 incessit
963 1037 1083 1111 Livium

109 1137 148 1182 ne
157 1129 188 1184 et
197 1120 362 1183 auxiliares
374 1117 664 1180 circumvenirentur
672 1125 705 1179 et
715 1121 844 1180 navibus
856 1121 946 1180 etiam
960 1119 998 1181 ab
1010 1127 1092 1181 terra

108 1205 278 1282 periculum
292 1210 385 1264 esset
420 1203 461 1264 ita
474 1219 536 1264 non
551 1202 662 1263 milites
676 1205 776 1263 solum
791 1203 848 1264 sed
864 1205 955 1265 etiam
971 1205 1090 1265 navalis

109 1289 224 1362 socios,
239 1289 389 1362 remigum
400 1287 530 1361 turbam,
547 1286 659 1363 quibus
674 1286 941 1364 quisquepoterat
951 1289 1028 1365 telis,
1042 1305 1090 1350 ar·

108 1381 207 1435 matos
222 1373 252 1432 in
268 1370 417 1448 proellum
432 1369 547 1431 eduxit
570 1378 632 1432 tum
647 1387 772 1447 quoque
783 1386 900 1446 anceps
911 1388 1016 1448 pugna
1027 1372 1091 1449 luit,

109 1473 211 1533 neque
224 1456 334 1518 milites
349 1456 450 1516 solum
463 1455 593 1531 aliquot,
610 1455 667 1516 sed
680 1455 714 1515 L.
729 1456 880 1531 Apustius
895 1457 1090 1518 tumultuario

108 1541 226 1619 proelio
241 1539 366 1601 cecidit:
382 1544 540 1615 postremo
554 1545 655 1599 tamen
670 1540 731 1602 insi
743 1541 900 1616 fugatique
912 1547 984 1601 sunt
994 1540 1089 1618 Lycii,

108 1633 201 1703 atque
215 1625 246 1687 in
260 1625 368 1686 urbem
382 1624 551 1698 compulsi;
573 1631 603 1685 et
613 1624 742 1684 Romani
757 1640 826 1684 cum
838 1622 921 1683 haud
932 1624 1091 1682 incruenta

109 1711 236 1772 victoria
249 1709 288 1769 ad
303 1724 398 1770 naves
411 1706 576 1769 redierunt.
599 1707 671 1769 inde
685 1709 715 1768 in
726 1705 946 1767 Telmessicum
960 1705 1089 1781 proiecti

110 1796 224 1870 sinum,
249 1793 300 1869 qui
325 1794 419 1853 latere
440 1808 502 1854 uno
525 1791 642 1852 Cariam
666 1792 760 1852 altero
783 1790 908 1867 Lyciam
935 1788 1090 1864 contingit

109 1878 224 1940 omisso
239 1877 347 1938 Patara
371 1876 501 1950 amplius
522 1874 691 1950 temptandi
704 1873 816 1934 Rhodii
832 1871 957 1933 domurn
971 1871 1090 1934 dimissi

108 1969 195 2038 sunt,
212 1960 316 2022 Livius
331 1964 560 2035 praetervectus
574 1957 680 2018 Asiam
696 1956 725 2016 in
742 1956 899 2018 Graeciam
914 1957 1089 2033 transmisit,

107 2056 140 2109 ut
155 2045 314 2107 conventis
331 2041 536 2115 Scipionibus,
553 2041 682 2115 quitum
697 2041 779 2101 circe
790 2041 979 2103 Thessaliam
995 2049 1089 2116 erant,

107 2147 137 2189 tn
152 2127 269 2187 ltaliam
282 2124 433 2185 traiceret.

158 2205 409 2270 XVll.Aemilius
417 2215 584 2284 postquam
592 2205 725 2270 omissas
734 2208 765 2268 in
771 2208 924 2285 Lyciares
934 2208 1089 2271 etLivium

7 2360 8 2363 Ἴ
110 2293 284 2372 proiectum
297 2288 328 2352 in
342 2288 460 2352 ltaliam
471 2289 702 2368 cognovitcum
713 2290 781 2369 ipse
792 2294 831 2353 ab
837 2287 963 2371 Epheso
972 2300 1089 2368 tempe-

110 2377 341 2453 staterepnlsus
348 2373 434 2437 irrito
441 2373 564 2453 incepto
573 2376 699 2438 Samum
706 2375 896 2453 revertisset,
905 2382 1089 2454 turperatus

109 2463 255 2535 temptata
274 2458 387 2518 frustra
400 2455 508 2517 Patara
527 2471 614 2530 esse,
637 2457 794 2532 proficisci
815 2473 853 2519 eo
866 2465 931 2520 tota
945 2458 1047 2520 classe
1060 2467 1093 2520 et

109 2558 228 2603 summa
242 2541 272 2601 vi
287 2539 413 2617 adgredi
423 2540 530 2601 urbem
541 2540 653 2602 statuit.
673 2540 810 2601 Miletum
822 2549 853 2603 ct
861 2548 993 2603 ceteram
1005 2559 1091 2604 oram

109 2627 264 2688 sociorum
285 2624 488 2702 praetervecti
509 2625 538 2683 in
559 2624 765 2702 Bargylietico
787 2625 856 2685 sinu
877 2625 1091 2688 escensionem

108 2712 149 2770 ad
168 2711 271 2770 lasum
296 2710 442 2770 lecerunt
478 2706 585 2769 urbem
605 2708 724 2782 regium
743 2709 867 2770 tenebat
887 2711 1090 2785 praesidium

109 2809 216 2867 agrum
242 2791 324 2852 circa
344 2792 473 2853 Romani
497 2790 646 2852 hostiliter
671 2791 850 2869 depopulati
871 2801 950 2855 sunt.
986 2794 1090 2855 missis

110 2876 222 2936 deinde
237 2875 289 2950 qui
303 2891 360 2951 per
372 2873 526 2949 colloquia
540 2873 713 2949 principum
728 2881 758 2936 et
771 2876 1001 2951 magistratuum
1015 2884 1090 2938 tem·

111 2966 231 3035 ptarent
250 2957 385 3032 animos,
408 2964 574 3034 postquem
588 2958 663 3017 nihil
677 2959 708 3017 in
724 2965 876 3034 potestate
891 2976 949 3021 sua
961 2976 1091 3037 respon-

109 3046 315 3117 demutasse,
331 3042 370 3103 ad
384 3042 491 3102 urbem
506 3042 745 3117 oppugnandam
760 3042 851 3103 ducit.
887 3052 973 3106 erant
986 3046 1090 3106 Iasen-

109 3129 188 3188 sium
208 3128 333 3188 exsules
355 3142 424 3187 cum
437 3126 600 3186 Romanis=
621 3125 642 3185 ii
657 3126 832 3202 trequentes
847 3127 987 3189 Rhodios
1002 3143 1092 3190 orare

110 3212 298 3285 institerunt,
317 3225 357 3270 ne
369 3211 477 3271 urbem
496 3217 527 3271 et
544 3210 676 3272 vicinam
697 3210 755 3271 sibi
776 3218 807 3272 et
828 3217 988 3288 cognatam
1003 3212 1090 3272 inno-

109 3295 190 3354 xiam
216 3295 318 3370 perire
338 3295 481 3355 sinerent.
518 3294 577 3355 sibi
597 3292 698 3356 exsilii
719 3297 833 3356 nullam
853 3296 944 3357 aliam
965 3310 1091 3357 causam

7 3398 8 3401 ¹
110 3392 182 3439 esse
197 3396 288 3454 quam
302 3379 394 3440 fldem
408 3393 482 3454 erga
495 3379 663 3440 Romanos.
693 3379 801 3440 eadem
815 3379 846 3439 vi
859 3381 1012 3456 regiorum
1030 3392 1091 3454 qua

109 3460 171 3538 ipsi
186 3460 267 3538 pulsi
281 3462 355 3539 sint,
369 3462 466 3524 teneri
480 3478 552 3539 eos,
568 3463 620 3539 qui
634 3464 666 3522 in
679 3463 757 3524 urbe
770 3469 922 3523 maneant.
956 3462 1092 3523 omnium

109 3544 281 3608 lesensium
294 3563 386 3609 unam
399 3553 530 3609 mentem
545 3563 631 3621 esse,
646 3552 681 3607 ut
692 3546 999 3678 servitutffiregiam
1014 3542 1091 3603 eilb-
