2600 4000
272 225 385 287 LIBER
397 224 557 285 xxxvnt
579 224 662 285 CAP-
676 233 720 288 49.
736 237 779 287 50.
802 232 838 300 [a.
851 233 883 288 C.
897 234 959 302 ret]
1044 229 1106 294 365

128 391 251 439 munem
264 376 336 451 iuga
345 381 497 437 tenentem
508 374 655 437 montium
665 376 697 436 T.
712 374 867 449 Quinctius
880 378 1009 442 deiecitt
1022 382 1106 456 equi·

129 462 201 524 dem
216 459 324 531 adhuc,
341 461 462 536 qualem
477 465 529 520 aut
542 458 600 519 sibi
615 459 732 533 lingant
741 465 793 520 aut
803 459 893 521 vobis
904 460 1003 521 videri
1015 465 1107 527 velint

129 543 251 606 hostem
272 543 383 618 luisse,
403 557 465 603 non
485 542 618 603 invenio.
654 543 681 603 si
699 543 884 618 degenerem
898 551 930 605 et
943 547 1107 608 emollitum

128 627 313 689 amoenitate
325 627 429 701 Asiae,
451 625 525 701 quid
539 625 667 701 periculi
681 628 730 686 vel
745 627 851 703 iniquo
866 629 936 688 loco
951 629 1106 690 subeunti·

129 709 187 773 bus
202 712 279 772 iuitt
298 710 325 770 si
339 710 507 772 timendum
519 716 551 770 et
564 710 683 771 lenitate
695 711 865 771 animorum
876 717 907 771 et
916 712 1029 772 robore
1040 729 1107 773 cor·

127 810 246 870 porum,
260 794 382 855 huicine
395 799 497 855 mutae
508 792 652 854 victoriae
665 793 848 870 triumphum
859 795 1001 869 negarier
1015 811 1107 857 caeco

128 878 243 939 invidia
264 884 326 952 est,
351 884 456 954 patres
478 876 658 952 conscripti,
684 878 925 953 necquicquam
946 877 1030 939 aliud
1049 881 1108 940 scit

127 978 220 1036 quam
234 961 403 1022 detractare
417 961 553 1035 virtutes,
568 975 764 1036 corrumpere
775 961 911 1022 honores
923 977 960 1021 ac
972 962 1108 1037 praemia

126 1061 242 1106 earum.
274 1044 348 1104 mihi
364 1060 481 1120 quaeso
496 1045 538 1106 ita
551 1042 734 1119 ignoscatis,
755 1052 860 1120 patres
876 1045 1057 1121 conscripti,
1079 1048 1106 1107 si

127 1128 297 1205 longiorem
318 1128 486 1189 orationem
500 1143 561 1188 non
577 1127 730 1203 cupiditas
745 1128 894 1202 gloriandi
910 1129 949 1189 de
963 1145 1027 1204 me,
1048 1131 1105 1191 sed

127 1211 307 1273 necessaria
326 1211 484 1272 criminum
504 1212 643 1272 defensio
666 1209 747 1273 lecit
779 1228 819 1272 an
837 1212 926 1273 etiam
941 1229 999 1289 per
1012 1213 1105 1274 Thra·

127 1295 205 1356 ciam
220 1297 317 1356 saltus
331 1303 481 1370 patentes,
496 1296 548 1372 qui
563 1295 684 1371 angusti
695 1301 788 1371 erant,
804 1303 835 1357 et
843 1298 937 1372 plana
947 1313 987 1357 ex
999 1297 1105 1358 arduis

126 1385 158 1440 et
171 1380 251 1441 culta
265 1394 305 1439 ex
319 1378 513 1440 silvestribus
527 1380 630 1440 lacere
650 1380 737 1456 potui
751 1389 782 1442 et
801 1388 973 1457 praestare,
994 1382 1103 1443 necubi

4 1461 6 1524 ,ἱ
126 1463 207 1523 notis
221 1462 280 1525 sibi
296 1462 428 1532 latebris¹
438 1461 653 1525 delitescerent
666 1466 800 1526 latrones
812 1464 955 1537 Thraces,
971 1480 1011 1524 ne
1031 1465 1104 1539 quid

126 1547 315 1608 sarcinarum
325 1553 493 1622 raperetur,
507 1563 547 1608 ne
562 1548 646 1622 quod
660 1550 825 1610 iumentum
840 1564 880 1609 ex
890 1554 973 1609 tanto
986 1548 1105 1622 agmine

125 1630 372 1711 abstraheretur,
377 1645 416 1690 ne
432 1631 500 1707 quis
513 1634 731 1705 vulneraretur,
746 1648 786 1691 nc
796 1647 836 1691 ex
846 1631 973 1690 vulnere
986 1630 1031 1689 vir
1042 1630 1103 1690 lor·

126 1713 164 1774 tis
180 1728 216 1774 ac
232 1720 373 1775 strenuus
389 1714 422 1789 Q.
437 1714 588 1778 Minucius
602 1720 793 1777 morereturt
819 1713 850 1770 in
865 1712 925 1771 hoc
941 1727 1025 1787 casu,
1041 1729 1102 1787 quo

125 1797 285 1859 infeliciter
308 1797 414 1859 incidit
435 1806 470 1859 ut
487 1801 577 1859 talem
600 1798 698 1857 civem
718 1796 938 1868 amitteremus,
963 1795 1103 1856 haerente

128 1882 209 1956 quod
230 1883 310 1942 saltu
330 1882 451 1956 iniquo,
477 1883 546 1940 loco
568 1878 668 1939 alieno
689 1894 757 1938 cum
778 1877 905 1938 adortus
926 1894 985 1940 nos
1004 1878 1103 1940 hostis

4 1949 6 1970 '
126 1970 218 2033 esset,
235 1964 315 2022 duae
329 1963 420 2022 simul
430 1960 515 2022 acies
525 1962 614 2036 primi
625 1967 659 2022 et
667 1961 825 2023 novissimi
837 1961 964 2038 agminis
975 1961 1101 2024 haeren·

4 2064 6 2081 ·
124 2052 185 2106 tem
195 2046 236 2105 ad
246 2043 463 2120 impedimenta
474 2050 579 2105 nostra
590 2045 755 2107 exercitum
765 2046 963 2108 barbarorum
976 2048 1100 2109 circum

124 2135 288 2197 venerunt;
317 2129 402 2205 quod
423 2129 516 2188 multa
535 2128 617 2189 milia
634 2128 705 2205 ipso
726 2129 791 2202 die,
814 2130 903 2205 plura
922 2131 1016 2191 multo
1030 2137 1104 2206 post

126 2211 194 2273 dies
208 2227 327 2288 paucos
342 2212 519 2273 cecidemnt
532 2219 563 2272 et
577 2219 739 2288 ceperunt,
754 2213 814 2273 lroc
829 2212 856 2272 si
870 2213 931 2288 ipsi
944 2213 1101 2286 tacuerint,

123 2312 183 2357 vos
198 2296 341 2372 scituros,
356 2310 426 2356 cum
439 2296 527 2357 testis
539 2296 687 2358 orationis
697 2311 784 2358 meae
793 2302 877 2357 totus
888 2297 1041 2358 exercitus
1053 2296 1101 2370 sit,

125 2396 186 2441 non
206 2381 356 2442 credunt?
376 2380 403 2440 si
416 2380 550 2455 gladium
563 2378 594 2443 in
608 2380 686 2442 Asia
699 2395 761 2440 non
775 2380 983 2455 strinxissem,
1004 2381 1032 2440 si
1046 2379 1101 2439 ho·

124 2469 203 2525 stem
218 2480 279 2525 non
293 2463 455 2537 vidissem,
470 2471 570 2525 mmen
586 2465 754 2541 proconsul
767 2463 951 2539 triumphum
965 2464 995 2524 in
1008 2463 1102 2524 'lbra-

125 2547 171 2610 cio
185 2548 306 2610 duobus
321 2548 447 2625 proeliis
459 2563 640 2610 memeram.
674 2550 732 2609 sed
745 2549 806 2609 iarn
820 2548 933 2609 dictum
947 2545 1023 2608 satis
1038 2552 1101 2608 esta

128 2632 197 2707 quin
211 2647 269 2707 pro
283 2646 322 2692 eo
339 2632 422 2707 quod
436 2632 575 2707 pluribus
585 2633 689 2693 verbis
700 2648 759 2694 vos
771 2648 863 2709 quam
873 2633 956 2693 volui
968 2629 1101 2707 fatigavi,

124 2713 245 2856 penitam
259 2728 278 2773 a
291 2713 381 2774 vobis
396 2714 518 2788 petitam
533 2714 787 2791 impetratamque
796 2716 897 2787 velint,
913 2722 1016 2790 patres
1029 2729 1101 2774 con·

125 2811 159 2856 sc
188 2797 261 2873 pti.“

70 2906 78 2915 ·
208 2881 242 2941 L.
269 2879 341 2941 Plus
364 2879 489 2941 cumino
509 2896 547 2940 eo
562 2880 612 2940 die
627 2896 720 2956 quam
735 2880 874 2941 defensio
888 2878 1050 2953 valuisset,
1071 2879 1100 2938 ni

124 2963 350 3026 altercationem
370 2963 399 3024 in
420 2979 523 3024 serum
544 2965 772 3039 perduxissent.
808 2962 963 3024 dimittitur
976 2968 1100 3023 senatus

125 3048 153 3109 in
169 3064 206 3109 ea
221 3047 380 3123 opinione,
402 3053 436 3107 ut
449 3054 615 3122 negaturus
628 3047 812 3123 triumphum
826 3046 924 3108 luisse
937 3045 1101 3107 videretur.

4 3126 6 3129 ’
125 3138 250 3209 postero
266 3132 316 3193 die
330 3138 361 3193 et
371 3132 493 3207 cognati
503 3130 655 3207 amicique
666 3131 719 3190 cn.
730 3130 834 3191 Manlii
848 3130 974 3192 summis
987 3129 1100 3205 opibus

124 3216 221 3276 adnisi
243 3223 328 3291 sunt,
349 3222 379 3278 et
402 3213 566 3276 auctoritas
580 3215 736 3275 seniorum
750 3212 845 3277 valuit
857 3214 1033 3291 negantium
1047 3228 1100 3272 exe

124 3300 255 3374 emplum
275 3301 428 3376 proditum
447 3299 612 3360 memoriae
627 3314 714 3374 esse,
734 3305 769 3360 ut
781 3299 960 3374 imperator,
982 3297 1098 3374 quide

123 3380 212 3442 victis
232 3383 456 3458 perduellibus,
478 3384 618 3444 coniecta
637 3382 796 3457 provincia
812 3384 979 3444 exercitum
993 3395 1093 3454 repor

4 3540 5 3545 ἵ
123 3470 232 3540 tasset,
254 3465 320 3525 sine
341 3483 432 3528 curru
452 3472 483 3528 et
502 3469 607 3527 laurea
621 3465 758 3543 privatus
773 3465 1036 3540 inhonoratusque
1050 3478 1099 3524 ur»
