2600 4000
203 270 244 334 28
382 269 498 330 LIBER
512 267 617 327 XXXI.
641 266 723 327 CAP.
739 273 783 328 ³1.
802 272 839 340 [a.
852 270 887 324 U.
900 287 925 323 e.
937 270 1000 338 eet]

204 423 284 483 imus
300 420 433 482 Siciliam
447 418 638 496 provinciam
653 424 789 479 nostram
803 433 890 491 esse,
906 425 937 478 et
951 417 1088 480 civitates
1104 434 1185 496 quae

204 506 236 567 in
253 512 339 582 parte
354 501 647 579 Carthaginiensium
668 503 790 563 luerunt
803 508 834 562 et
846 517 909 562 uno
925 501 1026 561 animo
1042 517 1112 563 cum
1125 502 1186 563 illis

204 590 356 651 adversus
381 604 440 649 nos
459 588 574 648 bellum
593 593 772 661 gesserunt,
797 583 1013 661 stipendiarias
1035 583 1127 646 nobis
1148 601 1185 647 ac

204 671 370 748 vectigales
391 686 479 733 esse:
502 670 576 749 quin
596 676 704 731 contra
716 669 778 730 hoc
791 675 823 732 et
834 683 893 730 vos
908 675 940 728 et
953 683 1061 730 omnes
1075 675 1184 744 gentes
1297 660 1298 675 ³

204 756 285 818 scire
298 757 452 829 volumus,
467 769 525 829 pro
539 754 646 815 merito
659 753 771 829 cuique
782 767 856 829 erga
867 768 926 813 nos
939 753 1091 814 romanam
1101 768 1185 814 esse.

80 832 84 841 '
204 857 244 900 an
266 840 487 914 campanorum
508 852 642 914 poenae,
669 837 708 897 de
728 853 791 912 qua
810 852 851 897 ne
870 836 931 912 ipsi
952 835 1076 912 quidem
1096 834 1186 911 queri

205 931 352 1000 possunt,
374 937 433 982 nos
447 921 621 995 poeniteam
641 920 673 980 hi
686 920 843 993 homines,
863 935 1004 996 cumpro
1019 919 1057 979 iis
1071 919 1186 979 bellam

204 1008 356 1068 adversus
381 1003 534 1065 Samnites
562 1018 619 1080 per
639 1021 739 1065 annos
765 1019 866 1079 prope
893 1003 1087 1079 septuaginta
1115 1018 1186 1065 aran

204 1089 324 1163 magnis
344 1088 459 1149 nostris
479 1086 619 1148 cladibus
633 1087 859 1163 gessissemus,
878 1086 967 1162 ipsos
981 1086 1107 1147 loedere
1122 1086 1185 1162 pri·

204 1187 297 1247 mum,
311 1170 423 1233 deinde
434 1170 566 1232 conubio
577 1177 671 1246 atque
682 1170 926 1246 cognationibus,
941 1174 1097 1246 postremo
1112 1169 1185 1230 civi·

205 1261 265 1315 tate
279 1255 370 1316 nobis
385 1252 663 1327 coniunxissemus,
679 1261 818 1330 tempore
831 1260 938 1315 nostro
950 1254 1083 1315 adverso
1094 1251 1186 1328 print

206 1339 341 1400 omniurn
354 1338 459 1400 ltaliae
476 1339 672 1414 populorum,
694 1337 851 1413 praesidio
865 1342 973 1399 nostro
987 1336 1079 1397 foede
1093 1336 1181 1397 inter

206 1423 301 1497 lecto,
329 1422 370 1482 ad
393 1420 594 1482 Hannibalem
616 1420 810 1491 deiecerunt3
843 1419 955 1482 deinde
978 1420 1125 1495 indignati
1149 1436 1189 1481 se

206 1505 377 1567 obsideria
395 1504 503 1580 nobis,
523 1504 726 1565 Hannibalem
746 1505 786 1565 ad
802 1504 1041 1581 oppugnandam
1055 1504 1186 1565 Romam

205 1588 361 1650 miserunt
393 1588 502 1649 horum
523 1588 551 1650 si
569 1604 674 1664 neque
692 1589 767 1648 urbs
787 1587 858 1664 ipsa
877 1603 980 1665 neque
993 1587 1085 1649 homo
1100 1587 1184 1664 quis·
1297 1664 1298 1671 ἵ

206 1689 298 1749 quam
310 1679 497 1749 superesset,
511 1671 580 1748 quis
591 1672 623 1732 id
634 1672 743 1733 durius
754 1688 846 1748 quam
856 1689 913 1749 pro
925 1670 1032 1733 merito
1046 1671 1187 1747 ipsorum

205 1762 350 1822 statutum
370 1755 521 1832 indignari
542 1762 675 1832 possett
694 1758 799 1832 plures
814 1756 936 1817 sibimet
948 1752 1010 1831 ipsi
1024 1754 1185 1817 conscieu·
1297 1750 1298 1793 ³

205 1839 247 1901 tia
258 1842 409 1902 scelerum
421 1847 548 1901 mortem
559 1839 786 1914 consciverunt,
801 1856 893 1916 quam
907 1838 946 1900 ab
961 1837 1051 1899 nobis
1066 1837 1186 1914 suppli·

205 1922 254 1983 cio
269 1923 381 1984 adlecti
395 1930 476 1985 sunt.
499 1923 609 1985 ceteris
621 1924 664 1984 ita
675 1924 833 2002 oppidum,
845 1924 887 1985 ita
897 1938 990 1999 agros
1005 1922 1188 1998 ademimus,

204 2013 239 2068 ut
258 2022 364 2082 agrum
384 2010 549 2084 locumque
570 2008 610 2069 ad
623 2008 824 2070 habitandum
839 2009 998 2082 daremus,
1018 2007 1125 2068 urbem
1140 2007 1186 2066 in·
1296 2071 1297 2078 p

204 2091 329 2152 noxiam
350 2098 432 2153 stare
452 2092 635 2154 ineolumem
650 2099 840 2169 pateremur,
863 2099 896 2154 ut
911 2092 963 2168 qui
977 2090 1070 2152 hodie
1082 2090 1188 2151 videat

205 2190 281 2248 eam,
301 2178 417 2239 nullum
432 2183 630 2253 oppugnatae
644 2184 793 2253 captaeve
807 2176 849 2237 ibi
863 2175 1026 2251 vestigium
1041 2172 1186 2238 inveniat.
1296 2209 1297 2212 π

205 2260 262 2321 sed
278 2261 352 2336 quid
365 2277 424 2338 ego
440 2261 576 2337 Capuam
591 2261 671 2334 dico,
687 2277 756 2322 cum
773 2258 945 2335 carthagini
959 2259 1060 2319 victae
1075 2273 1186 2334 pacem

205 2358 241 2404 ac
260 2344 430 2407 libertatem
451 2346 636 2406 dederimus.
672 2344 770 2419 magis
785 2344 861 2404 illud
875 2351 925 2404 est
939 2342 1125 2418 periculum,
1146 2358 1188 2402 ne

205 2426 293 2486 nimis
314 2428 403 2488 tacite
424 2428 512 2488 victis
533 2427 724 2503 ignoscendo
740 2427 844 2500 plures
860 2427 900 2488 ob
914 2426 947 2487 id
961 2426 1062 2502 ipsum
1077 2426 1117 2487 ad
1132 2442 1187 2487 ex·

205 2509 385 2583 periundam
406 2509 556 2570 adversus
577 2525 636 2570 nos
657 2510 811 2569 fortunam
824 2509 896 2571 belli
910 2507 1080 2571 incitemus.
1108 2509 1188 2569 haee

205 2606 261 2666 pro
276 2591 366 2652 nobis
381 2591 546 2666 dictasint,
562 2591 640 2653 haec
653 2592 805 2655 adversus
818 2592 1007 2670 Philippum
1029 2593 1118 2654 cuius
1130 2593 1187 2654 do·

204 2673 331 2734 mestica
345 2674 508 2751 parricidia
522 2681 553 2736 et
566 2682 767 2751 cognatorum
781 2678 1013 2754 amicorumque
1028 2678 1140 2738 caedes
1155 2682 1189 2738 et

204 2756 358 2818 libidinem
382 2757 624 2821 inhumaniorem
648 2776 748 2837 prope
770 2779 862 2837 quam
882 2763 1092 2824 crudelitatem
1115 2777 1185 2835 vos,

204 2858 266 2917 quo
281 2841 443 2917 propiores
456 2842 658 2906 Macedoniae
672 2844 762 2919 estis,
780 2847 888 2908 melius
904 2847 1012 2909 nostis.
1045 2844 1130 2922 quod
1145 2843 1188 2905 ad

202 2940 261 2985 vos
276 2926 389 3000 attinet,
410 2926 522 3004 Aetoli,
541 2945 600 2991 nos
614 2945 672 3004 pro
686 2930 777 2993 vobis
792 2930 905 2991 bellum
921 2928 1116 3006 suscepimus
1131 2927 1188 2988 ad·

202 3024 314 3070 versus
328 3008 517 3088 Philippum,
531 3030 590 3074 vos
605 3012 674 3074 sine
688 3013 778 3075 nobis
794 3030 863 3075 aum
879 3030 916 3075 eo
933 3030 1042 3090 pacem
1056 3011 1187 3073 lecistis.

203 3098 234 3152 et
253 3093 380 3155 forsitan
402 3093 526 3169 dicatis,
548 3097 628 3162 bello
643 3096 759 3159 Punico
778 3098 937 3174 occupatis
952 3095 1043 3160 nobis
1058 3102 1186 3157 coaetos

202 3184 284 3239 metu
304 3194 362 3239 vos
382 3179 467 3254 leges
488 3180 576 3256 pacis
597 3181 636 3243 ab
660 3196 699 3243 eo
721 3181 854 3258 quitum
875 3184 946 3260 plus
962 3187 1083 3259 poterat
1095 3195 1186 3240 acce·

203 3259 304 3335 pisse:
320 3268 351 3322 et
360 3278 428 3339 nos,
441 3278 510 3325 curn
521 3264 581 3324 alia
590 3265 708 3326 maiora
717 3273 870 3341 urgerent,
878 3267 1052 3343 depositum
1065 3263 1186 3326 avobis

201 3344 315 3406 bellum
336 3353 367 3407 et
384 3347 446 3422 ipsi
467 3347 634 3409 omisimus.
671 3366 753 3411 nunc
773 3356 804 3411 et
817 3366 875 3412 nos
894 3341 985 3412 deum
998 3347 1186 3424 benignitate

201 3428 317 3491 Punico
331 3431 469 3505 perlecto
484 3430 565 3493 bello
579 3431 651 3494 totis
665 3430 783 3495 viribus
798 3434 911 3496 nostris
926 3433 956 3495 in
970 3432 1187 3495 Macedoniam

202 3510 412 3575 incubuimus:
435 3522 465 3575 et
484 3515 574 3577 vobis
594 3517 775 3578 restituendi
786 3534 846 3579 vos
860 3519 892 3577 in
904 3518 1068 3579 amicitiam
1084 3516 1183 3578 socie·
