2600 4000
255 264 372 326 umisa
385 263 547 325 mixvrn.
570 262 653 325 cae.
668 271 768 327 caan
790 264 826 342 p.
839 270 870 324 c.
884 268 946 346 ras]
1026 265 1091 331 eoa

5 409 6 412 ’
107 426 172 494 est,
197 417 229 478 id
254 416 455 493 conquirendi
480 415 689 491 cognoscendi
709 416 931 491 repetendique
950 417 1021 479 item
1040 420 1090 483 ius

107 508 187 563 esto.
216 500 243 564 si
258 517 336 577 quas
349 499 459 574 urbes,
476 515 554 575 quas
569 499 648 560 tradi
663 506 797 574 oportet,
814 499 845 560 hi
858 505 963 560 tenent
976 500 1088 575 quibus

107 584 281 647 Antiochus
295 584 389 660 dedit,
404 590 485 645 etex
495 583 544 644 his
555 582 711 660 praesidia
722 582 875 655 deducito,
890 582 995 658 utique
1005 590 1090 646 reete

106 668 268 730 tradantur
288 675 403 730 curato.
432 665 550 743 argenti
570 665 660 741 probi
680 667 793 727 talama
805 666 907 726 Athea
927 666 1090 728 duodecim

108 751 190 812 milia
201 752 272 813 dato
285 752 364 812 intra
375 750 537 812 duodecim
549 765 646 810 annos
659 749 860 824 pensionibus
872 750 1035 825 aequis-
1045 757 1088 810 ta·

109 837 222 896 lentum
242 850 282 896 ne
301 834 403 896 minus
432 833 537 909 pondo
559 832 714 908 octoginta
732 833 878 893 Romanis
899 832 1088 908 ponderibus

108 919 290 994 pendat-,
306 925 337 979 et
349 917 438 979 tritici
453 917 619 992 quingenta
632 916 835 993 quadraginta
848 916 930 977 mdia
944 915 1089 977 modium.

107 1002 236 1063 Eumeni
249 1002 315 1076 regi
325 1003 437 1062 talenta
447 1005 585 1061 trecenta
597 999 818 1076 quinquaginta
828 999 906 1060 intra
919 999 1089 1075 quinquen·

108 1087 189 1146 nium
202 1085 292 1154 dato;
307 1090 339 1145 et
349 1100 405 1159 pro
414 1084 574 1157 frumento,
587 1082 672 1159 quod
683 1083 893 1144 aestimatione
904 1083 966 1155 flat
977 1085 1090 1144 talenta

108 1175 231 1230 centum
245 1167 351 1243 viginti
366 1174 494 1243 septem.
530 1166 656 1227 obsides
670 1167 816 1228 Romanis
830 1165 935 1243 viginti
950 1167 1036 1242 dato,
1059 1175 1090 1228 et

107 1251 238 1312 triennio
265 1258 395 1322 mutato,
421 1265 461 1310 ne
479 1250 614 1310 minores
636 1255 779 1310 octonum
799 1250 909 1311 denum
930 1266 1088 1326 annorum,

108 1351 170 1395 neu
180 1335 312 1395 maiores
322 1333 448 1409 quinum
459 1333 699 1408 quadragenum.
714 1332 804 1409 siqui
816 1333 970 1396 sociorum
980 1335 1089 1411 populi

5 1477 7 1480 ,
108 1417 239 1478 Romani
258 1419 337 1479 ultro
358 1417 472 1478 bellum
490 1416 621 1477 iniereat
640 1416 807 1491 Antiocho,
831 1418 893 1478 mm
911 1418 942 1479 vi
962 1418 1088 1479 arcendi

5 1547 6 1550 ,
109 1501 158 1561 ius
172 1507 256 1575 esto,
272 1501 344 1560 dum
359 1515 398 1560 ne
413 1515 505 1577 quam
520 1500 625 1560 urbem
641 1508 695 1561 aut
706 1499 778 1562 belli
792 1502 859 1562 iure
871 1507 975 1562 teneat
988 1507 1042 1560 aut
1055 1499 1087 1560 in

108 1583 270 1643 amicitiam
291 1583 429 1659 accipiat
458 1584 685 1645 controversias
700 1585 778 1645 inter
792 1599 828 1644 se
841 1584 907 1643 iure
921 1598 959 1643 ac
972 1581 1087 1643 iudicio

5 1665 7 1688 ³
108 1666 290 1742 disceptent,
307 1674 359 1728 aut
372 1667 399 1728 si
414 1667 554 1743 utrisque
568 1666 709 1743 placebit,
725 1667 838 1727 bello.“
865 1665 905 1724 de
918 1664 1087 1726 Hannibale

107 1750 210 1811 Poeno
225 1757 255 1811 et
264 1752 375 1813 Aetolo
386 1751 524 1813 Thoante
538 1757 570 1812 et
578 1749 770 1810 Mnasilocho
781 1749 944 1807 Acarnane
958 1753 989 1806 et
1001 1745 1085 1806 Chal-

107 1834 284 1896 cidensibus
297 1834 448 1895 Eubulida
469 1842 500 1894 et
511 1833 638 1892 Philone
660 1829 810 1890 dedendis
829 1829 861 1888 in
881 1829 940 1891 hoc
961 1845 1087 1904 quoque

106 1918 232 1980 loedere
252 1918 440 1991 adscriptum
461 1922 524 1983 est3
552 1921 582 1974 et
601 1920 635 1975 ut
654 1913 681 1972 si
697 1913 770 1988 quid
791 1919 901 1988 postea
917 1911 991 1973 addi
1005 1912 1086 1973 demi

106 1998 479 2073 mutariveplacnissetut
489 1996 615 2058 idsalvo
627 1995 752 2057 loedere
763 1995 860 2058 lieret.
873 1995 1004 2058 XXXlX.
1013 2013 1084 2059 con·

107 2085 155 2143 sul
175 2081 286 2141 iuravit
304 2080 335 2140 in
354 2078 415 2139 hoc
430 2080 561 2155 londos:
590 2080 628 2140 ab
648 2094 722 2154 rege
744 2080 796 2155 qui
814 2080 972 2154 exigerent
991 2081 1085 2142 iusiu-

106 2164 245 2236 randum,
260 2163 391 2239 proiecti
406 2162 439 2237 Q.
453 2161 606 2224 Minucius
620 2162 768 2224 Thermus
783 2170 814 2224 et
826 2163 858 2221 L.
874 2162 1015 2235 Manlius,
1033 2161 1085 2238 qui

106 2256 168 2309 tum
183 2248 261 2308 iorte
281 2248 320 2308 ab
342 2245 493 2308 Oroandis
513 2245 611 2307 rediit.
643 2253 674 2307 et
695 2245 728 2320 Q.
743 2246 838 2307 Fabio
857 2246 1008 2319 Labeoni,
1031 2247 1083 2321 qui

107 2331 200 2392 classi
220 2337 376 2405 praeerat,
399 2330 537 2406 scripsit,
558 2336 592 2390 ut
604 2329 712 2390 Patara
731 2331 884 2405 extemplo
907 2328 1083 2404 proficisca-

107 2422 197 2489 retur,
214 2427 356 2490 quaeque
369 2413 410 2474 ibi
423 2428 518 2474 naves
532 2413 636 2489 regiae
650 2419 764 2486 essent
780 2412 955 2473 concideret
969 2427 1082 2471 crema-

105 2506 221 2575 rctque.
252 2499 410 2573 proiectus
430 2498 470 2558 ab
483 2497 609 2573 Epheso
630 2497 851 2573 quinquaginta
869 2502 966 2557 tectus
986 2510 1082 2555 naves

106 2589 158 2643 aut
171 2580 305 2643 concidit
321 2589 372 2643 aut
385 2580 527 2642 incendit.
560 2582 750 2643 Telmessum
764 2580 872 2641 eadem
886 2576 1083 2655 expeditione

105 2664 215 2725 territis
231 2663 332 2724 subito
347 2665 481 2724 adventu
495 2665 604 2725 classis
620 2664 784 2739 oppidanis
794 2660 913 2739 recipit.
936 2678 976 2722 ex
987 2661 1082 2741 Lycia

105 2747 245 2824 protinus
259 2743 354 2806 iussis
369 2746 407 2805 ab
422 2745 547 2820 Epheso
563 2746 668 2821 sequi,
684 2747 737 2822 qni
750 2744 793 2806 ibi
805 2747 902 2807 relicti
916 2751 1011 2817 erant,
1027 2758 1083 2820 per

105 2829 221 2890 insulas
233 2826 264 2887 in
277 2829 435 2888 Graeciam
446 2828 571 2888 traiecit.
586 2829 715 2889 Athenis
728 2844 844 2904 paucos
856 2833 993 2888 moratus
1004 2828 1080 2902 dies,

105 2914 176 2975 dum
187 2910 346 2972 Piraeeum
361 2911 400 2971 ab
409 2911 535 2986 Epheso
547 2927 642 2971 naves
655 2911 800 2987 venirent,
815 2917 909 2973 totam
920 2909 992 2970 inde
1003 2911 1082 2971 clas·

105 3012 170 3059 sem
186 2995 217 3055 in
231 2996 347 3056 Italiam
360 2995 491 3056 reduxit.

189 3079 241 3141 Gn.
252 3078 384 3141 Manlius
399 3095 469 3139 cum
483 3078 561 3139 inter
572 3087 675 3140 cetera
686 3093 765 3156 quae
777 3075 957 3153 accipienda
967 3076 1006 3137 ab
1017 3077 1081 3136 An·

104 3163 206 3224 tiocho
220 3170 322 3239 crant,
337 3162 518 3238 elephantos
534 3178 659 3240 quoque
673 3161 848 3238 accepisset
861 3161 1006 3236 donoque
1018 3160 1081 3221 Eu·

104 3246 183 3306 meni
197 3247 296 3309 omnis
311 3247 456 3324 dedisset,
472 3263 567 3310 causa
580 3247 692 3308 deinde
706 3244 869 3309 civitatium
885 3245 987 3308 miritis
1003 3244 1081 3305 inter

104 3344 201 3390 novas
216 3344 267 3391 res
281 3331 408 3393 turbatis
424 3333 575 3407 cognovit.
598 3339 628 3392 et
638 3330 816 3392 Ariarathes
827 3345 882 3391 rex
895 3338 981 3405 parte
992 3325 1079 3385 dimi-

12 3420 14 3451 l
104 3412 154 3473 dia
175 3414 323 3487 pecuniae
344 3415 510 3490 imperatae
523 3413 676 3475 beneflcio
689 3413 851 3487 Eumenis,
873 3413 921 3474 cui
943 3411 1079 3482 despon-

104 3496 190 3557 derat
198 3511 256 3571 pcr
266 3512 320 3556 eos
332 3496 399 3640 ᾶΙὶῧε
411 3497 512 3570 filiam,
519 3497 650 3558 remissa
661 3496 690 3555 in
697 3495 858 3556 amicitiam
865 3500 914 3553 est
919 3497 1081 3566 acceptus.

12 3580 13 3591 ¹
143 3596 169 3638 r.
184 3595 245 3639 mur
260 3595 336 3639 raas
396 3625 403 3639 .
837 3583 872 3636 23
