2600 4000
226 277 229 283 -
277 244 393 306 LlssllR
406 246 540 306 XXXIV.
563 247 646 307 cul).
659 257 700 311 rs.
714 257 757 311 14.
780 256 816 324 [a.
829 256 862 309 c.
875 254 937 328 1951
1037 252 1099 319 lai

117 390 256 476 optastis,
273 392 366 471 venit,
382 414 443 473 quo
459 398 547 459 vobis
560 405 698 473 potestas
713 373 800 461 fieret
813 401 954 464 virtutem
966 414 1100 469 vestram

117 482 291 543 ostendere.
312 479 413 542 adhuc
427 482 620 557 praedonum
635 483 733 559 magis
749 500 841 558 quarn
855 486 1034 554 bellantium¹
1044 491 1097 551 mi-

116 564 226 628 litastis
241 579 342 625 morea
365 581 446 626 nunc
460 566 540 627 iusta
555 583 659 641 pugna
669 567 777 629 hostes
790 583 859 630 cum
874 568 1099 634 hostibusoon·
1175 572 1178 577 ⁴

92 728 95 733 ¹
117 648 227 712 seretis
241 662 374 709 manum.
396 665 457 710 non
470 666 561 724 agros
573 650 645 711 inde
655 646 806 728 populari,
823 653 881 713 sed
890 654 1010 715 urbium
1022 671 1100 732 opes
1149 731 1151 734 y

116 731 280 794 exhaurire
299 733 411 794 licebit.
446 739 548 809 patres
562 735 675 809 nostri,
699 751 768 796 curu
781 737 930 813 Hispania
946 737 1100 815 Carthagi-

116 816 267 878 niensium
279 822 310 876 et
319 817 520 897 imperatores
531 817 572 879 ibi
584 825 615 879 el
626 819 780 880 exercilus
792 827 905 897 essent,
914 821 974 897 ipsi
986 824 1101 884 nullum

116 902 148 962 in
163 916 201 961 ea
215 900 339 961 militem
356 900 520 976 haberent,
541 909 643 964 tamen
659 904 773 964 addere
786 904 846 965 hoc
860 905 890 964 in
907 905 1032 968 loedere
1045 924 1099 969 vo·

116 987 251 1059 luerunt,
275 990 311 1045 ut
331 985 449 1061 imperii
473 985 520 1046 sui
539 987 646 1047 Iberus
670 986 781 1049 fluvius
803 996 887 1050 esset
907 988 987 1050 finis.
1018 1006 1101 1053 nunc

117 1085 187 1130 curn
202 1067 264 1130 du'o
281 1075 456 1144 praetores,
478 1085 547 1130 cum
562 1072 685 1143 consul,
709 1087 778 1132 cum
792 1079 855 1134 tres
872 1075 1024 1136 exercitus
1038 1076 1099 1138 Ro-

115 1152 198 1213 mani
211 1151 391 1228 Hispaniam
413 1153 583 1228 obtineant,
605 1154 896 1233 Carthaginiensium
917 1157 1025 1219 decem
1040 1160 1099 1220 iarn

115 1252 217 1313 prope
237 1236 326 1297 annis
348 1250 438 1299 nemo
460 1236 491 1297 in
506 1238 554 1298 his
577 1238 811 1316 provinciam,
833 1241 995 1316 imperium
1009 1244 1099 1305 nobis

117 1321 193 1382 citra
206 1321 326 1381 iberum
342 1320 489 1382 amissum
505 1329 561 1383 est.
585 1321 645 1383 hoc
656 1318 748 1385 armis
760 1330 791 1386 et
800 1325 911 1387 virtute
921 1326 1098 1402 reciperetis

116 1411 248 1480 oportet,
264 1411 294 1466 et
307 1405 461 1466 nationem
474 1405 671 1467 rebellantem
685 1407 783 1484 magis
795 1414 910 1470 temere
922 1405 1014 1486 quarn
1026 1427 1099 1473 con·

116 1494 234 1549 stanter
251 1488 414 1550 bellantem
435 1489 554 1566 iugum,
577 1506 638 1566 quo
659 1506 694 1551 se
712 1493 809 1568 exuit,
833 1492 974 1569 accipere
989 1510 1098 1556 rursus

118 1570 267 1647 cogatis.“
297 1572 328 1633 in
344 1573 426 1635 hunc
445 1574 570 1636 modum
584 1575 716 1635 maxime
730 1576 909 1638 adhortatus
924 1579 1100 1652 pronuntiat

118 1671 155 1716 se
170 1654 257 1717 nocte
271 1657 311 1717 ad
325 1665 427 1732 castra
440 1658 574 1720 hostium
589 1658 760 1721 ducturum.
789 1661 832 1719 ita
844 1661 885 1719 ad
900 1676 1031 1735 corpora
1047 1675 1099 1721 cu-

116 1740 214 1801 rauda
228 1740 357 1803 dimissi.
544 1796 547 1802 ,
903 1751 906 1757 ’

203 1825 283 1886 XIV.
305 1832 398 1887 nocte
417 1826 534 1901 media,
556 1842 625 1887 oum
649 1823 789 1902 auspicio
810 1840 937 1902 operam
951 1826 1098 1903 dedisset,

117 1909 283 1988 proiectus,
298 1916 334 1971 ut
346 1912 448 1970 locum
464 1926 556 1984 quem
570 1910 671 1983 vellet,
688 1909 868 1985 priusquam
883 1910 994 1972 hostes
1006 1910 1098 1971 senti-

116 2001 191 2068 rent,
203 2001 337 2070 caperet
350 1999 472 2069 praeter
483 2002 585 2054 eastra
594 1993 728 2055 hostium
741 1992 947 2071 circumducit,
959 2002 990 2055 et
1001 1994 1100 2071 prima
1176 2032 1179 2039 -

115 2078 185 2137 luco
201 2078 268 2136 acie
283 2078 432 2136 instructa
449 2076 508 2136 sub
522 2075 624 2150 ipsum
638 2071 751 2138 vallum
764 2083 828 2137 tres
842 2077 987 2138 cohortes
1003 2080 1099 2139 mittit.

115 2159 262 2219 mirantes
281 2157 405 2218 barbari
426 2159 464 2218 ab
485 2164 572 2232 tergo
593 2158 777 2233 apparuisse
791 2161 961 2219 Romanum
982 2161 1099 2221 discur-
1181 2177 1183 2181 “

115 2255 187 2303 rere
207 2240 267 2316 ipsi
289 2241 329 2300 ad
351 2256 443 2302 arma.
476 2241 596 2301 interim
611 2242 720 2302 consul
735 2242 817 2317 apud
832 2258 908 2303 suos
928 2258 1100 2318 „nusquam

114 2323 175 2386 nisi
190 2324 221 2383 in
236 2324 346 2386 uirtute
361 2339 435 2400 spes
449 2331 505 2398 est,
520 2324 668 2396 milites;“
683 2325 781 2401 inquit
794 2333 846 2401 „at
857 2341 915 2402 ego
927 2326 1046 2402 sedulo,
1062 2341 1100 2387 nc

116 2414 215 2483 esset,
231 2408 299 2468 leci.
332 2409 410 2469 inter
425 2416 527 2470 castra
541 2416 646 2471 nostra
661 2417 691 2471 et
705 2426 763 2471 nos
778 2409 870 2471 medii
886 2410 1002 2486 hostes,
1017 2417 1048 2472 et
1061 2410 1099 2471 ab

117 2498 203 2567 tergo
221 2492 355 2555 hostiurn
369 2508 444 2569 ager
458 2500 514 2555 est.
547 2495 631 2570 quod
645 2493 897 2570 pulcherrimum,
919 2494 1000 2555 idem
1014 2495 1099 2556 tutis·

117 2574 236 2652 simum,
248 2577 278 2636 in
290 2578 400 2638 virtute
411 2593 499 2654 spem
510 2578 641 2653 positam
648 2576 794 2639 habere.“
808 2578 1099 2641 subbaeccohortes

116 2660 214 2735 recipi
234 2661 331 2737 lubet,
357 2667 391 2723 ut
410 2662 560 2724 barbaros
581 2663 775 2724 simulatione
795 2664 887 2739 rugae
907 2662 1039 2724 eliceret.
1059 2663 1100 2724 id

117 2744 203 2818 quod
219 2745 391 2806 crediderat
404 2746 515 2810 evenit.
537 2746 733 2822 pertimuisse
747 2752 778 2809 et
792 2746 974 2819 ccdercreti
988 2748 1098 2809 Roma·

117 2841 177 2887 nos
192 2834 281 2902 porta
295 2837 466 2906 erumpunt,
481 2835 511 2890 et
526 2837 672 2905 quantum
686 2830 764 2891 inter
778 2836 879 2891 castra
894 2844 952 2891 sua
962 2836 994 2891 et
1004 2829 1099 2891 aclem

116 2909 251 2973 hostiurn
264 2913 402 2973 relietum
416 2920 482 2974 erat
495 2913 570 2989 loci,
590 2915 715 2975 armatis
729 2915 892 2989 complent.
922 2913 994 2975 dum
1007 2913 1100 2989 trepi-

118 2993 193 3054 dant
216 2996 283 3057 acia
307 2996 502 3071 instruenda,
530 2997 640 3059 consul
665 2998 724 3057 iam
748 2996 863 3073 paratis
888 2995 1100 3073 ordinatisque

118 3078 260 3141 omnibus
271 3079 492 3157 incompositos
505 3081 689 3158 adgreditur.
709 3081 829 3158 equites
840 3079 957 3156 primos
968 3081 1006 3141 ab
1017 3087 1100 3142 utro·

119 3178 180 3236 que
205 3164 353 3225 cornuin
373 3180 508 3240 pugnam
529 3163 653 3225 inducit.
688 3166 745 3225 sed
765 3165 796 3224 in
815 3165 925 3225 dextro
946 3164 1099 3238 extemplo

118 3246 214 3321 pulsi,
236 3248 445 3324 cedentesque
458 3248 569 3324 trepidi
583 3249 673 3308 etiam
689 3248 784 3324 pediti
798 3252 947 3310 torrorem
961 3249 1098 3309 intulere.

118 3330 204 3403 quod
224 3329 277 3391 ubl
298 3334 407 3393 consul
422 3331 510 3407 vidit,
532 3332 610 3392 duas
625 3332 769 3392 cohortes
783 3331 920 3393 delectos
937 3331 975 3391 ab
990 3332 1099 3392 dextro

117 3414 212 3474 latere
228 3414 362 3475 bostium
377 3415 564 3476 circumduci
577 3415 670 3489 iubet,
686 3420 718 3475 et
731 3416 770 3475 ab
781 3421 866 3490 targa
879 3429 915 3476 se
925 3415 1099 3484 ostendere,

117 3496 297 3573 priusquam
314 3504 532 3560 concurrerent
545 3498 682 3574 peditum
695 3498 788 3558 acies.
810 3499 838 3558 is
850 3506 950 3558 terror
961 3496 1098 3556 obiectus
