2600 4000
218 248 279 313 ret
359 247 618 309 umunxxxrv.
643 247 835 310 curasan,
858 248 1044 327 [tuear]

214 402 280 462 oiae
301 401 375 461 tore.
409 401 506 461 satius
526 401 619 461 multo
641 400 737 460 luisse
751 413 813 458 non
826 399 943 460 moveri
957 398 1069 460 bellum
1084 400 1193 461 adver·

214 501 269 548 sus
284 500 354 545 eum
369 499 461 561 quam
476 484 570 545 omitti
585 489 709 545 motum.
739 489 769 542 et
782 482 884 558 ipsum
897 483 981 543 velut
995 483 1194 558 comprobata

214 568 420 630 dominatione
446 567 612 630 lirudmem
636 567 770 628 luturum
798 572 923 628 auctore
947 564 1050 627 iniusti
1074 568 1194 643 imperii

213 655 376 729 adsumpto
402 652 519 728 populo
540 653 696 724 Romano,
722 656 753 711 et
772 651 914 725 exemplo
939 651 1053 712 multos
1074 652 1105 711 in
1126 652 1193 713 aliis

214 736 384 798 civitatibus
405 735 446 795 ad
459 734 668 797 lnsidiandum
680 733 810 795 libertati
824 734 935 795 civium
948 749 1075 797 suorum
1089 735 1192 796 incita-

212 828 321 883 turum.
354 818 453 894 ipsius
478 819 670 894 imperatoris
695 816 813 879 animus
835 817 875 879 ad
895 832 1003 893 pacem
1023 818 1194 879 inclinatior

213 912 287 967 erat.
322 902 448 963 videbat
471 901 552 963 enim
577 902 738 978 compulso
763 900 841 962 intra
865 901 987 963 moenia
1011 902 1101 964 hoste
1121 902 1193 962 nihil

213 992 334 1065 praeter
354 986 546 1047 obsidionem
566 994 700 1061 restare,
721 1000 787 1046 eam
810 991 910 1047 autem
924 986 991 1046 tore
1005 984 1192 1046 diuturnam=

213 1087 275 1133 non
290 1070 370 1130 enim
385 1069 544 1148 Gythium‚
560 1071 645 1147 quod
659 1071 762 1145 ipsum
775 1076 876 1130 tamen
890 1069 1048 1145 traditum,
1063 1086 1125 1131 non
1140 1085 1192 1129 ex·
1240 1110 1246 1116 ·

213 1160 381 1230 pugnatum
395 1160 488 1229 esset,
503 1153 561 1215 sed
570 1153 843 1229 Lacedaemonem,
856 1152 1077 1214 validissimam
1086 1153 1194 1215 urbem

214 1238 287 1298 viris
302 1237 472 1312 armisque,
489 1245 730 1313 oppugnaturos.
759 1252 852 1299 unam
866 1252 955 1313 spem
969 1237 1075 1313 tuisse,
1090 1238 1118 1298 sl
1132 1253 1194 1312 qua

214 1321 447 1383 admoventibus
470 1322 637 1383 exercitum
658 1321 813 1382 dissensio
834 1319 912 1382 inter
926 1320 1014 1396 ipsos
1029 1337 1067 1381 ac
1081 1319 1191 1382 seditio

214 1404 339 1466 exaltari
355 1411 470 1479 posset.
494 1420 563 1465 cum
577 1406 666 1480 signa
679 1403 777 1480 portis
792 1419 890 1481 prope
904 1403 1009 1465 inferri
1025 1411 1193 1478 cernerent,

213 1489 365 1550 neminem
384 1503 420 1548 se
433 1488 579 1549 movisse.
609 1488 762 1549 adiciebat
776 1494 805 1549 et
819 1504 888 1551 eum
901 1488 1054 1550 Antiocho
1069 1488 1193 1549 infidam

135 1567 145 1579 '
214 1588 322 1652 pacem
336 1570 460 1632 Villium
479 1573 613 1647 legatum
632 1572 704 1633 inde
723 1572 903 1633 redeuntem
922 1572 1078 1643 nuntiare;
1099 1572 1193 1633 multo

213 1656 379 1717 maioribus
402 1671 493 1733 quem
515 1663 586 1718 ante
599 1656 795 1718 terrestribus
810 1657 1035 1732 navalibusque
1049 1655 1148 1731 copiis
1162 1655 1194 1716 in

212 1741 368 1816 Europam
388 1755 458 1802 eum
474 1740 631 1802 transisse.
662 1738 689 1799 si
704 1747 889 1815 occupasset
903 1740 1024 1802 obsidio
1037 1739 1192 1801 Lacedae

213 1825 312 1886 monis
327 1824 508 1898 exercitum,
523 1823 635 1900 quibus
650 1821 719 1884 aliis
735 1823 833 1898 copiis
848 1824 998 1885 adversus
1012 1838 1118 1898 regem
1131 1829 1193 1883 tam

213 1908 346 1970 validum
371 1922 408 1966 ac
427 1914 583 1982 potentem
606 1907 720 1969 bellum
743 1914 906 1983 gesturos?
936 1907 1014 1968 haec
1033 1909 1194 1983 propalam

214 1990 349 2051 dicebat:
376 1989 428 2051 illa
447 1992 539 2052 tacita
559 1991 684 2054 suberat
698 2008 786 2068 curu,
807 2009 846 2053 ne
861 2008 960 2055 novus
976 1990 1085 2053 consid
1101 1991 1193 2052 Grae·
1296 2005 1297 2008 ’

215 2074 292 2134 ciam
313 2074 501 2150 provinciam
521 2077 679 2139 sortiretur
694 2084 724 2138 et
743 2077 876 2139 inchoati
894 2075 967 2136 belli
980 2076 1109 2138 viatoria
1122 2091 1189 2136 suc-

215 2158 332 2219 cessori
347 2159 496 2221 tradenda
510 2169 602 2224 esset.
630 2161 765 2224 ΧΧΧΝ.
789 2176 859 2221 curn
873 2160 1023 2222 adversus
1037 2158 1190 2221 tendendo

213 2244 287 2305 nihil
300 2251 438 2305 moveret
451 2246 565 2320 socios,
581 2246 755 2307 simulando
770 2261 805 2305 se
820 2244 950 2305 transire
963 2244 995 2303 in
1006 2259 1112 2305 eorum
1124 2258 1194 2304 sen·

213 2328 336 2388 tentiam
354 2328 453 2389 omnis
474 2329 504 2387 in
526 2329 694 2389 adsensum
713 2328 832 2390 consilii
853 2327 900 2388 sui
922 2327 1065 2392 haduxit.
1094 2326 1196 2401 „benc

214 2415 346 2486 vertat,“
367 2411 465 2485 inquit
483 2412 699 2484 „obsideamus
714 2410 991 2485 Lacedaemonem,
1014 2410 1138 2486 quando
1154 2411 1196 2472 ita

215 2496 329 2569 placet:
352 2494 438 2571 [illud
452 2494 544 2554 modo
559 2508 598 2552 ne
612 2494 706 2566 ludat]
723 2501 871 2569 ceterum,
886 2510 955 2555 eum
968 2510 1019 2555 res
1037 2500 1099 2555 tam
1113 2495 1196 2555 lenta

215 2591 308 2651 quam
328 2575 388 2649 ipsi
411 2574 497 2636 scitis
519 2576 710 2651 oppugnatio
724 2576 844 2638 urbium
859 2579 913 2653 sit,
935 2583 966 2639 et
980 2577 1195 2640 obsidentibus

214 2657 299 2734 prius
315 2672 410 2733 saepe
425 2674 516 2733 quam
530 2659 669 2720 obsessis
684 2662 816 2735 taedium
828 2662 955 2736 adterat,
969 2662 1030 2722 iam
1040 2676 1123 2722 nunc
1132 2660 1196 2723 hoe
1296 2661 1297 2664 ’

214 2742 256 2802 ita
270 2756 445 2817 proponere
459 2758 517 2804 vos
532 2740 640 2805 animis
657 2750 787 2821 oportet,
803 2746 1026 2806 hibernandum
1041 2746 1122 2806 circa
1134 2743 1195 2804 La÷
1296 2739 1297 2756 ¹

216 2826 412 2888 cedaemonis
432 2828 553 2888 moenia
572 2843 652 2889 esse.
687 2845 766 2906 quae
786 2846 872 2890 mora
885 2830 913 2890 si
928 2829 1064 2890 laborem
1078 2833 1197 2891 tantum

215 2927 252 2972 aa
267 2908 436 2988 pariendum
449 2912 583 2987 haberet,
598 2920 632 2974 ut
645 2920 676 2975 et
689 2914 798 2975 animis
813 2920 844 2974 et
854 2913 1037 2989 corporibus
1049 2913 1090 2972 ad
1100 2911 1195 2974 susti-

214 2996 315 3057 nenda
329 3011 366 3056 ea
380 2997 478 3072 parati
492 2996 603 3058 essetis
618 2997 757 3058 hortarer
770 3013 843 3059 vos:
866 3012 947 3058 nune
961 2996 1102 3072 impensa
1117 3010 1194 3072 quo·

215 3096 276 3157 que
296 3094 407 3155 magna
427 3087 497 3158 eget
509 3081 540 3141 in
556 3096 668 3156 opera,
689 3081 720 3141 in
734 3080 974 3143 machinationes
989 3088 1020 3143 et
1032 3084 1196 3164 tormenta,

215 3163 327 3241 quibus
346 3170 429 3226 tauta
447 3164 522 3226 urbs
543 3165 752 3240 oppugnanda
771 3170 833 3240 est,
855 3165 886 3226 in
901 3173 1088 3227 commeatus
1104 3162 1197 3224 vobis

215 3248 367 3323 nobisque
386 3249 418 3309 in
432 3248 562 3309 hiemem
575 3249 796 3323 expediendos.
828 3249 933 3326 itaque
947 3265 986 3310 ne
1001 3255 1053 3310 aut
1066 3251 1198 3323 repente

215 3331 387 3408 trepidetis,
413 3337 466 3394 aut
485 3348 550 3394 rem
571 3333 743 3395 inchoatam
759 3333 888 3409 turpiter
908 3331 1095 3404 destituatis,
1118 3329 1197 3391 scri·
1296 3347 1297 3356 ¹

215 3417 347 3477 bendum
362 3423 431 3478 ante
443 3417 556 3479 vestris
572 3417 744 3479 civitatibus
756 3433 879 3491 censeo,
895 3417 1196 3493 explorandumque,

216 3501 290 3576 quid
304 3516 446 3578 quaeque
458 3501 558 3576 animi,
575 3501 648 3578 quid
660 3500 770 3562 virium
781 3500 899 3561 habeat.
922 3495 1199 3563 auxiliorumsatis
1296 3493 1297 3512 ²
