2600 4000
299 248 414 311 LIBER
426 249 559 311 XXXIII.
582 250 665 311 chr.
675 255 719 312 el.
731 258 775 313 38.
798 257 833 324 [a.
846 257 878 309 C.
891 259 954 325 tae]
1057 250 1119 316 115

136 410 270 477 locoque
290 399 331 459 ad
352 405 506 461 certamen
527 400 694 476 destinate,
715 402 906 477 praeparatis
921 404 1030 465 animis
1045 420 1118 466 cen·

135 483 314 548 currissent
346 482 389 543 ibi
409 489 554 559 quantam
574 483 634 544 vim
660 483 701 544 ad
722 483 925 547 stImulandos
940 486 1058 547 animos
1073 488 1118 549 ira
1138 561 1139 564 Ἴ

134 568 262 629 haberet
280 567 439 643 apparuit:
467 583 538 627 nam
558 567 601 629 ita
619 566 725 629 caedis
744 567 843 643 magis
866 584 957 646 quam
971 569 1118 632 victoriae

135 651 218 713 avidi
239 657 415 727 pugnarunt
428 650 572 727 Romani,
592 658 625 712 ut
638 649 700 712 vix-
712 652 851 713 nuntium
864 652 961 713 cladis
974 651 1117 720 hostire

134 735 318 811 linquerent.
347 733 387 794 ob
406 733 464 795 has
483 749 536 796 res
549 740 670 810 gestas,
693 737 854 797 consulum
867 735 975 797 litteris
988 736 1116 797 Romam
1171 801 1175 807 ,

135 816 255 894 adlatis,
266 816 449 893 supplicatio
460 818 492 877 in
502 817 635 880 triduum
646 818 771 890 decreta
781 824 838 880 est
861 819 1116 895 breviposthlac-

134 903 231 964 cellus
246 903 355 963 consul
369 900 498 963 Romam
512 902 608 977 venit,
624 901 859 979 triumphusque
873 901 903 963 ei
916 919 1029 978 magno
1044 919 1117 965 eon·

122 1001 231 1047 sensu
245 992 366 1061 patrum
380 991 429 1045 est
442 985 596 1045 decretus.
627 984 823 1062 triumphavit
838 985 869 1045 in
883 985 1064 1062 magistratu
1078 988 1118 1049 de

133 1069 314 1131 Insubribus
330 1067 604 1144 Comensibusque.
632 1067 780 1131 Boiorum
793 1068 936 1145 triumphi
950 1086 1039 1147 spem
1050 1073 1116 1133 col·

132 1155 222 1228 legas
235 1151 369 1229 reliquit,
384 1151 456 1226 quia
466 1152 527 1227 ipsi
537 1152 665 1228 proprie
676 1153 808 1214 adversa
818 1168 923 1229 pugna
934 1154 965 1214 in
977 1170 1015 1215 ea
1024 1162 1116 1230 gente

133 1241 293 1311 evenerat,
320 1250 389 1297 cum
414 1236 534 1310 collega
558 1237 705 1297 secunda.
739 1237 833 1299 multa
857 1237 959 1313 spolia
983 1237 1116 1300 hostium

133 1318 263 1396 captivis
284 1318 437 1396 carpentis
457 1325 607 1394 travecta,
628 1322 723 1381 multa
741 1320 881 1382 militaria
901 1321 1005 1396 signa3
1034 1337 1115 1382 aeris

133 1405 197 1463 lata
215 1408 352 1464 trecenta
372 1401 477 1477 viginti
491 1400 588 1476 milia,
607 1403 725 1479 argenti
740 1404 833 1481 bigati
847 1404 980 1466 ducenta
993 1405 1116 1481 triginta

135 1492 278 1561 quattuor
297 1486 387 1546 milia.
421 1486 452 1545 in
473 1486 594 1562 pedites
615 1488 755 1563 singulos
777 1488 839 1549 dati
861 1490 1003 1563 octogeni
1023 1489 1114 1563 aeris,

135 1569 246 1644 triplex
261 1569 354 1646 equiti
369 1569 611 1647 centuriarique.

218 1652 378 1714 XXXVHl.
405 1653 523 1715 Eodem
543 1670 623 1716 anno
643 1655 816 1717 Antiochus
834 1669 905 1727 rex,
926 1669 996 1715 cum
1014 1653 1115 1714 hiber-

134 1741 240 1798 nasset
251 1736 382 1814 Ephesi,
398 1753 505 1799 omnes
519 1738 614 1799 Asiae
629 1736 767 1800 civitates
781 1737 813 1797 in
827 1737 984 1813 antiquam
996 1736 1115 1813 imperii

135 1821 294 1883 formulam
313 1820 454 1896 redigere
474 1830 523 1882 est
545 1828 682 1883 conatus.
712 1828 743 1881 et
763 1827 881 1882 ceteras
903 1821 1041 1896 quidem,
1064 1827 1116 1882 aut

123 1904 205 1981 quia
224 1905 303 1966 locis
314 1904 426 1979 planis
440 1906 561 1981 positae
575 1912 663 1967 erant
675 1910 729 1967 aut
742 1905 815 1980 quia
828 1920 937 1980 parurn
950 1904 1113 1967 moenibus

132 1988 289 2066 oretisque
309 2004 346 2048 ac
366 1987 513 2049 iuventuti
533 1987 684 2063 lidebant,
705 1989 789 2050 haud
809 1988 972 2052 difficulter
990 1988 1115 2050 videbat

132 2072 238 2148 iugum
248 2075 445 2145 accepturam
462 2069 595 2147 Smyrna
605 2078 635 2132 et
644 2072 835 2146 Lampsacus
846 2073 1014 2134 libertatem
1024 2089 1113 2133 usur·

130 2156 264 2231 pabant;
292 2151 524 2226 periculumque
544 2159 624 2227 erat,
645 2168 699 2226 ne,
720 2154 747 2213 si
768 2169 953 2215 concessum
971 2154 1021 2214 his
1036 2155 1113 2213 rore

133 2238 220 2312 quod
230 2234 429 2308 intenderent
442 2233 604 2313 Smyrnam
616 2234 647 2294 in
659 2234 789 2297 Aeolide
800 2236 956 2311 leniaque,
967 2236 1114 2309 Lampsa-

31 2310 38 2319 '
132 2335 204 2380 cum
217 2318 249 2378 in
259 2317 460 2393 Hellesponto
475 2318 553 2379 aliae
565 2317 659 2380 urbes
671 2324 882 2395 sequerentur.
904 2319 995 2395 igitur
1005 2319 1114 2393 etipse

131 2403 172 2464 ab
182 2400 309 2478 Epheso
323 2401 364 2463 ad
375 2399 538 2482 Smyrnam
551 2401 754 2464 obsidendam
764 2402 860 2473 misit;
877 2409 908 2464 et
919 2417 999 2479 quae
1008 2401 1114 2480 Abydi

37 2502 41 2510 ·
134 2486 244 2562 copiae
269 2491 357 2547 erant
374 2485 536 2562 praesidio
560 2492 677 2547 tontum
701 2485 824 2548 modice
848 2486 955 2548 relicto
981 2485 1052 2546 duci
1072 2484 1113 2545 ad

131 2569 337 2646 Lampsacum
351 2570 590 2647 oppugnandam
604 2569 703 2631 iussit
725 2585 782 2631 nec
797 2570 827 2631 vi
841 2576 956 2631 tantum
970 2569 1112 2643 terrebat,

133 2653 192 2713 sed
205 2655 394 2730 perlegales
408 2654 515 2714 leniter
529 2653 725 2729 adloquendo
738 2653 981 2730 castigandoque
992 2652 1111 2714 temeri·

133 2742 225 2803 utem
246 2752 284 2797 ac
304 2736 503 2813 pertinaciam
524 2752 614 2813 spem
627 2738 795 2799 conabaun
809 2739 911 2799 lacere
925 2737 1012 2798 brevi
1027 2735 1112 2812 quod

132 2824 272 2897 peterent
284 2819 451 2894 habituros,
468 2819 526 2881 sed
541 2836 610 2881 cum
623 2822 699 2882 satis
713 2827 743 2881 et
756 2819 835 2896 ipsis
850 2825 881 2881 et
891 2819 1033 2882 omnibus
1044 2817 1112 2879 ahts

132 2910 298 2979 appareret
320 2902 359 2964 ab
379 2919 453 2981 rege
476 2903 667 2979 Impetretam
686 2920 742 2964 cos
763 2904 946 2977 libertatem,
971 2917 1034 2963 non
1056 2915 1113 2976 per

95 3005 99 3011 ’
133 2986 330 3049 occasionem
343 2994 463 3063 raptam
472 2986 596 3047 habere.
613 2988 763 3048 adversus
776 3002 855 3063 quae
866 2986 1112 3061 respondebatur

132 3068 208 3130 nihil
227 3085 328 3146 neque
347 3070 450 3147 mirari
470 3085 571 3146 neque
590 3085 776 3132 succensere
788 3070 973 3132 Antiochum
988 3069 1116 3139 debere,v

133 3153 160 3215 si
180 3169 270 3230 spem
293 3153 440 3216 libertatis
466 3152 581 3215 differri
605 3170 668 3216 non
687 3154 764 3216 sads
784 3168 883 3229 aequo
904 3153 1006 3213 animo
1025 3156 1109 3226 pate-

131 3242 246 3297 rentur.
278 3235 348 3312 ipse
371 3237 456 3298 initio
481 3237 564 3298 veris
589 3237 719 3299 navibus
744 3236 784 3298 ab
803 3236 927 3314 Epheso
953 3236 1110 3312 profectus

130 3319 365 3396 Hellespontum
392 3321 482 3396 petit;
517 3320 668 3382 terrestris
694 3320 801 3395 copias
824 3320 911 3383 traici
935 3320 974 3380 ab
993 3316 1109 3395 Abydo

133 3401 361 3465 chersonesum
379 3402 478 3464 iussit
511 3419 579 3465 cum
600 3402 640 3464 ad
659 3403 829 3480 Madytum,
856 3401 1041 3464 Chersonesi
1060 3414 1108 3459 ur·
1164 3441 1166 3444 >

132 3485 219 3562 bem,
244 3485 380 3548 terrestri
399 3488 538 3549 navalem
558 3486 724 3548 exercitum
743 3487 909 3604 iunxisset,
935 3483 1009 3559 quia
1027 3483 1105 3543 clau·

861 3575 882 3626 8
