2600 4000
224 226 266 288 66
387 220 502 280 LIBER
515 217 634 278 XXXII.
658 216 742 276 CAP.
756 224 799 275 21.
824 220 860 288 [a.
876 218 911 270 U.
927 236 951 271 c.
965 219 1031 285 554]

221 384 281 438 tem
296 370 495 452 Cyparissiae
511 367 683 429 Charitelen
705 372 811 427 conba
829 366 878 425 ius
900 379 989 425 omae
1009 379 1046 423 ac
1059 364 1107 424 ras
1121 370 1200 425 mter

221 459 329 534 epulas
343 469 441 531 prope
456 454 541 528 ipsas
557 450 708 523 occisum,
724 455 755 510 et
767 451 894 522 Aratum
909 455 1027 523 patrem
1042 447 1200 525 filiumque

222 538 396 621 Sicyonios,
413 553 481 597 cum
496 551 602 595 senem
611 534 763 594 infelicem
774 537 931 608 parentem
942 532 1032 592 etiam
1043 532 1201 607 appellare

222 627 331 688 solitus
355 626 453 696 esset,
474 619 667 691 interlectos,
689 615 891 696 Polycratiam
909 615 976 676 eius
991 631 1120 676 uxorem
1133 616 1198 676 libi-

222 711 301 770 dinis
327 720 422 768 causa
446 704 476 763 in
496 701 708 763 Macedoniam
734 705 938 776 asportatam
972 706 1073 760 catera
1093 706 1201 774 stupra

221 793 372 868 virginum
396 793 662 861 matronarumque
683 783 829 846 oblivioni
851 783 975 843 dentur:
1009 798 1048 843 ne
1070 782 1109 843 sit
1131 799 1199 844 cum

226 877 363 951 Philippo
378 887 445 945 res,
468 870 555 931 cidus
571 868 758 931 crudelitatis
773 874 855 928 metu
869 866 1061 927 obmutuistis
1075 881 1199 928 omues:

222 994 262 1007 -
277 973 347 1018 nam
369 970 448 1031 quae
469 953 528 1014 alia
548 953 669 1014 tacendi
690 952 847 1013 advocatis
870 951 902 1010 in
924 950 1085 1012 concilium
1104 965 1202 1011 causa
1298 974 1299 996 r

209 1049 290 1103 'esti
299 1075 343 1086 —
357 1055 426 1099 cum
439 1038 605 1112 Antigono,
619 1035 780 1098 mitissimo
795 1051 831 1095 ao
847 1034 1014 1095 iustissimo
1028 1049 1102 1109 rege
1116 1040 1147 1093 et
1161 1034 1201 1094 de

222 1126 312 1187 nobis
326 1122 467 1186 omnibus
479 1121 592 1196 optime
602 1120 719 1194 merito,
727 1119 935 1180 existimemus
948 1117 1201 1193 disceptationem

222 1224 308 1270 esses
329 1223 400 1267 num
415 1206 446 1266 id
458 1206 627 1280 postularet
638 1204 740 1264 iacere
753 1220 811 1265 nos
824 1203 908 1278 quod
919 1201 985 1262 fieri
997 1219 1058 1263 non
1070 1208 1201 1277 possett

223 1291 404 1370 paeninsula
426 1296 474 1349 est
492 1287 742 1364 Peloponnesus,
768 1288 906 1362 augustis
928 1285 1033 1348 isthmi
1058 1285 1200 1346 lancibus

222 1374 387 1437 continenti
408 1372 595 1448 adhaerens,
621 1371 696 1431 nulli
714 1371 849 1447 apertior
872 1385 974 1445 neque
1000 1370 1198 1445 opportunior

224 1476 315 1536 quam
336 1457 437 1519 navali
459 1457 550 1516 bello.
583 1456 610 1517 si
626 1462 747 1515 centum
768 1461 866 1515 tectae
886 1469 981 1514 naves
1006 1459 1036 1514 et
1050 1452 1200 1529 quinqua·

221 1543 305 1620 ginta
326 1542 457 1603 leriores
479 1545 604 1616 apertae
619 1545 649 1599 et
663 1539 785 1614 triginta
798 1537 904 1598 Issaici
918 1537 1008 1597 lembi
1022 1537 1199 1600 maritimam

222 1644 307 1690 oram
324 1632 446 1687 vastare
467 1629 497 1684 et
510 1623 669 1698 expositas
691 1637 790 1698 prope
805 1621 835 1681 in
850 1621 926 1697 ipsis
953 1621 1092 1682 litoribus
1106 1621 1200 1682 urbes

222 1712 380 1787 coeperint
395 1723 584 1785 oppugnare,
605 1707 634 1766 in
649 1705 888 1766 mediterraneas
903 1705 1020 1766 scilicet
1035 1721 1092 1766 nos
1107 1705 1202 1766 urbes
1299 1692 1300 1739 3

222 1795 422 1870 recipiemus,
444 1799 597 1867 tamquam
619 1807 682 1851 non
705 1789 847 1850 intestino
869 1795 900 1848 et
912 1787 1057 1849 haerente
1078 1789 1109 1848 io
1124 1788 1201 1864 ipsis

221 1878 392 1940 visceribus
403 1892 528 1937 ruamur
539 1875 635 1936 bellet
652 1889 721 1934 cum
732 1872 910 1933 terraNabis
922 1872 1200 1946 etLacedaemonii,

221 1963 296 2023 mari
311 1962 421 2023 classis
431 1960 571 2022 Romana
585 1959 745 2035 urgebunt,
760 1957 842 2018 unde
856 1956 971 2030 regiam
982 1956 1158 2018 societatem
1171 1962 1203 2017 et

221 2046 426 2107 Macedonum
448 2043 604 2121 praesidia
624 2043 804 2118 implorent
834 2057 873 2102 an
894 2040 953 2116 ipsi
974 2042 1087 2101 nostris
1108 2042 1201 2101 armis

222 2132 260 2192 ab
275 2130 365 2191 hoste
375 2131 515 2191 Romana
531 2127 695 2188 tutabimur
708 2127 812 2200 urbes,
829 2139 909 2201 quae
923 2125 1202 2201 oppugnabanturr

221 2215 344 2292 egregie
366 2214 447 2275 enim
460 2213 577 2291 Dymas
592 2212 696 2288 priore
710 2212 791 2271 bello
807 2224 913 2270 sumus
926 2209 1027 2269 tutati!
1058 2209 1133 2270 satis
1148 2224 1202 2269 ex·

223 2300 392 2375 emptorum
412 2297 502 2358 nobis
517 2294 636 2356 alienae
651 2296 757 2355 clades
771 2293 932 2369 praebent,
955 2309 995 2352 ne
1009 2308 1202 2368 quaeramus,

223 2397 314 2459 quem
329 2382 368 2442 ad
382 2381 508 2441 modum
520 2379 629 2439 ceteris
642 2378 783 2452 exemplo
796 2377 899 2436 simus.
923 2376 1024 2453 nolite,
1040 2377 1113 2452 quia
1122 2379 1202 2438 ultro

221 2464 350 2526 Romani
373 2468 480 2537 petunt
501 2461 677 2531 amicitiam,
703 2460 736 2519 id
758 2460 842 2534 quod
865 2461 1030 2533 optandum
1052 2460 1142 2522 vobis
1166 2477 1203 2522 ac

222 2561 416 2621 summopere
433 2544 597 2620 petendum
611 2549 685 2616 erat,
700 2543 846 2602 fastidire.
869 2549 952 2604 metu
966 2544 1047 2605 euim
1059 2544 1205 2606 videlicet

222 2629 373 2705 compulsi
384 2634 415 2688 et
426 2627 571 2703 deprensi
581 2627 612 2685 in
624 2626 725 2686 aliena
735 2632 824 2700 terra,
838 2625 910 2703 quia
922 2628 979 2688 sub
990 2628 1099 2690 umbra
1108 2628 1205 2690 vestri

222 2713 325 2774 auxilii
346 2713 443 2772 latere
463 2712 583 2784 volunt,
606 2710 637 2769 iu
660 2710 838 2772 societatem
859 2717 993 2772 vestram
1016 2712 1202 2788 coniugium,

222 2804 254 2857 ut
268 2797 408 2872 portibus
429 2796 543 2855 vestris
560 2794 762 2871 recipiantur,
783 2802 817 2857 ut
831 2796 1050 2857 commeatibus
1064 2802 1202 2858 utantrut

221 2881 348 2940 marein
364 2887 515 2955 potestate
530 2878 654 2952 babent,
669 2885 775 2951 terras,
791 2895 1001 2953 quascumque
1012 2881 1134 2954 adeunt,
1148 2896 1203 2941 ex-

222 2965 334 3038 templo
357 2964 487 3025 dicionis
512 2979 588 3025 suae
602 2964 730 3025 iaciunt:
757 2964 979 3040 quodrogant,
1003 2980 1115 3041 cogere
1129 2981 1203 3041 pos-

222 3054 309 3117 sunt;
340 3048 411 3123 quia
432 3047 611 3125 pepercisse
625 3048 714 3108 vobis
730 3049 850 3122 volunt,
873 3049 1061 3110 committere
1075 3065 1134 3111 vos
1149 3065 1205 3110 cur

222 3132 354 3208 pereatis
370 3148 432 3194 non
447 3132 609 3208 patiuntur.
635 3147 706 3192 nam
721 3133 803 3208 quod
819 3132 1003 3194 Cleomedon
1019 3134 1113 3195 modo
1127 3141 1203 3194 tam·

222 3231 314 3291 quam
334 3217 465 3277 mediam
480 3222 510 3276 et
524 3214 706 3278 tutissimam
720 3216 810 3278 vobis
824 3217 905 3277 viam
920 3217 1054 3292 consilii,
1069 3224 1103 3278 ut
1117 3217 1204 3293 quie·

221 3300 349 3361 seeretis
371 3300 628 3376 abstineretisque
642 3300 751 3375 armis,
764 3300 959 3376 ostendebat,
975 3317 1014 3362 ea
1027 3317 1088 3361 oon
1102 3301 1203 3362 media

222 3383 279 3443 sed
290 3384 372 3445 nulla
382 3384 433 3444 via
443 3390 499 3445 est.
515 3385 626 3445 etenim
638 3391 852 3461 praeterquam
863 3385 948 3460 quod
960 3391 1013 3446 aut
1023 3385 1203 3460 accipienda

221 3475 273 3529 aut
284 3470 459 3546 spernenda
470 3469 559 3530 vobis
566 3470 706 3530 Romana
716 3470 848 3531 societas
860 3475 916 3542 est,
930 3468 1004 3544 quid
1014 3468 1098 3529 atiud
1111 3484 1202 3543 quarn
