<?xml version="1.0" encoding="UTF-8"?>
<!DOCTYPE html PUBLIC "-//W3C//DTD XHTML 1.0 Transitional//EN"
    "http://www.w3.org/TR/xhtml1/DTD/xhtml1-transitional.dtd">
<html xmlns="http://www.w3.org/1999/xhtml" xml:lang="en" lang="en">
 <head>
  <title>
</title>
<meta http-equiv="Content-Type" content="text/html;charset=utf-8" />
  <meta name='ocr-system' content='tesseract 3.04.00' />
  <meta name='ocr-capabilities' content='ocr_page ocr_carea ocr_par ocr_line ocrx_word'/>
</head>
<body>
  <div class='ocr_page' id='page_1' title='image "./aburbeconditali00mlgoog_0243.png"; bbox 0 0 2600 4000; ppageno 0'>
   <div class='ocr_carea' id='block_1_1' title="bbox 267 240 1080 334">
    <p class='ocr_par' dir='ltr' id='par_1_1' title="bbox 267 240 1080 334">
     <span class='ocr_line' id='line_1_1' title="bbox 267 240 1080 334; baseline 0.001 -29"><span class='ocrx_word' id='word_1_1' title='bbox 267 244 383 305; x_wconf 79' lang='lat' dir='ltr'><strong>amun</strong></span> <span class='ocrx_word' id='word_1_2' title='bbox 396 245 516 304; x_wconf 84' lang='lat' dir='ltr'>xxxv.</span> <span class='ocrx_word' id='word_1_3' title='bbox 538 243 622 303; x_wconf 81' lang='lat' dir='ltr'><strong>cnr.</strong></span> <span class='ocrx_word' id='word_1_4' title='bbox 636 251 735 321; x_wconf 64' lang='lat' dir='ltr'><strong>arca</strong></span> <span class='ocrx_word' id='word_1_5' title='bbox 758 247 913 316; x_wconf 61' lang='lat' dir='ltr'><strong>[tonsu</strong></span> <span class='ocrx_word' id='word_1_6' title='bbox 1017 240 1080 334; x_wconf 83' lang='lat' dir='ltr'><strong>tas</strong></span> 
     </span>
    </p>
   </div>
   <div class='ocr_carea' id='block_1_2' title="bbox 103 391 1080 720">
    <p class='ocr_par' dir='ltr' id='par_1_2' title="bbox 103 391 1080 720">
     <span class='ocr_line' id='line_1_2' title="bbox 104 391 1078 472; baseline -0.002 -16"><span class='ocrx_word' id='word_1_7' title='bbox 104 392 305 466; x_wconf 85' lang='lat' dir='ltr'><strong>auxiliomm‚</strong></span> <span class='ocrx_word' id='word_1_8' title='bbox 338 393 421 467; x_wconf 91' lang='lat' dir='ltr'><strong>quod</strong></span> <span class='ocrx_word' id='word_1_9' title='bbox 450 391 643 453; x_wconf 88' lang='lat' dir='ltr'><strong>existimabat</strong></span> <span class='ocrx_word' id='word_1_10' title='bbox 668 391 886 467; x_wconf 79' lang='lat' dir='ltr'><strong>Philopoemen</strong></span> <span class='ocrx_word' id='word_1_11' title='bbox 916 399 1078 472; x_wconf 82' lang='lat' dir='ltr'><strong>tyrannum</strong></span> 
     </span>
     <span class='ocr_line' id='line_1_3' title="bbox 103 475 1078 552; baseline 0 -14"><span class='ocrx_word' id='word_1_12' title='bbox 103 476 319 538; x_wconf 80' lang='lat' dir='ltr'><strong>mercennariis</strong></span> <span class='ocrx_word' id='word_1_13' title='bbox 330 476 489 548; x_wconf 86' lang='lat' dir='ltr'><strong>militibus,</strong></span> <span class='ocrx_word' id='word_1_14' title='bbox 506 476 617 551; x_wconf 88' lang='lat' dir='ltr'><strong>quibus</strong></span> <span class='ocrx_word' id='word_1_15' title='bbox 632 476 795 552; x_wconf 90' lang='lat' dir='ltr'><strong>plurimum</strong></span> <span class='ocrx_word' id='word_1_16' title='bbox 806 475 927 547; x_wconf 88' lang='lat' dir='ltr'><strong>tldcret,</strong></span> <span class='ocrx_word' id='word_1_17' title='bbox 943 477 983 536; x_wconf 90' lang='lat' dir='ltr'><strong>ab</strong></span> <span class='ocrx_word' id='word_1_18' title='bbox 992 484 1078 552; x_wconf 86' lang='lat' dir='ltr'><strong>tergo</strong></span> 
     </span>
     <span class='ocr_line' id='line_1_4' title="bbox 105 557 1080 636; baseline -0.002 -13"><span class='ocrx_word' id='word_1_19' title='bbox 105 577 180 623; x_wconf 85' lang='lat' dir='ltr'><strong>suos</strong></span> <span class='ocrx_word' id='word_1_20' title='bbox 192 561 419 636; x_wconf 79' lang='lat' dir='ltr'><strong>adgressurum.</strong></span> <span class='ocrx_word' id='word_1_21' title='bbox 440 559 520 619; x_wconf 88' lang='lat' dir='ltr'><strong>duee</strong></span> <span class='ocrx_word' id='word_1_22' title='bbox 534 576 586 620; x_wconf 88' lang='lat' dir='ltr'><strong>res</strong></span> <span class='ocrx_word' id='word_1_23' title='bbox 598 560 688 620; x_wconf 90' lang='lat' dir='ltr'><strong>simul</strong></span> <span class='ocrx_word' id='word_1_24' title='bbox 699 557 875 635; x_wconf 78' lang='lat' dir='ltr'><strong>inopinatae</strong></span> <span class='ocrx_word' id='word_1_25' title='bbox 885 561 1080 635; x_wconf 88' lang='lat' dir='ltr'><strong>perculerunt</strong></span> 
     </span>
     <span class='ocr_line' id='line_1_5' title="bbox 103 642 1079 720; baseline -0.002 -15"><span class='ocrx_word' id='word_1_26' title='bbox 103 661 188 705; x_wconf 82' lang='lat' dir='ltr'><strong>eum:</strong></span> <span class='ocrx_word' id='word_1_27' title='bbox 220 660 282 704; x_wconf 90' lang='lat' dir='ltr'><strong>una</strong></span> <span class='ocrx_word' id='word_1_28' title='bbox 306 650 552 719; x_wconf 87' lang='lat' dir='ltr'><strong>praeoccupatus</strong></span> <span class='ocrx_word' id='word_1_29' title='bbox 579 660 671 718; x_wconf 90' lang='lat' dir='ltr'><strong>quem</strong></span> <span class='ocrx_word' id='word_1_30' title='bbox 695 642 818 719; x_wconf 89' lang='lat' dir='ltr'><strong>petebat</strong></span> <span class='ocrx_word' id='word_1_31' title='bbox 842 644 944 715; x_wconf 90' lang='lat' dir='ltr'><strong>locus,</strong></span> <span class='ocrx_word' id='word_1_32' title='bbox 974 644 1079 720; x_wconf 85' lang='lat' dir='ltr'><strong>altera,</strong></span> 
     </span>
    </p>
   </div>
   <div class='ocr_carea' id='block_1_3' title="bbox 105 726 1185 804">
    <p class='ocr_par' dir='ltr' id='par_1_3' title="bbox 105 726 1185 804">
     <span class='ocr_line' id='line_1_6' title="bbox 105 726 1185 804; baseline -0.001 -15"><span class='ocrx_word' id='word_1_33' title='bbox 105 727 189 804; x_wconf 92' lang='lat' dir='ltr'><strong>quod</strong></span> <span class='ocrx_word' id='word_1_34' title='bbox 204 728 301 802; x_wconf 90' lang='lat' dir='ltr'><strong>primo</strong></span> <span class='ocrx_word' id='word_1_35' title='bbox 314 727 426 802; x_wconf 88' lang='lat' dir='ltr'><strong>agmini</strong></span> <span class='ocrx_word' id='word_1_36' title='bbox 439 727 612 788; x_wconf 80' lang='lat' dir='ltr'><strong>occrurisse</strong></span> <span class='ocrx_word' id='word_1_37' title='bbox 622 727 742 788; x_wconf 87' lang='lat' dir='ltr'><strong>hostem</strong></span> <span class='ocrx_word' id='word_1_38' title='bbox 755 727 912 801; x_wconf 82' lang='lat' dir='ltr'><strong>cernebat,</strong></span> <span class='ocrx_word' id='word_1_39' title='bbox 927 726 996 801; x_wconf 92' lang='lat' dir='ltr'><strong>ubi,</strong></span> <span class='ocrx_word' id='word_1_40' title='bbox 1011 743 1079 788; x_wconf 90' lang='lat' dir='ltr'><strong>cum</strong></span> <span class='ocrx_word' id='word_1_41' title='bbox 1183 740 1185 743; x_wconf 88' lang='grc'><strong><em>·</em></strong></span> 
     </span>
    </p>
   </div>
   <div class='ocr_carea' id='block_1_4' title="bbox 102 811 1104 2142">
    <p class='ocr_par' dir='ltr' id='par_1_4' title="bbox 102 811 1104 2142">
     <span class='ocr_line' id='line_1_7' title="bbox 103 811 1078 887; baseline -0.001 -15"><span class='ocrx_word' id='word_1_42' title='bbox 103 828 160 887; x_wconf 90' lang='lat' dir='ltr'><strong>per</strong></span> <span class='ocrx_word' id='word_1_43' title='bbox 173 813 243 872; x_wconf 90' lang='lat' dir='ltr'><strong>loca</strong></span> <span class='ocrx_word' id='word_1_44' title='bbox 257 812 441 886; x_wconf 79' lang='lat' dir='ltr'><strong>confragosa</strong></span> <span class='ocrx_word' id='word_1_45' title='bbox 455 811 512 871; x_wconf 90' lang='lat' dir='ltr'><strong>iter</strong></span> <span class='ocrx_word' id='word_1_46' title='bbox 526 819 624 885; x_wconf 89' lang='lat' dir='ltr'><strong>esset,</strong></span> <span class='ocrx_word' id='word_1_47' title='bbox 639 811 707 871; x_wconf 88' lang='lat' dir='ltr'><strong>sinc</strong></span> <span class='ocrx_word' id='word_1_48' title='bbox 720 812 797 871; x_wconf 87' lang='lat' dir='ltr'><strong>levis</strong></span> <span class='ocrx_word' id='word_1_49' title='bbox 809 819 980 871; x_wconf 89' lang='lat' dir='ltr'><strong>armaturae</strong></span> <span class='ocrx_word' id='word_1_50' title='bbox 990 827 1078 887; x_wconf 91' lang='lat' dir='ltr'><strong>prae-</strong></span> 
     </span>
     <span class='ocr_line' id='line_1_8' title="bbox 103 894 1079 970; baseline -0.001 -14"><span class='ocrx_word' id='word_1_51' title='bbox 103 896 182 956; x_wconf 90' lang='lat' dir='ltr'><strong>sidio</strong></span> <span class='ocrx_word' id='word_1_52' title='bbox 198 895 287 970; x_wconf 90' lang='lat' dir='ltr'><strong>signa</strong></span> <span class='ocrx_word' id='word_1_53' title='bbox 301 895 372 955; x_wconf 89' lang='lat' dir='ltr'><strong>lerri</strong></span> <span class='ocrx_word' id='word_1_54' title='bbox 386 911 448 956; x_wconf 92' lang='lat' dir='ltr'><strong>non</strong></span> <span class='ocrx_word' id='word_1_55' title='bbox 465 894 587 956; x_wconf 87' lang='lat' dir='ltr'><strong>videbat</strong></span> <span class='ocrx_word' id='word_1_56' title='bbox 605 910 711 969; x_wconf 87' lang='lat' dir='ltr'><strong>posse.</strong></span> <span class='ocrx_word' id='word_1_57' title='bbox 742 895 876 955; x_wconf 88' lang='lat' dir='ltr'><strong>XXVlll.</strong></span> <span class='ocrx_word' id='word_1_58' title='bbox 899 900 964 954; x_wconf 90' lang='lat' dir='ltr'><strong>crat</strong></span> <span class='ocrx_word' id='word_1_59' title='bbox 978 901 1079 955; x_wconf 91' lang='lat' dir='ltr'><strong>autem</strong></span> 
     </span>
     <span class='ocr_line' id='line_1_9' title="bbox 102 978 1078 1054; baseline -0.001 -16"><span class='ocrx_word' id='word_1_60' title='bbox 102 978 320 1053; x_wconf 84' lang='lat' dir='ltr'><strong>Philopoemen</strong></span> <span class='ocrx_word' id='word_1_61' title='bbox 334 979 521 1054; x_wconf 82' lang='lat' dir='ltr'><strong>praecipuae</strong></span> <span class='ocrx_word' id='word_1_62' title='bbox 536 978 566 1037; x_wconf 92' lang='lat' dir='ltr'><strong>in</strong></span> <span class='ocrx_word' id='word_1_63' title='bbox 582 979 724 1039; x_wconf 90' lang='lat' dir='ltr'><strong>ducendo</strong></span> <span class='ocrx_word' id='word_1_64' title='bbox 739 978 860 1054; x_wconf 80' lang='lat' dir='ltr'><strong>agmine</strong></span> <span class='ocrx_word' id='word_1_65' title='bbox 873 979 1014 1053; x_wconf 86' lang='lat' dir='ltr'><strong>locisque</strong></span> <span class='ocrx_word' id='word_1_66' title='bbox 1029 994 1078 1038; x_wconf 88' lang='lat' dir='ltr'><strong>ca-</strong></span> 
     </span>
     <span class='ocr_line' id='line_1_10' title="bbox 103 1061 1077 1139; baseline 0 -18"><span class='ocrx_word' id='word_1_67' title='bbox 103 1061 224 1139; x_wconf 91' lang='lat' dir='ltr'><strong>piendis</strong></span> <span class='ocrx_word' id='word_1_68' title='bbox 245 1062 388 1123; x_wconf 88' lang='lat' dir='ltr'><strong>solertiae</strong></span> <span class='ocrx_word' id='word_1_69' title='bbox 409 1069 501 1138; x_wconf 88' lang='lat' dir='ltr'><strong>atque</strong></span> <span class='ocrx_word' id='word_1_70' title='bbox 521 1078 613 1132; x_wconf 90' lang='lat' dir='ltr'><strong>usus;</strong></span> <span class='ocrx_word' id='word_1_71' title='bbox 636 1079 694 1123; x_wconf 90' lang='lat' dir='ltr'><strong>nec</strong></span> <span class='ocrx_word' id='word_1_72' title='bbox 714 1063 785 1123; x_wconf 90' lang='lat' dir='ltr'><strong>belli</strong></span> <span class='ocrx_word' id='word_1_73' title='bbox 805 1068 920 1123; x_wconf 87' lang='lat' dir='ltr'><strong>tantum</strong></span> <span class='ocrx_word' id='word_1_74' title='bbox 935 1063 1077 1138; x_wconf 88' lang='lat' dir='ltr'><strong>tempori-</strong></span> 
     </span>
     <span class='ocr_line' id='line_1_11' title="bbox 103 1145 1077 1220; baseline -0.002 -14"><span class='ocrx_word' id='word_1_75' title='bbox 103 1147 161 1207; x_wconf 89' lang='lat' dir='ltr'><strong>bus</strong></span> <span class='ocrx_word' id='word_1_76' title='bbox 177 1146 233 1206; x_wconf 88' lang='lat' dir='ltr'><strong>sed</strong></span> <span class='ocrx_word' id='word_1_77' title='bbox 249 1146 339 1207; x_wconf 89' lang='lat' dir='ltr'><strong>etiam</strong></span> <span class='ocrx_word' id='word_1_78' title='bbox 353 1145 383 1204; x_wconf 92' lang='lat' dir='ltr'><strong>in</strong></span> <span class='ocrx_word' id='word_1_79' title='bbox 399 1162 476 1220; x_wconf 85' lang='lat' dir='ltr'><strong>paco</strong></span> <span class='ocrx_word' id='word_1_80' title='bbox 491 1146 576 1207; x_wconf 87' lang='lat' dir='ltr'><strong>adid</strong></span> <span class='ocrx_word' id='word_1_81' title='bbox 591 1147 722 1206; x_wconf 88' lang='lat' dir='ltr'><strong>maxime</strong></span> <span class='ocrx_word' id='word_1_82' title='bbox 742 1146 874 1206; x_wconf 88' lang='lat' dir='ltr'><strong>animum</strong></span> <span class='ocrx_word' id='word_1_83' title='bbox 888 1153 1077 1207; x_wconf 87' lang='lat' dir='ltr'><strong>exercuerat.</strong></span> 
     </span>
     <span class='ocr_line' id='line_1_12' title="bbox 102 1229 1104 1305; baseline 0 -14"><span class='ocrx_word' id='word_1_84' title='bbox 102 1230 153 1291; x_wconf 92' lang='lat' dir='ltr'><strong>ubi</strong></span> <span class='ocrx_word' id='word_1_85' title='bbox 176 1230 232 1290; x_wconf 89' lang='lat' dir='ltr'><strong>iter</strong></span> <span class='ocrx_word' id='word_1_86' title='bbox 246 1229 392 1305; x_wconf 93' lang='lat' dir='ltr'><strong>quopiam</strong></span> <span class='ocrx_word' id='word_1_87' title='bbox 413 1231 526 1290; x_wconf 89' lang='lat' dir='ltr'><strong>taceret</strong></span> <span class='ocrx_word' id='word_1_88' title='bbox 547 1237 577 1290; x_wconf 93' lang='lat' dir='ltr'><strong>ct</strong></span> <span class='ocrx_word' id='word_1_89' title='bbox 591 1231 631 1290; x_wconf 95' lang='lat' dir='ltr'><strong>ad</strong></span> <span class='ocrx_word' id='word_1_90' title='bbox 653 1229 806 1292; x_wconf 86' lang='lat' dir='ltr'><strong>dilllcilcm</strong></span> <span class='ocrx_word' id='word_1_91' title='bbox 825 1230 954 1292; x_wconf 88' lang='lat' dir='ltr'><strong>transitu</strong></span> <span class='ocrx_word' id='word_1_92' title='bbox 968 1231 1078 1291; x_wconf 87' lang='lat' dir='ltr'><strong>saltum</strong></span> <span class='ocrx_word' id='word_1_93' title='bbox 1102 1250 1104 1253; x_wconf 67' lang='grc'>’</span> 
     </span>
     <span class='ocr_line' id='line_1_13' title="bbox 103 1313 1078 1389; baseline 0.001 -15"><span class='ocrx_word' id='word_1_94' title='bbox 103 1314 255 1388; x_wconf 85' lang='lat' dir='ltr'><strong>venisset,</strong></span> <span class='ocrx_word' id='word_1_95' title='bbox 271 1313 492 1389; x_wconf 89' lang='lat' dir='ltr'><strong>contemplatus</strong></span> <span class='ocrx_word' id='word_1_96' title='bbox 507 1314 545 1373; x_wconf 92' lang='lat' dir='ltr'><strong>ab</strong></span> <span class='ocrx_word' id='word_1_97' title='bbox 561 1313 643 1375; x_wconf 94' lang='lat' dir='ltr'><strong>omni</strong></span> <span class='ocrx_word' id='word_1_98' title='bbox 657 1319 744 1389; x_wconf 89' lang='lat' dir='ltr'><strong>parte</strong></span> <span class='ocrx_word' id='word_1_99' title='bbox 758 1313 817 1375; x_wconf 92' lang='lat' dir='ltr'><strong>loci</strong></span> <span class='ocrx_word' id='word_1_100' title='bbox 832 1320 986 1387; x_wconf 89' lang='lat' dir='ltr'><strong>naturam,</strong></span> <span class='ocrx_word' id='word_1_101' title='bbox 1009 1330 1078 1375; x_wconf 88' lang='lat' dir='ltr'><strong>cum</strong></span> 
     </span>
     <span class='ocr_line' id='line_1_14' title="bbox 105 1396 1077 1473; baseline -0.001 -14"><span class='ocrx_word' id='word_1_102' title='bbox 105 1398 190 1459; x_wconf 86' lang='lat' dir='ltr'><strong>solus</strong></span> <span class='ocrx_word' id='word_1_103' title='bbox 204 1396 277 1472; x_wconf 90' lang='lat' dir='ltr'><strong>iret,</strong></span> <span class='ocrx_word' id='word_1_104' title='bbox 298 1412 403 1457; x_wconf 89' lang='lat' dir='ltr'><strong>secum</strong></span> <span class='ocrx_word' id='word_1_105' title='bbox 424 1397 492 1471; x_wconf 90' lang='lat' dir='ltr'><strong>ipse</strong></span> <span class='ocrx_word' id='word_1_106' title='bbox 512 1398 645 1473; x_wconf 81' lang='lat' dir='ltr'><strong>agitabat</strong></span> <span class='ocrx_word' id='word_1_107' title='bbox 662 1398 777 1472; x_wconf 91' lang='lat' dir='ltr'><strong>animo,</strong></span> <span class='ocrx_word' id='word_1_108' title='bbox 799 1414 867 1460; x_wconf 92' lang='lat' dir='ltr'><strong>cum</strong></span> <span class='ocrx_word' id='word_1_109' title='bbox 882 1398 1008 1460; x_wconf 86' lang='lat' dir='ltr'><strong>comites</strong></span> <span class='ocrx_word' id='word_1_110' title='bbox 1024 1399 1077 1458; x_wconf 88' lang='lat' dir='ltr'><strong>ha-</strong></span> 
     </span>
     <span class='ocr_line' id='line_1_15' title="bbox 103 1480 1078 1557; baseline 0 -16"><span class='ocrx_word' id='word_1_111' title='bbox 103 1481 201 1555; x_wconf 89' lang='lat' dir='ltr'><strong>beret,</strong></span> <span class='ocrx_word' id='word_1_112' title='bbox 223 1482 261 1541; x_wconf 89' lang='lat' dir='ltr'><strong>ab</strong></span> <span class='ocrx_word' id='word_1_113' title='bbox 282 1480 330 1541; x_wconf 91' lang='lat' dir='ltr'><strong>his</strong></span> <span class='ocrx_word' id='word_1_114' title='bbox 353 1481 533 1557; x_wconf 87' lang='lat' dir='ltr'><strong>quaerebat,</strong></span> <span class='ocrx_word' id='word_1_115' title='bbox 554 1482 581 1542; x_wconf 88' lang='lat' dir='ltr'><strong>si</strong></span> <span class='ocrx_word' id='word_1_116' title='bbox 602 1481 701 1542; x_wconf 89' lang='lat' dir='ltr'><strong>hostis</strong></span> <span class='ocrx_word' id='word_1_117' title='bbox 722 1497 760 1543; x_wconf 90' lang='lat' dir='ltr'><strong>co</strong></span> <span class='ocrx_word' id='word_1_118' title='bbox 780 1483 850 1543; x_wconf 89' lang='lat' dir='ltr'><strong>loco</strong></span> <span class='ocrx_word' id='word_1_119' title='bbox 872 1482 1078 1557; x_wconf 87' lang='lat' dir='ltr'><strong>apparuisset,</strong></span> 
     </span>
     <span class='ocr_line' id='line_1_16' title="bbox 104 1564 1077 1641; baseline -0.003 -16"><span class='ocrx_word' id='word_1_120' title='bbox 104 1565 193 1641; x_wconf 91' lang='lat' dir='ltr'><strong>quid,</strong></span> <span class='ocrx_word' id='word_1_121' title='bbox 211 1565 237 1625; x_wconf 91' lang='lat' dir='ltr'><strong>si</strong></span> <span class='ocrx_word' id='word_1_122' title='bbox 251 1582 271 1626; x_wconf 88' lang='lat' dir='ltr'><strong>a</strong></span> <span class='ocrx_word' id='word_1_123' title='bbox 285 1566 398 1640; x_wconf 91' lang='lat' dir='ltr'><strong>lronte,</strong></span> <span class='ocrx_word' id='word_1_124' title='bbox 415 1565 503 1641; x_wconf 92' lang='lat' dir='ltr'><strong>quid,</strong></span> <span class='ocrx_word' id='word_1_125' title='bbox 518 1567 545 1626; x_wconf 89' lang='lat' dir='ltr'><strong>si</strong></span> <span class='ocrx_word' id='word_1_126' title='bbox 559 1565 598 1626; x_wconf 90' lang='lat' dir='ltr'><strong>ab</strong></span> <span class='ocrx_word' id='word_1_127' title='bbox 612 1566 707 1626; x_wconf 88' lang='lat' dir='ltr'><strong>latere</strong></span> <span class='ocrx_word' id='word_1_128' title='bbox 721 1565 781 1626; x_wconf 92' lang='lat' dir='ltr'><strong>hoc</strong></span> <span class='ocrx_word' id='word_1_129' title='bbox 796 1572 849 1626; x_wconf 93' lang='lat' dir='ltr'><strong>aut</strong></span> <span class='ocrx_word' id='word_1_130' title='bbox 862 1565 929 1637; x_wconf 94' lang='lat' dir='ltr'><strong>illo,</strong></span> <span class='ocrx_word' id='word_1_131' title='bbox 946 1564 1035 1639; x_wconf 91' lang='lat' dir='ltr'><strong>quid,</strong></span> <span class='ocrx_word' id='word_1_132' title='bbox 1050 1565 1077 1625; x_wconf 91' lang='lat' dir='ltr'><strong>si</strong></span> 
     </span>
     <span class='ocr_line' id='line_1_17' title="bbox 103 1648 1077 1725; baseline -0.003 -17"><span class='ocrx_word' id='word_1_133' title='bbox 103 1648 142 1708; x_wconf 90' lang='lat' dir='ltr'><strong>ab</strong></span> <span class='ocrx_word' id='word_1_134' title='bbox 157 1656 242 1723; x_wconf 85' lang='lat' dir='ltr'><strong>tergo</strong></span> <span class='ocrx_word' id='word_1_135' title='bbox 257 1649 442 1725; x_wconf 88' lang='lat' dir='ltr'><strong>adoriretur,</strong></span> <span class='ocrx_word' id='word_1_136' title='bbox 465 1649 646 1725; x_wconf 88' lang='lat' dir='ltr'><strong>capiendum</strong></span> <span class='ocrx_word' id='word_1_137' title='bbox 668 1649 787 1710; x_wconf 91' lang='lat' dir='ltr'><strong>consilii</strong></span> <span class='ocrx_word' id='word_1_138' title='bbox 802 1650 889 1709; x_wconf 85' lang='lat' dir='ltr'><strong>soret.</strong></span> <span class='ocrx_word' id='word_1_139' title='bbox 923 1662 1018 1722; x_wconf 90' lang='lat' dir='ltr'><strong>posse</strong></span> <span class='ocrx_word' id='word_1_140' title='bbox 1034 1648 1077 1706; x_wconf 92' lang='lat' dir='ltr'><strong>in·</strong></span> 
     </span>
     <span class='ocr_line' id='line_1_18' title="bbox 103 1732 1076 1810; baseline -0.003 -18"><span class='ocrx_word' id='word_1_141' title='bbox 103 1739 234 1793; x_wconf 80' lang='lat' dir='ltr'><strong>suuctos</strong></span> <span class='ocrx_word' id='word_1_142' title='bbox 248 1739 333 1794; x_wconf 88' lang='lat' dir='ltr'><strong>recta</strong></span> <span class='ocrx_word' id='word_1_143' title='bbox 347 1733 428 1810; x_wconf 89' lang='lat' dir='ltr'><strong>acie,</strong></span> <span class='ocrx_word' id='word_1_144' title='bbox 449 1750 545 1809; x_wconf 92' lang='lat' dir='ltr'><strong>posse</strong></span> <span class='ocrx_word' id='word_1_145' title='bbox 565 1732 753 1794; x_wconf 89' lang='lat' dir='ltr'><strong>inconditum</strong></span> <span class='ocrx_word' id='word_1_146' title='bbox 774 1746 882 1806; x_wconf 85' lang='lat' dir='ltr'><strong>agmen</strong></span> <span class='ocrx_word' id='word_1_147' title='bbox 905 1738 935 1790; x_wconf 90' lang='lat' dir='ltr'><strong>et</strong></span> <span class='ocrx_word' id='word_1_148' title='bbox 950 1737 1076 1791; x_wconf 86' lang='lat' dir='ltr'><strong>tantum·</strong></span> 
     </span>
     <span class='ocr_line' id='line_1_19' title="bbox 103 1814 1077 1892; baseline -0.001 -17"><span class='ocrx_word' id='word_1_149' title='bbox 103 1817 194 1875; x_wconf 89' lang='lat' dir='ltr'><strong>modo</strong></span> <span class='ocrx_word' id='word_1_150' title='bbox 210 1824 313 1892; x_wconf 88' lang='lat' dir='ltr'><strong>aptum</strong></span> <span class='ocrx_word' id='word_1_151' title='bbox 327 1818 395 1877; x_wconf 87' lang='lat' dir='ltr'><strong>viae</strong></span> <span class='ocrx_word' id='word_1_152' title='bbox 411 1832 581 1878; x_wconf 87' lang='lat' dir='ltr'><strong>occurrere.</strong></span> <span class='ocrx_word' id='word_1_153' title='bbox 610 1830 701 1891; x_wconf 90' lang='lat' dir='ltr'><strong>quem</strong></span> <span class='ocrx_word' id='word_1_154' title='bbox 721 1817 822 1875; x_wconf 92' lang='lat' dir='ltr'><strong>locum</strong></span> <span class='ocrx_word' id='word_1_155' title='bbox 843 1814 910 1888; x_wconf 87' lang='lat' dir='ltr'><strong>ipse</strong></span> <span class='ocrx_word' id='word_1_156' title='bbox 931 1823 1077 1889; x_wconf 87' lang='lat' dir='ltr'><strong>capturus</strong></span> 
     </span>
     <span class='ocr_line' id='line_1_20' title="bbox 102 1897 1076 1975; baseline -0.001 -17"><span class='ocrx_word' id='word_1_157' title='bbox 102 1906 204 1975; x_wconf 87' lang='lat' dir='ltr'><strong>cssct,</strong></span> <span class='ocrx_word' id='word_1_158' title='bbox 221 1899 383 1975; x_wconf 87' lang='lat' dir='ltr'><strong>cogitando</strong></span> <span class='ocrx_word' id='word_1_159' title='bbox 405 1907 456 1960; x_wconf 89' lang='lat' dir='ltr'><strong>aut</strong></span> <span class='ocrx_word' id='word_1_160' title='bbox 471 1900 647 1974; x_wconf 87' lang='lat' dir='ltr'><strong>quaerendo</strong></span> <span class='ocrx_word' id='word_1_161' title='bbox 670 1897 912 1972; x_wconf 86' lang='lat' dir='ltr'><strong>exsequebatur,</strong></span> <span class='ocrx_word' id='word_1_162' title='bbox 933 1905 986 1957; x_wconf 93' lang='lat' dir='ltr'><strong>aut</strong></span> <span class='ocrx_word' id='word_1_163' title='bbox 1001 1904 1076 1973; x_wconf 92' lang='lat' dir='ltr'><strong>quot</strong></span> 
     </span>
     <span class='ocr_line' id='line_1_21' title="bbox 102 1981 1076 2058; baseline -0.002 -14"><span class='ocrx_word' id='word_1_164' title='bbox 102 1984 239 2058; x_wconf 90' lang='lat' dir='ltr'><strong>armatis,</strong></span> <span class='ocrx_word' id='word_1_165' title='bbox 261 1989 313 2043; x_wconf 89' lang='lat' dir='ltr'><strong>aut</strong></span> <span class='ocrx_word' id='word_1_166' title='bbox 332 1997 394 2057; x_wconf 93' lang='lat' dir='ltr'><strong>quo</strong></span> <span class='ocrx_word' id='word_1_167' title='bbox 410 1997 522 2056; x_wconf 89' lang='lat' dir='ltr'><strong>genere</strong></span> <span class='ocrx_word' id='word_1_168' title='bbox 537 1996 688 2041; x_wconf 87' lang='lat' dir='ltr'><strong>armornm</strong></span> <span class='ocrx_word' id='word_1_169' title='bbox 702 2012 744 2026; x_wconf 77' lang='lat'>—</span> <span class='ocrx_word' id='word_1_170' title='bbox 759 1981 920 2056; x_wconf 89' lang='lat' dir='ltr'><strong>plurimum</strong></span> <span class='ocrx_word' id='word_1_171' title='bbox 937 1982 1017 2043; x_wconf 89' lang='lat' dir='ltr'><strong>enim</strong></span> <span class='ocrx_word' id='word_1_172' title='bbox 1032 1983 1076 2043; x_wconf 93' lang='lat' dir='ltr'><strong>in-</strong></span> 
     </span>
     <span class='ocr_line' id='line_1_22' title="bbox 104 2064 1076 2142; baseline 0.002 -16"><span class='ocrx_word' id='word_1_173' title='bbox 104 2075 222 2127; x_wconf 84' lang='lat' dir='ltr'><strong>teresse</strong></span> <span class='ocrx_word' id='word_1_174' title='bbox 234 2097 278 2108; x_wconf 90' lang='lat'>-</span> <span class='ocrx_word' id='word_1_175' title='bbox 290 2081 418 2133; x_wconf 84' lang='lat' dir='ltr'><strong>usurus;</strong></span> <span class='ocrx_word' id='word_1_176' title='bbox 441 2080 502 2138; x_wconf 91' lang='lat' dir='ltr'><strong>quo</strong></span> <span class='ocrx_word' id='word_1_177' title='bbox 516 2064 747 2138; x_wconf 88' lang='lat' dir='ltr'><strong>impedimenta,</strong></span> <span class='ocrx_word' id='word_1_178' title='bbox 769 2081 830 2139; x_wconf 91' lang='lat' dir='ltr'><strong>quo</strong></span> <span class='ocrx_word' id='word_1_179' title='bbox 845 2066 998 2140; x_wconf 85' lang='lat' dir='ltr'><strong>sarcinas,</strong></span> <span class='ocrx_word' id='word_1_180' title='bbox 1014 2083 1076 2142; x_wconf 91' lang='lat' dir='ltr'><strong>quo</strong></span> 
     </span>
    </p>
   </div>
   <div class='ocr_carea' id='block_1_5' title="bbox 2 2146 1078 2223">
    <p class='ocr_par' dir='ltr' id='par_1_5' title="bbox 2 2146 1078 2223">
     <span class='ocr_line' id='line_1_23' title="bbox 2 2146 1078 2223; baseline -0.006 -9"><span class='ocrx_word' id='word_1_181' title='bbox 2 2209 3 2214; x_wconf 73' lang='grc'>,</span> <span class='ocrx_word' id='word_1_182' title='bbox 78 2185 80 2188; x_wconf 95' lang='grc'>-</span> <span class='ocrx_word' id='word_1_183' title='bbox 104 2149 219 2210; x_wconf 89' lang='lat' dir='ltr'><strong>turbam</strong></span> <span class='ocrx_word' id='word_1_184' title='bbox 235 2146 381 2206; x_wconf 89' lang='lat' dir='ltr'><strong>inermem</strong></span> <span class='ocrx_word' id='word_1_185' title='bbox 394 2147 537 2216; x_wconf 88' lang='lat' dir='ltr'><strong>reiceret;</strong></span> <span class='ocrx_word' id='word_1_186' title='bbox 560 2152 673 2220; x_wconf 89' lang='lat' dir='ltr'><strong>quanto</strong></span> <span class='ocrx_word' id='word_1_187' title='bbox 695 2162 733 2207; x_wconf 88' lang='lat' dir='ltr'><strong>ea</strong></span> <span class='ocrx_word' id='word_1_188' title='bbox 753 2154 807 2207; x_wconf 92' lang='lat' dir='ltr'><strong>aut</strong></span> <span class='ocrx_word' id='word_1_189' title='bbox 827 2148 908 2222; x_wconf 88' lang='lat' dir='ltr'><strong>quali</strong></span> <span class='ocrx_word' id='word_1_190' title='bbox 923 2149 1078 2223; x_wconf 88' lang='lat' dir='ltr'><strong>praesidio</strong></span> 
     </span>
    </p>
   </div>
   <div class='ocr_carea' id='block_1_6' title="bbox 103 2229 1076 2306">
    <p class='ocr_par' dir='ltr' id='par_1_6' title="bbox 103 2229 1076 2306">
     <span class='ocr_line' id='line_1_24' title="bbox 103 2229 1076 2306; baseline -0.002 -14"><span class='ocrx_word' id='word_1_191' title='bbox 103 2230 287 2300; x_wconf 67' lang='lat' dir='ltr'><strong>custodirem</strong></span> <span class='ocrx_word' id='word_1_192' title='bbox 309 2237 339 2289; x_wconf 91' lang='lat' dir='ltr'><strong>et</strong></span> <span class='ocrx_word' id='word_1_193' title='bbox 359 2236 458 2291; x_wconf 90' lang='lat' dir='ltr'><strong>utrum</strong></span> <span class='ocrx_word' id='word_1_194' title='bbox 480 2245 608 2305; x_wconf 80' lang='lat' dir='ltr'><strong>pergere</strong></span> <span class='ocrx_word' id='word_1_195' title='bbox 630 2246 692 2305; x_wconf 86' lang='lat' dir='ltr'><strong>qua</strong></span> <span class='ocrx_word' id='word_1_196' title='bbox 713 2229 869 2306; x_wconf 89' lang='lat' dir='ltr'><strong>coepisset</strong></span> <span class='ocrx_word' id='word_1_197' title='bbox 888 2229 933 2290; x_wconf 90' lang='lat' dir='ltr'><strong>ire</strong></span> <span class='ocrx_word' id='word_1_198' title='bbox 952 2231 1017 2305; x_wconf 87' lang='lat' dir='ltr'><strong>via,</strong></span> <span class='ocrx_word' id='word_1_199' title='bbox 1039 2248 1076 2291; x_wconf 86' lang='lat' dir='ltr'><strong>an</strong></span> 
     </span>
    </p>
   </div>
   <div class='ocr_carea' id='block_1_7' title="bbox 2 2313 1181 2559">
    <p class='ocr_par' dir='ltr' id='par_1_7' title="bbox 2 2313 1181 2559">
     <span class='ocr_line' id='line_1_25' title="bbox 2 2313 1077 2391; baseline -0.003 -13"><span class='ocrx_word' id='word_1_200' title='bbox 2 2357 3 2378; x_wconf 54' lang='lat' dir='ltr'><strong>l</strong></span> <span class='ocrx_word' id='word_1_201' title='bbox 102 2331 170 2376; x_wconf 90' lang='lat' dir='ltr'><strong>cam</strong></span> <span class='ocrx_word' id='word_1_202' title='bbox 185 2331 247 2391; x_wconf 88' lang='lat' dir='ltr'><strong>qua</strong></span> <span class='ocrx_word' id='word_1_203' title='bbox 259 2314 398 2375; x_wconf 90' lang='lat' dir='ltr'><strong>venisset</strong></span> <span class='ocrx_word' id='word_1_204' title='bbox 410 2322 549 2389; x_wconf 89' lang='lat' dir='ltr'><strong>repetere</strong></span> <span class='ocrx_word' id='word_1_205' title='bbox 569 2314 679 2375; x_wconf 88' lang='lat' dir='ltr'><strong>melius</strong></span> <span class='ocrx_word' id='word_1_206' title='bbox 700 2322 799 2385; x_wconf 80' lang='lat' dir='ltr'><strong>esset3</strong></span> <span class='ocrx_word' id='word_1_207' title='bbox 823 2313 930 2375; x_wconf 89' lang='lat' dir='ltr'><strong>castris</strong></span> <span class='ocrx_word' id='word_1_208' title='bbox 953 2330 1077 2391; x_wconf 88' lang='lat' dir='ltr'><strong>quoque</strong></span> 
     </span>
     <span class='ocr_line' id='line_1_26' title="bbox 102 2399 1181 2476; baseline 0 -17"><span class='ocrx_word' id='word_1_209' title='bbox 102 2415 194 2476; x_wconf 90' lang='lat' dir='ltr'><strong>quem</strong></span> <span class='ocrx_word' id='word_1_210' title='bbox 208 2401 308 2459; x_wconf 91' lang='lat' dir='ltr'><strong>locum</strong></span> <span class='ocrx_word' id='word_1_211' title='bbox 324 2404 460 2474; x_wconf 89' lang='lat' dir='ltr'><strong>caperet,</strong></span> <span class='ocrx_word' id='word_1_212' title='bbox 482 2406 626 2473; x_wconf 87' lang='lat' dir='ltr'><strong>quantum</strong></span> <span class='ocrx_word' id='word_1_213' title='bbox 640 2399 825 2460; x_wconf 90' lang='lat' dir='ltr'><strong>munimento</strong></span> <span class='ocrx_word' id='word_1_214' title='bbox 845 2399 1078 2473; x_wconf 86' lang='lat' dir='ltr'><strong>amplecteretur</strong></span> <span class='ocrx_word' id='word_1_215' title='bbox 1179 2401 1181 2404; x_wconf 82' lang='grc'><strong>’</strong></span> 
     </span>
     <span class='ocr_line' id='line_1_27' title="bbox 2 2482 1076 2559; baseline 0 -17"><span class='ocrx_word' id='word_1_216' title='bbox 2 2515 3 2520; x_wconf 43' lang='lat'>1</span> <span class='ocrx_word' id='word_1_217' title='bbox 102 2483 176 2558; x_wconf 90' lang='lat' dir='ltr'><strong>loci,</strong></span> <span class='ocrx_word' id='word_1_218' title='bbox 193 2499 255 2559; x_wconf 89' lang='lat' dir='ltr'><strong>qua</strong></span> <span class='ocrx_word' id='word_1_219' title='bbox 269 2491 441 2558; x_wconf 86' lang='lat' dir='ltr'><strong>opportuna</strong></span> <span class='ocrx_word' id='word_1_220' title='bbox 455 2482 592 2557; x_wconf 90' lang='lat' dir='ltr'><strong>aquatio,</strong></span> <span class='ocrx_word' id='word_1_221' title='bbox 608 2499 669 2557; x_wconf 89' lang='lat' dir='ltr'><strong>qua</strong></span> <span class='ocrx_word' id='word_1_222' title='bbox 683 2482 787 2557; x_wconf 91' lang='lat' dir='ltr'><strong>pabuli</strong></span> <span class='ocrx_word' id='word_1_223' title='bbox 801 2482 1014 2558; x_wconf 88' lang='lat' dir='ltr'><strong>lignorumque</strong></span> <span class='ocrx_word' id='word_1_224' title='bbox 1026 2498 1076 2543; x_wconf 91' lang='lat' dir='ltr'><strong>co·</strong></span> 
     </span>
    </p>
   </div>
   <div class='ocr_carea' id='block_1_8' title="bbox 101 2565 1077 2976">
    <p class='ocr_par' dir='ltr' id='par_1_8' title="bbox 101 2565 1077 2976">
     <span class='ocr_line' id='line_1_28' title="bbox 101 2565 1077 2643; baseline 0.001 -17"><span class='ocrx_word' id='word_1_225' title='bbox 101 2568 263 2643; x_wconf 68' lang='lat' dir='ltr'><strong>praesset,</strong></span> <span class='ocrx_word' id='word_1_226' title='bbox 287 2583 348 2642; x_wconf 89' lang='lat' dir='ltr'><strong>qua</strong></span> <span class='ocrx_word' id='word_1_227' title='bbox 363 2572 487 2642; x_wconf 91' lang='lat' dir='ltr'><strong>postero</strong></span> <span class='ocrx_word' id='word_1_228' title='bbox 503 2565 551 2625; x_wconf 89' lang='lat' dir='ltr'><strong>die</strong></span> <span class='ocrx_word' id='word_1_229' title='bbox 572 2574 674 2627; x_wconf 88' lang='lat' dir='ltr'><strong>castra</strong></span> <span class='ocrx_word' id='word_1_230' title='bbox 688 2565 821 2627; x_wconf 89' lang='lat' dir='ltr'><strong>moventi</strong></span> <span class='ocrx_word' id='word_1_231' title='bbox 836 2572 931 2627; x_wconf 92' lang='lat' dir='ltr'><strong>tutum</strong></span> <span class='ocrx_word' id='word_1_232' title='bbox 946 2566 1077 2627; x_wconf 89' lang='lat' dir='ltr'><strong>maxime</strong></span> 
     </span>
     <span class='ocr_line' id='line_1_29' title="bbox 101 2649 1076 2726; baseline 0.001 -16"><span class='ocrx_word' id='word_1_233' title='bbox 101 2651 172 2725; x_wconf 91' lang='lat' dir='ltr'><strong>iter,</strong></span> <span class='ocrx_word' id='word_1_234' title='bbox 195 2666 274 2726; x_wconf 87' lang='lat' dir='ltr'><strong>quae</strong></span> <span class='ocrx_word' id='word_1_235' title='bbox 295 2650 391 2710; x_wconf 84' lang='lat' dir='ltr'><strong>torma</strong></span> <span class='ocrx_word' id='word_1_236' title='bbox 406 2649 535 2724; x_wconf 88' lang='lat' dir='ltr'><strong>agminis</strong></span> <span class='ocrx_word' id='word_1_237' title='bbox 551 2656 644 2710; x_wconf 91' lang='lat' dir='ltr'><strong>esset.</strong></span> <span class='ocrx_word' id='word_1_238' title='bbox 672 2650 708 2709; x_wconf 90' lang='lat' dir='ltr'><strong>lis</strong></span> <span class='ocrx_word' id='word_1_239' title='bbox 724 2650 805 2710; x_wconf 87' lang='lat' dir='ltr'><strong>euris</strong></span> <span class='ocrx_word' id='word_1_240' title='bbox 828 2650 1076 2726; x_wconf 88' lang='lat' dir='ltr'><strong>cogitationibus-</strong></span> 
     </span>
     <span class='ocr_line' id='line_1_30' title="bbox 103 2733 1075 2809; baseline 0 -16"><span class='ocrx_word' id='word_1_241' title='bbox 103 2749 163 2809; x_wconf 89' lang='lat' dir='ltr'><strong>que</strong></span> <span class='ocrx_word' id='word_1_242' title='bbox 177 2734 219 2793; x_wconf 91' lang='lat' dir='ltr'><strong>ita</strong></span> <span class='ocrx_word' id='word_1_243' title='bbox 233 2734 272 2793; x_wconf 90' lang='lat' dir='ltr'><strong>ab</strong></span> <span class='ocrx_word' id='word_1_244' title='bbox 286 2733 409 2793; x_wconf 88' lang='lat' dir='ltr'><strong>ineunte</strong></span> <span class='ocrx_word' id='word_1_245' title='bbox 424 2738 523 2793; x_wconf 87' lang='lat' dir='ltr'><strong>aetate</strong></span> <span class='ocrx_word' id='word_1_246' title='bbox 544 2734 676 2793; x_wconf 89' lang='lat' dir='ltr'><strong>animum</strong></span> <span class='ocrx_word' id='word_1_247' title='bbox 698 2733 877 2807; x_wconf 82' lang='lat' dir='ltr'><strong>agitaverat,</strong></span> <span class='ocrx_word' id='word_1_248' title='bbox 899 2739 933 2793; x_wconf 92' lang='lat' dir='ltr'><strong>ut</strong></span> <span class='ocrx_word' id='word_1_249' title='bbox 953 2735 1034 2794; x_wconf 91' lang='lat' dir='ltr'><strong>nulla</strong></span> <span class='ocrx_word' id='word_1_250' title='bbox 1049 2734 1075 2793; x_wconf 89' lang='lat' dir='ltr'><strong>ei</strong></span> 
     </span>
     <span class='ocr_line' id='line_1_31' title="bbox 101 2814 1076 2892; baseline 0 -15"><span class='ocrx_word' id='word_1_251' title='bbox 101 2833 183 2877; x_wconf 91' lang='lat' dir='ltr'><strong>nova</strong></span> <span class='ocrx_word' id='word_1_252' title='bbox 202 2817 232 2875; x_wconf 92' lang='lat' dir='ltr'><strong>in</strong></span> <span class='ocrx_word' id='word_1_253' title='bbox 253 2817 304 2875; x_wconf 86' lang='lat' dir='ltr'><strong>tali</strong></span> <span class='ocrx_word' id='word_1_254' title='bbox 323 2831 357 2875; x_wconf 94' lang='lat' dir='ltr'><strong>re</strong></span> <span class='ocrx_word' id='word_1_255' title='bbox 379 2816 520 2891; x_wconf 89' lang='lat' dir='ltr'><strong>cogitatio</strong></span> <span class='ocrx_word' id='word_1_256' title='bbox 541 2823 633 2876; x_wconf 89' lang='lat' dir='ltr'><strong>esset.</strong></span> <span class='ocrx_word' id='word_1_257' title='bbox 665 2822 695 2875; x_wconf 91' lang='lat' dir='ltr'><strong>et</strong></span> <span class='ocrx_word' id='word_1_258' title='bbox 715 2823 777 2875; x_wconf 90' lang='lat' dir='ltr'><strong>tum</strong></span> <span class='ocrx_word' id='word_1_259' title='bbox 798 2814 933 2877; x_wconf 88' lang='lat' dir='ltr'><strong>omnium</strong></span> <span class='ocrx_word' id='word_1_260' title='bbox 948 2817 1076 2892; x_wconf 91' lang='lat' dir='ltr'><strong>primum</strong></span> 
     </span>
     <span class='ocr_line' id='line_1_32' title="bbox 101 2898 1075 2976; baseline -0.001 -15"><span class='ocrx_word' id='word_1_261' title='bbox 101 2916 210 2976; x_wconf 87' lang='lat' dir='ltr'><strong>agmen</strong></span> <span class='ocrx_word' id='word_1_262' title='bbox 233 2900 402 2971; x_wconf 77' lang='lat' dir='ltr'><strong>constituit3</strong></span> <span class='ocrx_word' id='word_1_263' title='bbox 425 2898 494 2958; x_wconf 90' lang='lat' dir='ltr'><strong>dein</strong></span> <span class='ocrx_word' id='word_1_264' title='bbox 517 2899 669 2959; x_wconf 85' lang='lat' dir='ltr'><strong>cretensis</strong></span> <span class='ocrx_word' id='word_1_265' title='bbox 691 2899 855 2959; x_wconf 90' lang='lat' dir='ltr'><strong>auxiliares</strong></span> <span class='ocrx_word' id='word_1_266' title='bbox 877 2906 907 2960; x_wconf 92' lang='lat' dir='ltr'><strong>et</strong></span> <span class='ocrx_word' id='word_1_267' title='bbox 927 2917 1006 2975; x_wconf 87' lang='lat' dir='ltr'><strong>quos</strong></span> <span class='ocrx_word' id='word_1_268' title='bbox 1020 2901 1075 2960; x_wconf 85' lang='lat' dir='ltr'><strong>Ta-</strong></span> 
     </span>
    </p>
   </div>
   <div class='ocr_carea' id='block_1_9' title="bbox 101 2982 1168 3059">
    <p class='ocr_par' dir='ltr' id='par_1_9' title="bbox 101 2982 1168 3059">
     <span class='ocr_line' id='line_1_33' title="bbox 101 2982 1168 3059; baseline -0.001 -14"><span class='ocrx_word' id='word_1_269' title='bbox 101 2984 237 3045; x_wconf 88' lang='lat' dir='ltr'><strong>rentinos</strong></span> <span class='ocrx_word' id='word_1_270' title='bbox 254 2983 404 3044; x_wconf 89' lang='lat' dir='ltr'><strong>vocabant</strong></span> <span class='ocrx_word' id='word_1_271' title='bbox 418 2982 552 3056; x_wconf 90' lang='lat' dir='ltr'><strong>equites,</strong></span> <span class='ocrx_word' id='word_1_272' title='bbox 574 2982 665 3042; x_wconf 88' lang='lat' dir='ltr'><strong>binos</strong></span> <span class='ocrx_word' id='word_1_273' title='bbox 686 2998 791 3042; x_wconf 87' lang='lat' dir='ltr'><strong>secum</strong></span> <span class='ocrx_word' id='word_1_274' title='bbox 805 2982 951 3043; x_wconf 89' lang='lat' dir='ltr'><strong>trahentis</strong></span> <span class='ocrx_word' id='word_1_275' title='bbox 967 2991 1077 3059; x_wconf 88' lang='lat' dir='ltr'><strong>equos,</strong></span> <span class='ocrx_word' id='word_1_276' title='bbox 1166 2993 1168 2998; x_wconf 75' lang='grc'>’</span> 
     </span>
    </p>
   </div>
   <div class='ocr_carea' id='block_1_10' title="bbox 101 3064 1095 3393">
    <p class='ocr_par' dir='ltr' id='par_1_10' title="bbox 101 3064 1095 3393">
     <span class='ocr_line' id='line_1_34' title="bbox 101 3064 1095 3143; baseline 0.001 -18"><span class='ocrx_word' id='word_1_277' title='bbox 101 3069 140 3126; x_wconf 89' lang='lat' dir='ltr'><strong>ad</strong></span> <span class='ocrx_word' id='word_1_278' title='bbox 155 3069 252 3143; x_wconf 88' lang='lat' dir='ltr'><strong>prima</strong></span> <span class='ocrx_word' id='word_1_279' title='bbox 267 3067 354 3143; x_wconf 92' lang='lat' dir='ltr'><strong>signa</strong></span> <span class='ocrx_word' id='word_1_280' title='bbox 368 3064 465 3136; x_wconf 72' lang='lat' dir='ltr'><strong>misit,</strong></span> <span class='ocrx_word' id='word_1_281' title='bbox 488 3072 519 3126; x_wconf 90' lang='lat' dir='ltr'><strong>et</strong></span> <span class='ocrx_word' id='word_1_282' title='bbox 537 3066 631 3127; x_wconf 92' lang='lat' dir='ltr'><strong>iussis</strong></span> <span class='ocrx_word' id='word_1_283' title='bbox 651 3065 805 3140; x_wconf 91' lang='lat' dir='ltr'><strong>equitibus</strong></span> <span class='ocrx_word' id='word_1_284' title='bbox 821 3065 969 3141; x_wconf 86' lang='lat' dir='ltr'><strong>subsequi</strong></span> <span class='ocrx_word' id='word_1_285' title='bbox 985 3083 1095 3143; x_wconf 83' lang='lat' dir='ltr'><strong>super</strong></span> 
     </span>
     <span class='ocr_line' id='line_1_35' title="bbox 104 3151 1077 3226; baseline 0 -15"><span class='ocrx_word' id='word_1_286' title='bbox 104 3159 280 3226; x_wconf 87' lang='lat' dir='ltr'><strong>torrentem,</strong></span> <span class='ocrx_word' id='word_1_287' title='bbox 306 3151 389 3211; x_wconf 89' lang='lat' dir='ltr'><strong>unde</strong></span> <span class='ocrx_word' id='word_1_288' title='bbox 409 3151 515 3225; x_wconf 89' lang='lat' dir='ltr'><strong>aquari</strong></span> <span class='ocrx_word' id='word_1_289' title='bbox 535 3156 679 3224; x_wconf 90' lang='lat' dir='ltr'><strong>possent,</strong></span> <span class='ocrx_word' id='word_1_290' title='bbox 704 3166 811 3225; x_wconf 88' lang='lat' dir='ltr'><strong>rupem</strong></span> <span class='ocrx_word' id='word_1_291' title='bbox 833 3151 1005 3225; x_wconf 87' lang='lat' dir='ltr'><strong>occupavit.</strong></span> <span class='ocrx_word' id='word_1_292' title='bbox 1039 3167 1077 3212; x_wconf 90' lang='lat' dir='ltr'><strong>eo</strong></span> 
     </span>
     <span class='ocr_line' id='line_1_36' title="bbox 103 3233 1077 3308; baseline 0.003 -17"><span class='ocrx_word' id='word_1_293' title='bbox 103 3233 317 3308; x_wconf 86' lang='lat' dir='ltr'><strong>impedimenta</strong></span> <span class='ocrx_word' id='word_1_294' title='bbox 331 3234 432 3295; x_wconf 88' lang='lat' dir='ltr'><strong>omnia</strong></span> <span class='ocrx_word' id='word_1_295' title='bbox 447 3240 476 3294; x_wconf 93' lang='lat' dir='ltr'><strong>et</strong></span> <span class='ocrx_word' id='word_1_296' title='bbox 491 3234 632 3294; x_wconf 91' lang='lat' dir='ltr'><strong>calonum</strong></span> <span class='ocrx_word' id='word_1_297' title='bbox 646 3233 764 3294; x_wconf 89' lang='lat' dir='ltr'><strong>turbam</strong></span> <span class='ocrx_word' id='word_1_298' title='bbox 781 3235 939 3295; x_wconf 88' lang='lat' dir='ltr'><strong>collectam</strong></span> <span class='ocrx_word' id='word_1_299' title='bbox 954 3235 1077 3295; x_wconf 89' lang='lat' dir='ltr'><strong>armatis</strong></span> 
     </span>
     <span class='ocr_line' id='line_1_37' title="bbox 104 3315 1076 3393; baseline 0.001 -19"><span class='ocrx_word' id='word_1_300' title='bbox 104 3315 316 3392; x_wconf 86' lang='lat' dir='ltr'><strong>circumdedit,</strong></span> <span class='ocrx_word' id='word_1_301' title='bbox 333 3323 363 3377; x_wconf 90' lang='lat' dir='ltr'><strong>ct</strong></span> <span class='ocrx_word' id='word_1_302' title='bbox 377 3334 434 3393; x_wconf 92' lang='lat' dir='ltr'><strong>pro</strong></span> <span class='ocrx_word' id='word_1_303' title='bbox 450 3322 558 3376; x_wconf 88' lang='lat' dir='ltr'><strong>natura</strong></span> <span class='ocrx_word' id='word_1_304' title='bbox 569 3316 628 3378; x_wconf 92' lang='lat' dir='ltr'><strong>loci</strong></span> <span class='ocrx_word' id='word_1_305' title='bbox 640 3324 742 3378; x_wconf 90' lang='lat' dir='ltr'><strong>castra</strong></span> <span class='ocrx_word' id='word_1_306' title='bbox 753 3318 956 3379; x_wconf 90' lang='lat' dir='ltr'><strong>communivit.</strong></span> <span class='ocrx_word' id='word_1_307' title='bbox 978 3319 1076 3378; x_wconf 87' lang='lat' dir='ltr'><strong>taber-</strong></span> 
     </span>
    </p>
   </div>
   <div class='ocr_carea' id='block_1_11' title="bbox 2 3398 1077 3475">
    <p class='ocr_par' dir='ltr' id='par_1_11' title="bbox 2 3398 1077 3475">
     <span class='ocr_line' id='line_1_38' title="bbox 2 3398 1077 3475; baseline -0.002 -16"><span class='ocrx_word' id='word_1_308' title='bbox 2 3439 3 3470; x_wconf 38' lang='lat'><strong>,</strong></span> <span class='ocrx_word' id='word_1_309' title='bbox 104 3400 213 3459; x_wconf 89' lang='lat' dir='ltr'><strong>nacula</strong></span> <span class='ocrx_word' id='word_1_310' title='bbox 233 3407 366 3461; x_wconf 89' lang='lat' dir='ltr'><strong>statuere</strong></span> <span class='ocrx_word' id='word_1_311' title='bbox 385 3398 415 3459; x_wconf 92' lang='lat' dir='ltr'><strong>in</strong></span> <span class='ocrx_word' id='word_1_312' title='bbox 438 3400 570 3474; x_wconf 89' lang='lat' dir='ltr'><strong>aspretis</strong></span> <span class='ocrx_word' id='word_1_313' title='bbox 595 3405 626 3459; x_wconf 88' lang='lat' dir='ltr'><strong>et</strong></span> <span class='ocrx_word' id='word_1_314' title='bbox 649 3400 833 3475; x_wconf 88' lang='lat' dir='ltr'><strong>inaequabili</strong></span> <span class='ocrx_word' id='word_1_315' title='bbox 859 3402 927 3462; x_wconf 93' lang='lat' dir='ltr'><strong>solo</strong></span> <span class='ocrx_word' id='word_1_316' title='bbox 954 3400 1077 3460; x_wconf 89' lang='lat' dir='ltr'><strong>dilticile</strong></span> 
     </span>
    </p>
   </div>
   <div class='ocr_carea' id='block_1_12' title="bbox 67 3480 1077 3559">
    <p class='ocr_par' dir='ltr' id='par_1_12' title="bbox 67 3480 1077 3559">
     <span class='ocr_line' id='line_1_39' title="bbox 67 3480 1077 3559; baseline -0.001 -17"><span class='ocrx_word' id='word_1_317' title='bbox 67 3527 70 3530; x_wconf 86' lang='lat'>-</span> <span class='ocrx_word' id='word_1_318' title='bbox 105 3487 176 3542; x_wconf 83' lang='lat' dir='ltr'><strong>erat.</strong></span> <span class='ocrx_word' id='word_1_319' title='bbox 202 3482 307 3544; x_wconf 88' lang='lat' dir='ltr'><strong>hostes</strong></span> <span class='ocrx_word' id='word_1_320' title='bbox 330 3484 512 3559; x_wconf 89' lang='lat' dir='ltr'><strong>quingentos</strong></span> <span class='ocrx_word' id='word_1_321' title='bbox 536 3499 648 3558; x_wconf 87' lang='lat' dir='ltr'><strong>passus</strong></span> <span class='ocrx_word' id='word_1_322' title='bbox 669 3482 805 3544; x_wconf 87' lang='lat' dir='ltr'><strong>aberant.</strong></span> <span class='ocrx_word' id='word_1_323' title='bbox 833 3499 872 3542; x_wconf 89' lang='lat' dir='ltr'><strong>ex</strong></span> <span class='ocrx_word' id='word_1_324' title='bbox 887 3483 997 3544; x_wconf 90' lang='lat' dir='ltr'><strong>eodem</strong></span> <span class='ocrx_word' id='word_1_325' title='bbox 1010 3480 1077 3541; x_wconf 88' lang='lat' dir='ltr'><strong>rivo</strong></span> 
     </span>
    </p>
   </div>
   <div class='ocr_carea' id='block_1_13' title="bbox 0 0 1304 4000">
    <p class='ocr_par' dir='ltr' id='par_1_13' title="bbox 0 0 1304 4000">
     <span class='ocr_line' id='line_1_40' title="bbox 0 0 1304 4000; baseline 0 0"><span class='ocrx_word' id='word_1_326' title='bbox 0 0 1304 4000; x_wconf 95' lang='lat' dir='ltr'><strong> </strong></span> 
     </span>
    </p>
   </div>
  </div>
 </body>
</html>
