2600 4000
248 211 537 300 elsuaxxxvttt.
560 238 642 298 cAP.
657 247 755 301 roeo.
779 246 935 315 [neum]
1023 238 1087 320 aas
1142 285 1147 294 .

104 406 185 453 nunc
207 387 237 450 in
259 405 354 467 opera
373 388 507 451 hostium
528 405 609 450 nunc
623 388 656 450 in
670 388 830 451 stationes.
859 398 890 451 et
903 394 1086 471 plerumque

105 476 153 537 his
166 472 293 551 proeliis
314 471 493 548 superiores
507 480 603 534 erant.
626 489 687 534 una
697 475 740 534 ad
755 474 947 535 coercendos
961 474 1086 541 inventa

103 555 188 621 baud
201 573 311 633 magna
323 564 494 619 memoratu
506 573 558 618 res
574 564 631 619 est
653 564 778 618 centum
790 555 961 619 funditores
973 559 1011 620 ab
1022 563 1085 622 Ae·

104 641 155 720 gio
167 641 299 708 etPatris
309 648 341 702 et
346 639 455 720 Dymis
462 638 561 702 acciti.
575 641 706 718 apueris
717 640 738 701 ii
749 657 835 704 more
843 642 978 718 quodam
985 644 1086 718 gentis

105 726 191 788 saxis
202 723 349 802 globosis,
366 725 479 801 quibus
493 725 588 785 lerme
602 726 716 786 arenae
732 724 1086 789 immixtisstratalitora
1124 777 1128 784 .

106 816 185 884 sunt,
202 809 298 871 tunm
311 824 395 869 mare
408 813 547 885 apertum
560 807 752 871 incessentes
767 810 999 872 exercebantur.
1029 810 1084 872 ita·

106 908 167 971 que
190 891 314 970 longius
338 891 515 969 certiusque
539 899 570 955 et
588 890 739 954 validiore
759 891 821 955 ictu
842 910 934 970 quam
954 893 1084 957 Baliaris

104 977 239 1039 lunditm
253 992 291 1037 eo
305 977 367 1038 telo
381 975 431 1037 usi
445 982 525 1038 suut
546 983 577 1037 et
590 984 639 1039 est
651 993 715 1038 non
727 975 876 1053 simplicis
886 977 1034 1054 habenae,
1044 989 1083 1042 ¹ut

103 1060 254 1129 Baliarica
268 1058 458 1136 aliarumque
479 1060 614 1137 gentium
628 1061 738 1135 lunda,
760 1063 817 1122 sed
833 1059 944 1136 triplex
957 1065 1082 1137 scutale,

104 1145 221 1209 crebris
233 1141 347 1205 suturis
357 1143 508 1221 duratum,
519 1159 558 1205 ne
569 1143 655 1206 fluxa
665 1143 785 1205 habena
794 1145 948 1206 volutetur
957 1144 989 1206 iu
1001 1145 1082 1209 iactu
1099 1213 1101 1218 ,

103 1232 201 1305 glans,
224 1227 281 1289 sed
294 1226 402 1290 librata
423 1243 492 1288 cum
511 1227 640 1299 sederit,
662 1228 746 1290 velut
768 1244 864 1290 nervo
878 1228 974 1290 missa
988 1246 1081 1293 excu-

105 1313 206 1375 tiatur.
238 1326 370 1373 coronas
390 1310 504 1374 modici
523 1310 630 1373 circuh
650 1327 761 1388 magno
781 1328 822 1374 ex
841 1312 1000 1376 intervallo
1021 1317 1082 1377 loci

104 1393 226 1457 adsueti
246 1393 390 1470 bucera,
411 1412 472 1458 non
493 1394 594 1472 capita
610 1396 711 1460 solum
725 1394 858 1459 hostium
872 1399 1082 1472 vulnerabant,

105 1480 163 1541 sed
177 1494 268 1555 quem
287 1480 388 1540 locum
408 1479 614 1547 destinassent
627 1477 700 1542 oris.
734 1496 790 1543 eae
805 1482 919 1543 fundae
933 1481 1082 1546 Samaeos
1146 1528 1150 1535 .

33 1577 37 1582 ·
107 1562 318 1638 cohibuerunt,
332 1578 372 1623 ne
385 1570 447 1626 tam
461 1564 569 1626 crebro
579 1580 638 1626 nec
648 1571 710 1626 tam
721 1566 867 1627 audacter
876 1564 1081 1644 erumperent

105 1648 185 1708 adeo
199 1654 233 1709 ut
246 1655 444 1723 precarentur
456 1664 496 1709 ex
510 1647 605 1710 muris
615 1649 769 1724 Achaeos,
784 1656 818 1709 ut
831 1664 999 1724 parumper
1012 1648 1081 1709 abs-

105 1731 250 1792 cederent
262 1738 294 1792 et
306 1746 342 1792 se
356 1746 425 1794 cum
435 1731 582 1794 Romanis
598 1732 781 1794 stationibus
803 1730 969 1806 pugnantis
979 1730 1082 1806 quiete

105 1820 288 1890 spectarent
325 1824 468 1891 quattuor
481 1831 605 1879 menses
619 1814 812 1875 obsidionem
825 1811 917 1873 Same
931 1812 1082 1876 sustinuit.

105 1914 173 1960 cum
187 1915 227 1960 ex
246 1898 355 1976 paucis
370 1899 507 1975 quotidie
521 1897 617 1972 aliqui
631 1912 737 1958 eorum
753 1896 900 1958 caderent
912 1904 966 1959 aut
979 1898 1082 1958 vulne

103 1990 251 2059 retentor,
270 1980 369 2055 etqui
383 1986 580 2056 supererant,
596 1978 672 2040 lessi
687 1986 717 2042 et
731 1979 914 2055 corporibus
929 1989 960 2044 et
973 1982 1084 2043 animis

104 2071 225 2137 essent,
245 2062 375 2125 Romani
395 2069 486 2124 nocte
506 2079 564 2139 per
577 2076 679 2124 arcem
694 2080 787 2140 quam
800 2064 959 2143 Cyatidem
972 2075 1084 2127 vocant

104 2179 147 2192 -
156 2162 227 2207 nam
240 2145 315 2206 urbs
329 2145 360 2206 in
374 2161 459 2207 mare
469 2147 590 2207 devexa
599 2144 631 2206 iu
642 2147 834 2209 occidentem
843 2149 1084 2224 vergit—muro
1102 2214 1104 2217 ,

105 2236 250 2306 superato
276 2229 306 2290 in
327 2230 426 2291 lorum
451 2236 665 2306 pervenerunt
701 2229 823 2293 Samaei
846 2239 1012 2308 postquam
1034 2248 1083 2292 ca·
1171 2282 1191 2303 „

105 2323 189 2392 ptam
203 2319 319 2390 partem
334 2313 419 2375 urbis
430 2315 469 2375 ab
480 2313 621 2376 hostibus
633 2322 806 2391 senserunt,
822 2330 891 2376 cum
902 2315 1086 2392 coniugibus

10 2404 14 2409 ⁴
104 2415 142 2461 ac
156 2397 261 2460 liberis
274 2397 305 2458 in
320 2398 465 2459 maiorem
479 2400 660 2474 refugerunt
672 2414 784 2461 arcem
805 2400 878 2462 inde
891 2406 1018 2476 postero
1034 2400 1086 2460 die
1151 2399 1158 2420 ¹

104 2479 199 2543 dediti
213 2481 333 2558 direpta
346 2482 423 2543 urhe
437 2483 496 2545 sub
511 2499 626 2545 corona
640 2499 748 2545 omnes
763 2482 931 2545 venierunt.

186 2566 277 2627 XXX.
298 2566 412 2629 Consul
426 2568 606 2644 compositis
620 2569 714 2629 rebus
729 2564 1084 2644 Cephalleniae‚·pr'aesi-

105 2650 155 2711 dio
169 2648 280 2710 Samae
292 2650 446 2726 imposito,
461 2652 491 2711 in
505 2651 753 2727 Peloponnesum
765 2651 826 2713 iam
839 2651 893 2720 diu
903 2651 1085 2714 arcessenti·

106 2734 163 2793 bus
177 2732 384 2808 Aegiensibus
403 2735 535 2795 maxime
554 2750 593 2796 ac
605 2735 856 2797 Lacedaemoniis
877 2734 1004 2796 traiecit
1025 2737 1081 2795 Ae·

104 2812 186 2893 giuru
200 2831 220 2875 a
233 2814 384 2892 principio
396 2816 522 2878 Achaici
537 2817 660 2879 concilii
672 2833 795 2894 semper
806 2825 975 2879 conventus
985 2818 1091 2901 gentis·

103 2898 210 2960 indicti
229 2906 315 2975 sunt,
335 2915 394 2961 seu
415 2899 552 2975 dignitati
570 2901 657 2962 urbis
676 2900 709 2961 id
722 2917 780 2962 seu
793 2900 853 2962 loci
868 2901 1086 2977 opportunitati

104 2983 208 3045 datum
232 2990 288 3044 est
321 2982 403 3044 hunc
422 2999 539 3045 morem
559 2983 777 3060 Philopoemen
796 2999 835 3045 eo
856 2983 985 3060 primum
1005 3001 1086 3046 anno

104 3067 289 3128 labetactare
309 3075 453 3141 conaus,
476 3068 575 3144 legem
596 3068 724 3145 parabat
737 3069 830 3142 lerre,
853 3066 931 3129 utin
945 3069 1086 3130 omnibus

105 3149 286 3222 civitatibus,
303 3167 382 3227 quae
391 3151 519 3214 Achaici
534 3151 655 3214 concilii
669 3159 783 3226 essent,
798 3152 829 3212 in
844 3152 942 3213 vicem
953 3168 1086 3215 conven-

106 3242 154 3296 tus
174 3240 345 3312 egerentur.
374 3241 405 3298 et
425 3236 483 3298 sub
500 3237 666 3305 adventum
679 3236 816 3299 considis
831 3235 998 3312 damiurgis
1013 3233 1085 3297 civi-

106 3318 228 3393 tatiums
236 3319 290 3396 qui
304 3335 442 3382 summus
456 3327 504 3382 est
517 3320 722 3397 magistratus,
736 3320 866 3396 Aegium
877 3317 1097 3398 evocantibus,¹

107 3399 323 3477 Philopoemen
343 3428 387 3452 -·
405 3412 528 3480 praetor
548 3410 610 3465 tum
631 3410 697 3465 erat
717 3438 752 3450 -
777 3406 881 3481 Argos
903 3407 1087 3477 conventum

106 3481 210 3547 edixit
226 3501 287 3562 quo
300 3502 370 3549 cum
380 3494 544 3565 appareret
554 3502 662 3549 omnes
673 3487 738 3548 lere
749 3494 965 3559 conventuros,
978 3484 1086 3544 constal
