2600 4000
250 194 483 256 otnnnxxru.
507 197 590 258 cnr.
606 206 649 260 ra
666 208 707 264 n·
724 206 766 260 n.
794 178 951 275 [sclao]
1054 200 1095 266 15

118 345 148 410 lii
160 364 200 408 ex
214 345 390 423 propinquo
407 344 542 408 ostendit
562 364 664 424 neque
685 357 766 410 terra
784 367 887 426 neque
909 352 983 415 mari
1008 352 1091 415 adiu·

119 429 271 494 tissociis.

194 514 288 575 XVII.
310 514 455 593 Abydeni
474 515 574 593 primo
590 517 750 578 tormentis
764 534 822 594 per
836 535 940 580 muros
962 518 1094 595 disposi-

117 600 153 662 tis
167 616 229 660 non
243 607 325 661 terra
342 599 435 660 modo
451 599 593 662 adeuntis
607 600 692 663 aditu
710 603 870 677 arcebant,
898 602 955 663 sed
974 603 1097 666 navium

117 699 240 760 quoque
255 682 416 744 stationem
429 683 572 746 infestam
585 684 668 746 hosti
682 686 845 748 faciebant.
880 693 1006 762 postea,
1029 703 1097 749 curu

117 777 145 830 et
158 766 236 829 muri
249 783 323 843 pars
339 775 434 829 strata
446 768 543 831 ruinis
558 776 589 830 et
608 770 649 829 ad
670 768 845 831 interiorem
864 768 978 845 raptim
999 786 1096 846 oppo-

117 853 206 914 situm
220 867 339 912 murum
353 852 503 914 cuniculis
524 852 586 913 iarn
599 862 781 929 perventum
798 861 897 927 esset,
922 854 1042 929 legatos
1057 856 1097 915 ad

116 952 218 1013 regem
233 937 272 996 de
294 936 528 998 condicionibus
550 937 719 998 tradendae
739 937 823 999 urbis
843 937 1001 999 miserunt.
1042 956 1096 1015 pa·

117 1021 308 1083 discebantur
322 1028 438 1099 autem,
460 1029 494 1082 ut
513 1019 666 1082 Rhodiam
682 1021 904 1096 quadriremem
918 1037 988 1083 cum
1002 1021 1097 1084 sociis

117 1103 278 1166 navalibus
293 1104 450 1181 Attalique
464 1102 652 1181 praesidium
668 1105 761 1167 emitti
775 1105 896 1181 liceret,
911 1114 1005 1182 atque
1018 1105 1096 1183 ipsis

115 1191 189 1252 urbe
214 1189 366 1249 excedere
391 1205 461 1250 cum
487 1187 615 1263 singulis
641 1188 837 1251 vestimentis,
886 1188 998 1266 quibus
1027 1207 1095 1251 cum

114 1273 273 1349 Philippus
289 1272 363 1333 nihil
378 1272 480 1349 pacati
500 1272 559 1333 nisi
580 1272 682 1334 omnia
701 1273 945 1350 permittentibus
966 1291 1096 1351 respon-

116 1357 227 1430 disset,
254 1357 334 1417 adeo
354 1355 527 1418 renuntiata
547 1358 624 1418 haec
644 1357 756 1434 legatio
779 1359 817 1419 ab
831 1357 1041 1433 indignatione
1056 1357 1096 1419 si·

116 1443 177 1503 mul
191 1457 229 1501 ac
243 1440 461 1516 desperatione
476 1440 551 1502 iram
567 1443 716 1516 accendit
732 1451 766 1503 ut
780 1444 820 1503 ad
838 1441 1037 1518 Saguntinam
1050 1458 1097 1502 ra·

116 1525 197 1587 biem
214 1525 297 1587 versi
310 1534 466 1588 matronas
482 1525 581 1587 omnis
595 1525 755 1602 intemplo
770 1524 900 1599 Dianae,
922 1543 1038 1601 pueros
1053 1525 1097 1585 in-

115 1625 234 1687 genuos
253 1608 467 1686 virginesque,
495 1609 629 1672 infantes
651 1608 743 1671 etiam
764 1627 834 1672 cum
849 1608 914 1671 suis
928 1608 1097 1671 nutricibus

115 1695 145 1756 in
161 1693 354 1772 gymnasium
368 1693 483 1756 includi
497 1693 646 1768 iuberent,
667 1711 776 1755 amum
790 1702 821 1755 et
834 1701 994 1770 argentum
1007 1693 1039 1752 in
1054 1694 1094 1753 io·

115 1781 183 1840 rum
198 1778 326 1854 deferri,
341 1788 458 1841 vestem
472 1778 642 1855 prehosam
656 1777 688 1839 in
703 1777 792 1839 navis
807 1776 959 1839 Rhodiam
974 1774 1099 1856 Cyzice-

116 1879 263 1938 namque,
280 1862 404 1938 quaein
418 1872 512 1940 portu
525 1872 627 1938 erant,
642 1861 737 1937 coici,
753 1863 932 1925 sacerdotes
946 1859 1098 1924 victimas

117 1964 179 2025 que
194 1946 317 2021 adduci,
334 1956 363 2010 et
377 1947 484 2010 altaria
497 1947 529 2009 in
543 1945 645 2009 medio
661 1946 746 2024 poni.
776 1946 818 2010 ibi
833 1946 944 2010 delecti
958 1945 1098 2024 primum,

115 2031 185 2109 qui,
207 2032 261 2093 ubi
276 2048 400 2093 caesam
415 2031 513 2093 aciem
527 2049 654 2093 suorum
669 2048 726 2106 pro
742 2032 842 2093 diruto
859 2048 945 2093 muro
961 2047 1099 2108 pugnan-

114 2126 177 2179 tem
191 2115 352 2188 vidissent,
367 2117 522 2188 extemplo
538 2114 687 2188 coniuges
699 2114 876 2189 liberosque
886 2114 1100 2187 interficerent,

111 2216 226 2262 aurum
241 2205 401 2272 argentum
414 2205 610 2272 vestemque,
636 2212 717 2271 quae
737 2196 769 2256 in
788 2196 920 2256 navibus
941 2203 1041 2269 esset,
1069 2195 1101 2254 in

111 2297 203 2345 mare
218 2280 384 2356 deicerent,
398 2280 487 2342 tectis
502 2278 634 2356 publicis
649 2278 843 2356 privatisque
859 2277 1102 2354 quamplurimis

112 2365 196 2430 locis
211 2374 344 2441 possent
358 2364 447 2441 ignes
462 2363 645 2427 subicerent,
696 2364 729 2424 id
749 2380 785 2425 se
806 2361 925 2424 lacinus
947 2369 1102 2438 perpetra·

116 2462 204 2514 turos
220 2449 441 2526 praeeuntibus
463 2448 656 2511 exsecrabile
678 2465 801 2510 carmen
823 2445 1036 2509 sacerdotibus
1057 2446 1101 2507 iu-

114 2534 282 2597 reiurando
297 2534 407 2596 adacti.
439 2543 503 2596 tum
518 2532 657 2595 militaris
672 2542 758 2594 aetas
773 2532 874 2594 iurare
889 2530 1042 2593 neminem
1058 2530 1101 2592 vi·

116 2637 190 2681 vum
211 2618 272 2680 nisi
285 2619 434 2683 victorem
454 2617 521 2680 acie
537 2635 749 2680 excessurum.
795 2616 828 2677 hi
848 2633 1001 2679 memores
1029 2615 1101 2677 deo·

115 2721 187 2765 turn
200 2704 279 2764 adeo
294 2702 492 2780 pertinaciter
506 2711 730 2779 pugnaverunt,
745 2710 779 2763 ut
790 2718 859 2763 cunr
874 2699 1025 2776 proelium
1039 2715 1099 2760 nox

115 2786 305 2863 diremptura
320 2796 419 2862 esset,
440 2804 497 2848 rex
510 2786 610 2863 prior,
624 2785 748 2848 territus
762 2784 847 2847 rabie
862 2800 983 2855 eorum,
999 2800 1103 2860 pugna

115 2871 280 2934 abstiterit.
310 2871 478 2949 principes,
494 2871 607 2947 quibus
622 2870 756 2933 atrocior
770 2887 843 2946 pars
859 2867 1005 2930 facinoris
1020 2868 1103 2928 dele

114 2964 190 3032 gata
204 2963 277 3030 erat,
295 2973 364 3017 cum
378 2971 499 3032 paucos
515 2964 545 3016 ct
560 2956 720 3016 confectos
734 2954 914 3015 vulneribus
928 2969 966 3014 ac
981 2949 1103 3013 lassitu-

116 3039 193 3101 dine
209 3057 376 3115 superesse
391 3038 510 3116 prcelio
527 3047 703 3113 cernerent,
725 3041 794 3099 luce
809 3036 908 3113 prima
923 3036 1103 3097 sacerdotes

116 3140 192 3186 cunr
205 3122 310 3185 infulis
325 3126 366 3185 ad
379 3125 486 3186 urbem
501 3125 675 3185 dedendam
688 3121 829 3197 Philippo
844 3120 974 3183 mittunt

198 3208 309 3270 XVllI.
330 3212 410 3270 Ante
432 3206 619 3269 deditionem
642 3224 684 3268 ex
707 3205 745 3267 iis
766 3206 874 3281 legatis
897 3202 950 3279 qui
971 3203 1103 3264 Alexan·

116 3295 227 3356 dream
241 3292 328 3355 missi
343 3300 444 3365 erant,
465 3293 506 3351 Μ.
521 3290 671 3354 Aemilius
686 3289 776 3351 trium
791 3304 948 3352 consensu
961 3284 1104 3347 minimus

116 3386 195 3440 natu
208 3376 313 3439 audita
334 3375 497 3440 obsidione
516 3376 740 3455 Abydenorum
759 3375 800 3434 ad
819 3370 992 3447 Philippum
1011 3365 1102 3429 venit

116 3462 176 3539 qui
191 3471 321 3539 questus
335 3462 438 3522 Attalo
452 3459 645 3535 Rhodiisque
660 3474 745 3519 arma
758 3458 855 3530 illata,
883 3463 914 3516 et
939 3452 1023 3528 quod
1042 3457 1104 3509 tutu
