2600 4000
262 282 384 376 aaran
392 281 553 341 xxxvia.
577 280 661 340 cnr.
675 281 740 342 ιι.
761 287 917 353 [tarrac]
1017 281 1078 344 aar

99 434 201 497 modic
183 434 315 495 cinter
328 447 364 493 se
379 431 521 493 distantia
535 431 710 505 intervallo,
726 447 820 492 unum
835 432 995 494 castellum
1008 433 1077 498 loco

98 520 183 601 odito
204 521 310 578 contra
329 530 432 577 arcem
453 513 593 577 obiecit
610 531 648 576 ea
669 513 772 575 omnia
786 516 867 576 vallo
883 520 976 602 atque
992 517 1079 578 iussa

83 604 141 666 ‘ita
154 601 281 677 iungere
301 606 404 676 parat,
425 614 465 659 ne
483 597 587 661 exitus
599 598 728 667 inclusis
742 600 781 660 ab
795 600 872 660 urbe
886 614 965 660 neve
979 599 1080 662 aditus

98 688 175 748 ioris
189 686 228 746 ad
243 684 356 754 auxilia
369 681 602 746 intromittenda
609 690 703 745 esset.
739 684 903 754 adsumam
920 699 1080 759 oppugna·
1117 687 1121 691 '

49 777 51 782 ’
99 770 191 834 tionis
205 769 388 838 Ambraciae
406 767 569 850 Stratum
560 784 620 828 tum
641 766 743 836 edicto
764 767 908 828 Nicandri
928 766 1079 844 praetoris

100 853 428 924 convenerantAetoli.
448 851 635 928 inde‘primo
650 849 750 926 copiis
765 849 907 913 omnibus
922 852 962 912 ad
977 850 1079 927 probi

100 938 231 1001 bendum
252 936 446 999 obsidionem
465 937 572 998 venire
592 934 623 996 in
645 936 748 998 animo
763 937 872 997 lucrat.
908 936 979 997 dein
994 942 1077 1012 post-

100 1038 192 1100 quam
206 1021 313 1083 urbem
327 1020 387 1081 iam
402 1025 513 1097 magna
526 1036 566 1082 ex
580 1026 669 1096 parte
683 1019 830 1096 operibus
844 1020 983 1096 saeptam
996 1020 1080 1080 tide

99 1114 182 1182 runt,
203 1106 398 1184 Epirotarum
416 1103 636 1166 transflumen
658 1105 728 1165 loco
749 1104 842 1180 plano
864 1112 966 1166 castra
979 1103 1081 1180 posita
1189 1108 1208 1189 J

99 1206 181 1264 csse,
196 1188 335 1250 dividere
350 1185 458 1265 copias
473 1188 597 1264 placuit
631 1203 702 1250 cum
714 1188 795 1248 mille
810 1188 963 1263 expeditis
977 1185 1079 1264 Eupo-

56 1307 60 1314 ·
100 1271 198 1336 teritus
212 1271 406 1333 Ambraciam
426 1272 583 1349 proiectus
604 1287 661 1348 per
672 1272 809 1334 nondum
825 1273 990 1335 commissa
1004 1272 1081 1333 iuter

99 1374 136 1420 se
150 1356 335 1419 munimenta
348 1357 455 1417 urbem
470 1355 600 1417 intravit.
621 1356 776 1418 Nicandro
791 1372 860 1418 cum
875 1364 977 1419 cetera
989 1373 1081 1417 manu

0 1470 1 1481 ι
99 1442 201 1519 primu
212 1440 408 1517 Epirotarum
428 1447 530 1502 castra
547 1447 637 1502 nocte
651 1440 780 1517 adgredi
795 1440 958 1503 consilium
971 1442 1080 1514 tuerat,

35 1524 39 1529 ’
99 1527 182 1587 haud
207 1522 288 1586 lucili
308 1526 347 1586 ab
371 1525 514 1587 Romanis
536 1523 666 1597 auxilio,
694 1525 768 1601 quia
786 1524 901 1587 flumen
922 1527 1081 1586 intereram

99 1611 211 1672 deinde
219 1609 428 1686 periculosum
439 1610 595 1687 inceptum
605 1619 702 1687 ratus,
712 1625 751 1669 ne
766 1626 846 1686 quae
861 1609 1008 1669 sentirent
1020 1608 1079 1669 Ro-

99 1693 181 1754 muni
201 1701 232 1755 et
251 1709 414 1769 regressus
429 1694 501 1755 inde
521 1694 551 1754 in
573 1701 637 1756 tuto
659 1709 720 1754 non
743 1701 841 1764 esset,
864 1692 1026 1752 deterritus
1043 1691 1082 1752 ab
1139 1749 1143 1757 ,
1193 1694 1196 1698 ’

99 1778 160 1854 boc
174 1776 303 1840 consilio
318 1779 359 1839 ad
373 1779 623 1855 depopulandam
634 1777 838 1838 Acarnaniam
852 1774 910 1835 iter
923 1774 1082 1835 convertit

100 1863 138 1922 V.
161 1863 270 1925 consul
290 1862 350 1922 iam
370 1862 579 1934 munimentis,
603 1858 716 1936 quibus
737 1857 906 1934 saepienda
917 1858 993 1920 urbs
1007 1866 1083 1933 erat,

101 1948 161 2008 iam
181 1945 342 2022 operibus,
369 1960 450 2019 quae
469 1945 635 2004 admovere
655 1942 751 2004 muris
772 1942 915 2019 parabat,
937 1942 1082 2019 perlectIs

99 2029 239 2105 quinque
258 2028 349 2087 simul
369 2028 446 2086 locis
466 2025 596 2087 moenia·
609 2034 657 2088 est
671 2026 850 2102 adgressus.
878 2028 935 2088 tria
955 2027 1082 2104 paribus

2 2118 7 2127 ’
100 2110 268 2173 intervallis
296 2107 433 2171 faciliore
458 2109 542 2171 aditu
562 2126 587 2192 a
602 2126 711 2185 campo
737 2112 889 2172 adversus
913 2111 1082 2189 Pyrrheum

102 2194 188 2271 quod
201 2199 315 2258 vocant
328 2192 479 2265 admovit,
497 2209 592 2262 unum
607 2208 625 2253 e
638 2192 766 2269 regione
781 2195 974 2271 Aesculapii,
989 2210 1081 2256 unum

101 2278 252 2339 adversus
279 2291 390 2336 arcem
425 2276 571 2339 arietibus
595 2294 701 2339 muros
728 2278 899 2355 quatiebat,
924 2278 1083 2340 asseribus
1198 2334 1204 2344 .

100 2362 220 2424 falcatis
241 2360 420 2436 detergebat
439 2360 560 2436 pinnas.
594 2356 771 2439 oppidanos
794 2363 892 2439 primo
913 2371 945 2424 et
959 2363 998 2423 ad
1013 2378 1083 2438 spe

101 2445 179 2509 ciem
195 2454 227 2508 et
239 2445 279 2506 ad
294 2443 373 2506 ictus
387 2447 540 2507 moenium
561 2457 629 2508 cum
650 2448 775 2508 terribili
797 2445 901 2509 sonitu
914 2446 1014 2509 editos
1029 2463 1069 2523 pa

99 2546 157 2594 vor
170 2546 208 2592 ac
221 2528 384 2605 trepidatio
399 2528 490 2605 cepit.
512 2528 624 2592 deinde
638 2538 672 2593 ut
686 2539 807 2608 praeter
821 2548 909 2609 spem
925 2539 1007 2594 stare
1019 2548 1081 2591 mn-

98 2632 152 2677 ros
160 2613 314 2687 viderunt
328 2615 465 2676 collectis
476 2631 585 2677 rursus
596 2614 706 2677 animis
716 2618 746 2676 in
754 2617 865 2679 arietes
876 2616 1083 2678 tollenonibus

99 2699 279 2760 libramenta
299 2696 414 2772 plumbi
435 2707 487 2759 aut
501 2715 647 2761 saxorum
662 2700 823 2777 stipitesve
837 2702 984 2762 robustos
998 2701 1083 2760 incu-

100 2782 230 2851 tiebant;
252 2780 363 2852 iaicas,
379 2783 503 2843 ancoris
521 2783 629 2844 terreis
644 2785 762 2845 iniectis
776 2784 808 2845 in
824 2786 999 2846 interiorem
1014 2800 1082 2860 par·
1105 2820 1110 2829 ·

99 2875 160 2926 tem
175 2862 253 2923 muri
269 2862 422 2937 trabentes
438 2880 584 2941 asserem,
600 2868 864 2943 praefringebanm
887 2869 927 2928 ad
941 2868 1001 2928 hoc
1015 2884 1083 2929 eru

99 2946 257 3026 ptionibus
282 2946 442 3007 nocturnis
467 2947 498 3008 in
525 2951 685 3012 custodias
710 2967 838 3027 operum
863 2959 894 3012 et
914 2949 1061 3013 diurnis
1048 2968 1082 3036 .¹¹¹

44 3098 47 3103 ξ
99 3034 249 3095 stationes
270 3031 349 3092 ultro
364 3038 511 3092 terrorem
525 3034 705 3096 inferebant

184 3117 217 3176 ln
233 3115 293 3176 hcc
308 3122 389 3177 statu
403 3132 455 3177 ras
471 3118 511 3177 ad
522 3114 720 3180 Ambraciam
735 3135 804 3180 cum
819 3118 958 3193 essent
949 3136 1008 3181 ram
1022 3123 1082 3182 Ae-

100 3200 154 3261 toli
175 3199 415 3276 apopulatione
438 3200 633 3264 Acarnaniae
660 3203 794 3266 Stratum
817 3204 980 3280 radiarant
1012 3204 1084 3265 inde
1157 3276 1160 3281 Α

99 3282 252 3361 Nicander
264 3291 390 3358 praetor
403 3299 491 3359 spem
507 3295 616 3349 nactus
632 3289 820 3350 solvendae
811 3295 934 3364 incepto
946 3288 1017 3349 torti
1029 3287 1081 3349 ob

100 3354 245 3443 sidionis,
269 3366 469 3433 Nicodamum
495 3371 650 3446 quendam
675 3367 744 3433 cum
762 3372 882 3436 Aetolis
908 3369 1083 3446 quingentis

101 3448 293 3510 Ambraciam
312 3451 488 3514 intromittit
517 3460 639 3517 noctem
660 3464 774 3516 certam
793 3465 986 3532 tempusque
983 3451 1083 3514 etiam

92 3531 199 3595 'noctis
214 3531 383 3609 constituit,
402 3552 465 3611 quo
480 3543 511 3597 et
524 3538 566 3596 illi
581 3537 620 3597 ab
634 3538 711 3600 urbe
725 3554 822 3613 opera
834 3537 983 3610 bostium,
1001 3551 1080 3633 quae

140 3617 244 3677 τίινι
260 3631 334 3678 enus
349 3617 401 3678 lV
630 3682 633 3687 ,
699 3692 703 3698 ¹
839 3630 869 3681 al
