2600 4000
198 195 314 256 LIBER
323 195 456 256 XXXIV.
469 195 550 256 CAP.
559 204 706 261 54.55.56.
720 202 1015 274 [constanciae]
1038 200 1099 265 169

113 346 214 409 dueta
234 361 346 407 novam
360 346 527 421 superbam
540 346 712 423 libidinem,
728 346 768 408 ab
783 348 896 410 nullius
912 358 982 412 ante
996 353 1097 428 gentis

111 439 223 493 senatu
248 433 351 505 neque
375 429 583 491 desideratam
607 446 710 507 neque
728 431 906 493 institutam.
940 442 1097 510 postremo

111 516 215 590 ipsum
237 528 364 591 quoque
383 513 578 590 Africanum,
600 516 685 591 quod
705 517 815 577 consul
838 522 946 578 auctor
965 519 1032 580 eius
1053 522 1098 581 rei

112 599 236 674 luisset,
259 597 449 673 paenituisse
464 599 573 659 lerunt
603 600 683 661 adeo
698 598 772 659 nihil
788 606 903 661 motum
918 615 958 662 ex
971 603 1098 679 antiquo

112 681 272 760 probabile
286 687 349 743 esta
370 682 535 759 veteribus,
552 683 611 743 nisi
629 698 710 759 quae
723 697 801 745 usus
816 683 975 746 evidenter
989 687 1097 762 arguit,

112 765 187 828 stari
206 767 330 827 malunt.

197 849 260 911 LV.
281 848 434 925 Principio
455 849 541 922 anni,
569 865 631 926 quo
652 850 686 910 L.
709 851 867 914 Cornelius
890 852 923 927 Q.
945 853 1097 915 Minucius

113 935 259 997 eonsules
274 934 410 1006 luemnl,
426 938 640 995 terraemotus
655 934 697 996 ita
711 935 810 997 crebri
825 937 1049 1012 nuntiabantur,
1064 946 1098 1001 ut

113 1035 175 1081 non
188 1018 235 1079 rei
249 1023 365 1079 tantum
380 1015 480 1093 ipsius
495 1018 553 1078 sed
566 1018 712 1080 feriarum
727 1035 853 1096 quoque
867 1021 907 1082 ob
922 1021 954 1081 id
968 1021 1095 1084 indicta·

112 1120 181 1166 rum
195 1100 336 1164 homines
350 1101 502 1163 taederet=
530 1116 600 1162 nam
614 1118 717 1178 neque
730 1110 857 1165 senatus
873 1104 979 1166 haberi
995 1121 1097 1182 neque

112 1203 164 1250 res
179 1185 302 1263 publica
313 1184 517 1247 administrari
528 1193 648 1261 poterat
658 1187 863 1251 sacrificando
875 1188 1096 1266 expiandoque

112 1271 273 1348 occupatis
293 1269 482 1331 consulibus.
516 1277 674 1345 postremo
696 1272 878 1333 decemviris
900 1272 985 1333 adire
998 1274 1096 1335 libros

112 1355 224 1428 iussis,
246 1369 286 1416 ex
305 1368 460 1430 responso
482 1369 589 1417 eorum
611 1355 796 1430 supplicatio
811 1356 1017 1432 pertriduum
1031 1358 1096 1419 luit.

114 1439 250 1502 coronati
264 1439 305 1500 ad
320 1438 422 1500 omnia
435 1436 607 1514 pulvinaria
621 1439 882 1515 supplicaverunt
898 1439 1096 1517 edictumque

113 1531 175 1598 est,
194 1528 229 1586 ut
242 1537 349 1585 omnes
364 1521 417 1599 qui
432 1537 471 1583 ex
485 1539 549 1585 una
561 1521 676 1583 iamilia
690 1530 796 1585 essent
810 1524 925 1600 pariter
938 1525 1095 1600 supplica·

114 1615 189 1672 rent
218 1607 290 1668 item
309 1622 349 1668 ex
363 1607 542 1669 auctoritate
555 1613 682 1669 senatus
698 1608 844 1669 consules
857 1607 1034 1681 edixemnt‚
1056 1623 1096 1668 ne

115 1693 195 1769 quis,
217 1707 279 1767 quo
293 1690 344 1752 die
357 1697 457 1752 terrae
471 1698 556 1757 motu
570 1690 707 1752 nuntiato
723 1691 818 1752 leriae
831 1690 963 1751 indictae
979 1698 1094 1764 essent,

114 1790 152 1839 eo
168 1774 217 1836 die
237 1775 328 1838 alium
348 1781 576 1838 terraemotum
596 1775 758 1836 nuntiaret.
791 1772 968 1849 provincias
984 1774 1098 1835 deinde

114 1861 258 1922 consules
273 1860 368 1936 prius,
383 1867 447 1920 tum
460 1867 619 1936 praetores
635 1857 743 1919 sortiti.
767 1857 907 1919 cornelio
920 1854 1025 1932 Gallia,
1040 1857 1096 1918 Mi·

113 1944 203 2007 uucio
217 1944 345 2020 Ligrues
365 1949 550 2013 evenerunt;
579 1941 678 2004 sortiti
692 1947 853 2019 praetores
868 1942 900 2003 0.
915 1940 1096 2005 Scribonius

113 2030 277 2100 urbanam,
292 2028 334 2088 M.
348 2026 491 2088 Valerius
508 2025 710 2101 peregrinam,
727 2027 761 2087 L.
777 2026 937 2088 cornelius
951 2024 1096 2103 Siciliam,

112 2114 145 2174 L.
160 2109 288 2173 Porcius
303 2109 485 2183 Sardiniam,
501 2109 532 2169 c.
544 2108 712 2169 Flaminius
721 2110 902 2184 Hispaniam
915 2109 1098 2185 citeriorem,

112 2196 153 2261 Μ
167 2194 294 2255 Fulvius
309 2192 488 2269 Hispaniam
503 2191 687 2253 ulteriorem.

198 2277 274 2338 LVI.
296 2276 375 2337 Nihil
395 2293 434 2338 eo
455 2292 537 2338 anno
558 2275 630 2336 belli
650 2275 902 2353 exspectantibus
917 2275 1097 2337 consulibus

113 2364 230 2426 litterae
254 2361 295 2424 Μ.
319 2360 467 2424 cincii-
483 2361 659 2438 praelectus
685 2361 712 2422 is
732 2359 813 2421 Pisis
837 2358 1098 2435 erat-adlatae,

113 2447 256 2523 Ligurum
270 2445 376 2523 viginti
390 2446 473 2508 milia
487 2450 682 2518 armatorum,
699 2443 910 2507 coniuratione
926 2457 981 2520 per
995 2442 1098 2504 omnia

114 2530 318 2593 conciliabula
342 2530 505 2593 universae
529 2530 628 2605 gentis
650 2529 746 2605 lacta,
771 2528 945 2595 Lunensem
966 2526 1096 2604 primum

113 2630 221 2691 agrum
241 2616 463 2693 depopulatos,
483 2615 627 2675 Pisanum
648 2614 761 2675 deinde
775 2612 867 2674 linem
881 2620 1096 2688 transgressos

114 2713 236 2761 omnem
256 2714 340 2761 oram
355 2700 448 2760 maris
462 2712 657 2775 peragrasse.
690 2698 795 2773 itaque
809 2696 962 2759 Minucius
977 2696 1096 2770 consul,

113 2782 165 2844 cui
179 2781 307 2856 Ligures
325 2782 485 2857 provincia
498 2788 659 2856 evenerat,
680 2797 721 2842 ex
735 2781 914 2843 auctoritate
928 2785 1051 2855 potrum
1065 2779 1095 2839 iu

113 2866 230 2929 Rostra
243 2866 383 2927 escendit
396 2871 427 2927 el
441 2865 546 2941 edixit,
560 2871 593 2926 ut
608 2864 747 2939 legiones
762 2864 843 2925 duae
852 2864 999 2938 urbanae,
1017 2876 1096 2939 quoe

113 2949 276 3027 superiore
297 2966 378 3011 anno
401 2950 596 3026 conscriptae
617 2955 738 3024 esseut,
760 2954 833 3024 post
847 2947 928 3010 diem
944 2946 1096 3010 decimum

113 3034 226 3095 Arretii
246 3035 407 3097 edessenis
427 3033 458 3094 in
472 3049 577 3095 earum
593 3033 695 3094 locum
710 3048 746 3095 se
760 3033 839 3093 duas
853 3030 992 3107 legiones
1005 3032 1097 3093 urba·

113 3133 171 3179 nas
186 3118 379 3195 scripturum.
411 3118 482 3180 item
500 3117 594 3180 sociis
609 3122 640 3177 et
652 3117 760 3179 Latino
775 3116 899 3191 nomini,
915 3111 1097 3192 magistrati·

113 3202 174 3262 bus
194 3202 366 3280 legatisque
379 3217 501 3278 eorum,
523 3202 575 3278 qui
589 3201 699 3263 milites
715 3201 789 3262 dare
803 3198 972 3275 debebant,
993 3198 1098 3272 edixit,

114 3284 192 3346 utin
207 3284 356 3363 Capitolio
371 3303 406 3348 se
420 3286 549 3348 adirem.
577 3284 615 3347 iis
631 3283 806 3362 qaindecim
820 3284 903 3345 milia
916 3280 1054 3360 peditum
1067 3288 1100 3342 et

114 3368 299 3445 quingentos
321 3368 457 3446 equites,
480 3385 538 3445 pro
553 3383 682 3430 numero
698 3367 850 3443 cuiusque
863 3367 1028 3439 iuniorum,
1053 3363 1100 3425 di·

114 3452 256 3529 scripsits
270 3459 303 3515 ct
314 3453 387 3515 inde
400 3469 441 3517 ex
451 3451 602 3531 capitolio
614 3450 757 3529 protinus
771 3450 817 3511 ire
828 3451 869 3511 ad
880 3456 1009 3525 portam,
1024 3453 1055 3506 et
1067 3453 1098 3506 ut
