2600 4000
312 209 428 271 nmen
440 209 559 271 mour.
582 210 667 271 car.
682 220 707 272 1.
718 220 746 273 r.
767 181 849 279 [ac.
862 218 924 277 aar
1054 212 1096 278 tr

128 357 260 420 Sardinia
272 360 425 437 stipendia
440 377 497 436 per
510 360 623 422 multos
637 377 737 422 annos
752 363 906 436 iecissent,
922 381 1027 440 agrum
1041 366 1094 428 ad

127 442 298 518 signandum
323 451 459 515 curaret;
488 444 522 519 Q.
542 444 693 520 Minucio,
720 448 802 506 utin
822 447 935 508 Brutiis
956 447 1036 508 idem
1057 449 1096 510 de

126 527 377 590 coniurationibus
393 527 601 604 quaestiones,
622 545 700 604 quas
716 535 840 605 praetor
855 546 924 589 cum
935 531 996 590 fide
1009 547 1095 592 cura-

124 626 180 685 que
199 613 401 688 exercuisset,
423 613 601 689 perficeret,
622 620 654 673 et
673 628 730 674 eoa
751 630 831 689 quos
847 614 1000 688 sacrilegii
1014 631 1095 675 com-

122 701 221 769 pertos
240 696 269 755 in
289 696 422 759 vinculis
445 698 573 757 Romam
594 697 745 772 misisset,
770 698 888 758 Locros
908 697 1039 759 mitteret
1057 699 1098 758 ad

122 779 314 855 supplicium,
346 796 489 857 quaeque
518 781 639 841 sublata
668 797 707 840 ex
737 782 865 842 delubro
892 781 1097 857 Proserpinae

122 872 233 938 essent,
254 865 437 941 reponenda
459 879 527 924 eum
550 864 681 939 piaculis
702 872 830 925 curaret.
863 866 957 925 leriae
970 865 1098 926 Latinae

119 947 289 1021 pontificum
305 949 430 1010 decreto
444 948 630 1008 instauratae
645 954 725 1022 sunt,
741 950 825 1024 quod
839 949 931 1024 legati
942 949 981 1010 ab
992 950 1097 1010 Ardea

121 1032 211 1104 questi
230 1030 262 1092 in
284 1039 394 1118 senatu
414 1040 502 1094 erant
522 1031 581 1092 sibi
600 1032 630 1090 in
645 1039 748 1093 monte
760 1032 882 1095 Albano
899 1033 1013 1093 Latinis
1030 1050 1096 1094 car·

120 1129 191 1190 nem,
206 1123 239 1177 ut
251 1116 384 1190 adsolet,
400 1117 503 1176 datam
517 1132 579 1174 non
594 1130 675 1175 esse.
1090 1183 1093 1188 ,

193 1200 242 1260 Ab
255 1200 376 1261 Suessa
386 1200 555 1260 nuntiatum
570 1206 617 1260 est
632 1200 709 1261 duas
725 1208 840 1275 portas,
856 1201 1003 1277 quodque
1018 1202 1096 1263 inter

119 1296 167 1342 eas
181 1285 258 1345 muri
274 1291 349 1358 erat,
365 1284 405 1343 de
420 1285 506 1343 caelo
521 1288 649 1353 tactum;
670 1290 702 1344 et
713 1283 866 1345 Formiani
881 1285 973 1359 legati
986 1287 1093 1345 aedem

118 1365 208 1442 lovis,
229 1369 303 1430 item
320 1367 480 1428 Ostienses
494 1369 602 1428 aedem
615 1367 713 1442 lovis,
735 1374 765 1430 et
780 1368 927 1428 Veliterni
941 1369 1094 1445 Apollinis

118 1455 145 1509 et
158 1449 279 1528 Sangus
296 1452 401 1527 aedes,
417 1458 448 1512 et
461 1452 492 1511 in
502 1452 643 1511 Herculis
658 1451 737 1512 aede
752 1452 895 1527 capillum
910 1461 1049 1523 enatum3
1065 1461 1094 1513 e‘

117 1550 152 1593 ex
164 1535 278 1597 Brutiis
300 1535 339 1596 ab
361 1536 395 1611 Q.
409 1535 543 1597 Minucio
564 1540 765 1611 propraetore
785 1536 934 1612 scriptum
954 1540 1094 1597 eculeum

117 1633 180 1678 cum
195 1621 333 1696 quinque
353 1621 502 1696 pedibus,
524 1621 626 1695 pullos
641 1620 830 1695 gallinaceos
844 1620 900 1681 tris
915 1636 985 1679 eum
998 1621 1094 1681 ternis

115 1703 241 1776 pedibus
264 1711 354 1765 natos
376 1719 457 1765 esse.
493 1703 559 1763 aP.
575 1703 722 1779 Sulpicio,
738 1704 926 1778 proconsule
940 1718 979 1762 ex
993 1703 1094 1763 Mace·

115 1786 204 1847 donia
218 1789 336 1849 litterae
351 1790 479 1860 adlatae,
496 1789 528 1848 in
541 1787 654 1865 quibus
666 1786 743 1848 inter
755 1793 858 1847 cetera
870 1787 1018 1861 scriptum
1030 1794 1095 1848 erat

114 1870 247 1932 lauream
267 1873 299 1932 in
321 1873 419 1948 puppi
439 1872 528 1932 navis
550 1873 662 1947 longae
676 1877 806 1933 enatam.
839 1872 976 1948 priorum
991 1872 1094 1947 prodi·

113 1955 230 2030 giorum
247 1971 343 2018 causa
362 1961 488 2018 sanatus
512 1960 688 2031 censuerat,
707 1962 742 2017 ut
760 1957 905 2018 eonsules
926 1955 1093 2018 maioribus

112 2038 229 2114 hostiis,
246 2041 359 2116 quihus
375 2040 434 2100 diis
447 2040 611 2113 videretur,
627 2039 845 2100 sacrificarent
872 2039 911 2100 ob
926 2040 986 2100 hoc
1000 2056 1094 2101 unum

112 2123 289 2199 prodigium
313 2122 497 2196 haruspices
521 2122 552 2180 in
572 2127 714 2181 senatum
733 2123 851 2195 vocati,
876 2130 969 2196 atque
986 2138 1026 2182 ex
1046 2138 1094 2182 re·

111 2220 234 2282 sponso
248 2220 355 2266 eorum
369 2204 553 2280 supplicatio
569 2204 686 2279 populo
701 2203 733 2262 in
747 2204 829 2263 diem
842 2219 937 2264 unum
952 2205 1096 2265 edictaet

112 2290 153 2351 ad
170 2289 273 2351 omnia
287 2287 461 2366 pulvinaria
474 2304 526 2348 res
540 2287 663 2348 divinae
678 2288 785 2347 terme.

196 2374 232 2432 ΙΙ.
262 2373 528 2450 carthaginienses
543 2387 580 2433 eo
596 2387 678 2431 anno
693 2376 851 2446 argentum
864 2370 896 2429 in
910 2370 1096 2446 stipendium

112 2458 286 2534 impositum
304 2459 436 2534 primun
449 2459 578 2520 Romam
594 2457 794 2517 advexerunt.
831 2454 862 2515 id
878 2455 951 2532 quia
964 2455 1095 2531 probum

113 2557 172 2604 non
198 2558 271 2605 esse
300 2549 482 2618 quaestores
509 2541 773 2615 renuntiaverant,
802 2539 1094 2616 experientibusque

114 2640 183 2701 pars
206 2633 316 2702 quarta
334 2628 463 2688 decocta
477 2632 556 2699 erat,
578 2625 711 2701 pecunia
724 2625 840 2685 Romae
853 2630 958 2685 mutua
972 2632 1095 2700 sumpta

115 2710 364 2772 intertrimentum
386 2710 506 2786 argenti
531 2711 742 2785 expleverunt.
778 2708 950 2783 petentibus
972 2709 1092 2782 deinde,

115 2801 151 2868 ot,
166 2795 193 2855 si
208 2796 269 2855 iarn
278 2795 434 2855 videretur
445 2794 572 2867 senatui,
590 2792 716 2854 obsides
727 2792 787 2852 sibi
797 2792 1006 2867 redderentur,
1023 2807 1093 2851 cen·

114 2883 174 2938 tum
194 2879 306 2940 redditi
327 2878 468 2940 obsides=
491 2879 530 2938 de
551 2877 677 2949 ceteris,
699 2876 726 2935 si
746 2876 776 2935 in
792 2874 853 2935 fide
868 2880 1090 2951 permanerent,

115 2977 185 3038 spes
200 2963 290 3023 faeta.
320 2962 493 3039 petentibus
507 2961 620 3037 isdem,
644 2959 773 3035 quinon
788 2958 996 3020 reddebantur
1010 2959 1092 3020 obsi·

116 3045 179 3123 des,
193 3054 228 3108 ut
242 3047 281 3106 ab
294 3047 406 3122 Norba,
420 3045 473 3106 ubi
486 3061 596 3122 pamm
611 3044 772 3105 commode
787 3050 900 3117 essent,
914 3044 974 3103 alio
989 3044 1091 3105 tradu-

116 3138 263 3205 cerentur,
280 3145 472 3204 concessum,
487 3135 521 3190 ut
531 3128 665 3204 Signiam
676 3133 707 3187 et
715 3125 909 3187 Ferentinum
919 3127 1091 3187 transirent.

118 3213 271 3275 Gaditanis
286 3216 358 3277 item
371 3214 544 3290 petentibus
559 3212 737 3286 remissum,
753 3225 792 3270 ne
806 3211 980 3286 praelectus
997 3210 1092 3271 Gadis

117 3298 295 3374 mitteretur,
316 3299 467 3359 adversus
487 3297 519 3357 id
540 3297 625 3372 quod
638 3296 676 3355 iis
691 3295 722 3354 in
735 3294 828 3355 fidem
843 3294 949 3368 populi
963 3293 1092 3353 Romani

118 3383 307 3444 venientibus
328 3399 397 3443 cum
409 3383 442 3441 L.
457 3380 572 3441 Marcio
589 3378 725 3454 Septimo
741 3379 945 3438 convenisset.
975 3382 1006 3436 et
1017 3376 1091 3434 llar-

118 3464 266 3526 oiensimn
288 3467 396 3540 legatis
423 3465 621 3541 querentibus
642 3462 862 3523 adnumerum
883 3460 943 3520 sibi
963 3459 1091 3516 colonos
