2600 4000
208 238 270 303 aaa
360 235 476 297 arnan
489 233 625 295 xxxva
647 191 731 294 car.
745 239 846 296 aaa.
860 233 1055 310 [aneon]

210 388 376 466 praebens,
392 392 422 447 el
436 386 464 447 si
476 401 528 447 res
543 383 738 461 poposcerit,
752 382 946 444 traiecturus.
968 382 1047 444 hacc
1062 383 1192 459 suadeo,

209 472 262 549 qui
281 480 396 534 utnon
420 470 528 534 omnis
540 466 746 544 peritissimus
767 468 825 528 sim
845 465 933 542 belli,
959 483 1030 528 omn
1043 466 1193 530 Romanis

209 564 291 618 certe
304 556 420 617 bellare
434 551 524 615 bonis
539 552 691 628 malisque
711 550 789 612 meis
812 549 915 611 didici.
948 549 980 611 in
997 567 1076 628 quae
1092 552 1193 613 consi·

209 643 281 702 lium
303 639 390 713 dedi,
416 637 448 698 in
469 637 577 698 eadem
597 651 655 697 nec
675 635 830 696 infidelem
844 650 902 696 nec
922 650 1050 711 segnem
1066 650 1192 711 operam
1284 625 1285 690 l

209 724 368 824 polliceor:
391 722 433 840 dii
448 721 621 798 approbent
635 736 704 783 eam
717 720 899 781 sententiam
913 734 994 795 quae
1006 718 1062 779 tibi
1077 720 1193 796 optima
1284 713 1285 808 Ῑ

208 826 277 870 ma
291 810 481 952 fllsslelrlltllaec
495 890 591 950 terme
604 889 785 952 Hannibalis
800 888 898 950 oratio
921 886 992 961 luit,
1014 903 1108 963 quam
1127 891 1193 950 lau.

210 978 320 1036 darunt
334 973 432 1049 magis
446 973 477 1033 ln
492 972 669 1050 praesentia
679 974 732 1050 qai
744 976 886 1044 aderant,
904 987 997 1047 quam
1007 972 1102 1033 rebus
1114 972 1194 1048 ipsis
1284 993 1285 996 ¹

210 1057 350 1120 exsecuti
370 1063 456 1117 sunt:
478 1054 552 1117 nihil
573 1057 655 1118 enirn
676 1073 783 1132 eorum
804 1058 918 1118 lactum
939 1061 1001 1130 est,
1027 1055 1087 1116 nisi
1109 1059 1195 1131 quod

210 1143 250 1203 ad
265 1143 397 1203 classem
418 1140 587 1217 copiasque
607 1143 812 1204 arcessendas
828 1155 868 1200 ex
881 1139 959 1201 Asia
971 1138 1195 1218 Polyxenidam

210 1227 300 1287 misit
315 1225 406 1301 legati
412 1225 550 1285 Larisam
562 1226 602 1285 ad
614 1227 776 1287 concilium
785 1224 1004 1286 Thessalorum
1015 1230 1087 1285 sunt
1095 1223 1193 1303 missi,

210 1316 240 1371 et
254 1310 372 1371 Aetolis
387 1302 654 1387 Amynandroque
668 1309 736 1371 dies
757 1309 798 1370 ad
815 1307 1061 1369 conveniendum
1073 1309 1193 1370 exarci-

210 1393 254 1454 tui
267 1393 382 1453 Pheras
398 1400 447 1453 est
460 1394 570 1453 dictus.
598 1394 709 1473 eodem
724 1401 754 1456 et
767 1410 825 1455 rex
839 1408 909 1453 cum
923 1392 989 1453 suis
1005 1391 1102 1469 copiis
1117 1408 1193 1454 con-

211 1478 311 1539 festim
330 1477 422 1538 venit.
449 1476 579 1537 ibidum
599 1478 758 1552 opperitur
770 1477 1005 1555 Amynandrum
1024 1483 1117 1554 atque
1131 1478 1192 1537 Ae

211 1565 306 1637 talos,
326 1560 501 1637 Philippum
520 1559 814 1636 Megalopolitanum
835 1576 905 1621 oum
926 1560 1048 1622 duobus
1069 1560 1193 1622 milibus

209 1641 367 1708 hominurn
381 1645 421 1710 acl
435 1643 565 1720 legenda
577 1660 651 1705 ossa
661 1644 866 1707 Macedonum
877 1645 960 1706 circa
972 1644 1190 1723 Cynoscepha-

211 1734 266 1805 lae,
280 1724 335 1792 nbi
345 1730 530 1791 debellatum
544 1735 609 1789 erat
620 1744 690 1789 cum
700 1728 851 1807 Philippo,
866 1729 962 1803 misit,
978 1730 1045 1790 sive
1059 1729 1188 1805 abipso,

212 1821 378 1892 quaerente
399 1813 458 1874 sibi
480 1813 775 1875 commendationem
791 1815 832 1874 ad
846 1813 1057 1875 Macedonum·
1069 1821 1190 1889 gentem

210 1907 241 1959 et
254 1897 400 1957 invidiam
413 1897 494 1972 regi,
510 1895 780 1974 quod'insepultos
795 1898 905 1959 milites
919 1897 1111 1975 reliquisset,
1126 1914 1190 1959 mo

211 1983 309 2052 nitas;
332 1980 398 2043 sive
413 1979 451 2042 ab
466 1981 557 2043 insita
570 1982 695 2058 regibus
706 1982 839 2045 vanitate
853 1983 894 2043 ad
908 1982 1070 2044 consilinm
1084 1984 1194 2059 specio

211 2068 360 2142 amplum,
380 2082 416 2125 re
436 2066 526 2126 inane
546 2066 646 2128 animo
669 2067 799 2129 adiecto.
833 2067 966 2128 tumulus
988 2067 1081 2128 estin
1097 2084 1195 2128 unum

210 2152 352 2226 ossibus,
379 2167 460 2226 quae
479 2151 597 2228 passim
617 2158 712 2213 strata
731 2158 831 2225 erant,
857 2152 1047 2212 coacervatis
1071 2152 1193 2223 factus3

212 2235 264 2312 qui
278 2236 392 2297 nullam
405 2236 534 2310 gratiam
548 2235 589 2294 ad
601 2235 805 2309 Macedonas,
827 2235 931 2296 odium
945 2234 1054 2310 ingens
1069 2235 1110 2295 ad
1122 2235 1195 2297 Phi·

211 2321 328 2395 lippum
342 2319 445 2380 movit.
467 2318 571 2394 itaque
586 2318 638 2394 qui
653 2319 694 2379 ad
707 2320 740 2380 id
754 2327 875 2396 tempus
891 2316 1045 2381 fortunam
1060 2328 1146 2380 esset
1162 2321 1194 2380 in

212 2403 342 2463 consilio
356 2402 531 2471 habiturus,
555 2402 582 2460 is
603 2405 756 2477 extemplo
772 2405 811 2463 ad
824 2403 866 2463 M.
879 2402 1029 2464 Baebium
1043 2419 1196 2479 proprae

211 2495 308 2547 torem
321 2485 418 2558 misit,
442 2482 628 2543 Antiochum
647 2484 678 2544 in
692 2487 880 2553 Thessaliam
900 2488 1046 2563 impetum
1061 2483 1195 2558 iecisse;

211 2569 239 2628 si
252 2568 408 2628 videretur
422 2567 465 2637 ei,
487 2574 625 2628 moveret
644 2583 684 2626 ex
702 2568 854 2633 hibernis:
877 2587 912 2632 se
927 2572 1050 2632 obviam
1063 2587 1195 2648 prooes-

212 2667 334 2724 surum,
350 2658 384 2711 ut
398 2649 473 2725 quid
487 2651 640 2726 agendum
655 2657 739 2713 esset
753 2658 971 2717 consultarent.
1076 2680 1079 2687 Δ

294 2735 344 2794 ΙΧ.
366 2734 519 2796 Antiocho
530 2735 569 2796 ad
581 2735 695 2798 Pheras
707 2737 767 2796 iarn
784 2746 884 2799 castra
896 2739 1034 2814 habenti,
1049 2739 1103 2799 ubi
1118 2755 1196 2800 oon·

211 2826 373 2881 :tinxerant
392 2820 421 2880 oi
446 2835 481 2879 se
500 2820 602 2888 Aetoli
622 2827 653 2882 et
670 2821 886 2900 Amynander,
912 2822 1004 2898 logan
1025 2822 1064 2884 ab
1083 2823 1198 2884 Larisa

209 2912 359 2964 venerunt
373 2911 570 2980 quaerentes,
593 2906 679 2981 quod
700 2906 740 2966 ab
761 2907 872 2967 iaottun
892 2906 1045 2969 dictumve
1058 2906 1195 2968 Thessa-

211 2990 309 3069 lorum
323 2987 403 3049 bello
418 2990 587 3050 lacesseret
597 3005 663 3062 eos,
678 2989 767 3051 simui
779 2998 911 3067 orantes,
927 2998 961 3052 ut
971 2998 1089 3052 remoto
1102 3006 1195 3051 exer-

212 3070 274 3133 citu
288 3087 345 3148 per
357 3073 490 3147 legatos,
507 3072 534 3133 si
549 3073 623 3152 quid
637 3072 666 3132 ei
680 3073 849 3149 videretur,
872 3091 977 3137 secum
993 3075 1194 3150 disceptaret

211 3156 320 3216 eodem
331 3161 470 3232 tempore
482 3158 664 3232 quingentos
675 3164 808 3219 armatos
820 3158 898 3219 duce
908 3159 1103 3236 Hippolocho
1114 3158 1196 3219 Phe

210 3256 262 3300 ras
276 3240 307 3299 in
322 3239 510 3315 praesidium
524 3240 688 3301 miserunt=
708 3241 728 3302 ii
748 3242 867 3303 exclusi
887 3243 987 3319 aditu,
1007 3243 1067 3303 iam
1088 3244 1198 3304 omnia
1284 3242 1285 3245 ’

210 3324 318 3383 itinera
329 3322 540 3385 obsidentibus
551 3324 659 3399 regiis,
674 3324 836 3386 Scotusam
846 3341 882 3387 se
892 3334 1084 3409 reoepemnt.
1107 3328 1194 3403 lega-
1284 3322 1285 3385 3

212 3407 250 3467 tis
262 3407 475 3468 Larisaeorum
488 3423 545 3467 rex
556 3410 720 3469 clementer
729 3411 891 3484 respondit
901 3427 963 3472 non
974 3411 1046 3471 belli
1057 3410 1196 3472 faciendi
1284 3416 1285 3443 t

213 3490 274 3550 sed
283 3491 415 3551 tuendae
431 3499 461 3552 et
475 3489 675 3552 stabiliendae
696 3492 841 3554 libertatis
855 3493 1073 3555 Thessalorum
1094 3510 1198 3555 cansa
