<?xml version="1.0" encoding="UTF-8"?>
<!DOCTYPE html PUBLIC "-//W3C//DTD XHTML 1.0 Transitional//EN"
    "http://www.w3.org/TR/xhtml1/DTD/xhtml1-transitional.dtd">
<html xmlns="http://www.w3.org/1999/xhtml" xml:lang="en" lang="en">
 <head>
  <title>
</title>
<meta http-equiv="Content-Type" content="text/html;charset=utf-8" />
  <meta name='ocr-system' content='tesseract 3.04.00' />
  <meta name='ocr-capabilities' content='ocr_page ocr_carea ocr_par ocr_line ocrx_word'/>
</head>
<body>
  <div class='ocr_page' id='page_1' title='image "./aburbeconditali00mlgoog_0091.png"; bbox 0 0 2600 4000; ppageno 0'>
   <div class='ocr_carea' id='block_1_1' title="bbox 276 262 1079 340">
    <p class='ocr_par' dir='ltr' id='par_1_1' title="bbox 276 262 1079 340">
     <span class='ocr_line' id='line_1_1' title="bbox 276 262 1079 340; baseline 0.012 -19"><span class='ocrx_word' id='word_1_1' title='bbox 276 262 735 326; x_wconf 80' lang='lat' dir='ltr'><strong>1.lBllltxxxll.cAP.1am</strong></span> <span class='ocrx_word' id='word_1_2' title='bbox 758 271 913 340; x_wconf 60' lang='lat' dir='ltr'><strong>[acmes]</strong></span> <span class='ocrx_word' id='word_1_3' title='bbox 1038 265 1079 332; x_wconf 83' lang='lat'><strong>57</strong></span> 
     </span>
    </p>
   </div>
   <div class='ocr_carea' id='block_1_2' title="bbox 75 416 1082 3260">
    <p class='ocr_par' dir='ltr' id='par_1_2' title="bbox 75 416 1082 3260">
     <span class='ocr_line' id='line_1_2' title="bbox 103 416 1079 493; baseline 0.006 -17"><span class='ocrx_word' id='word_1_4' title='bbox 103 416 297 477; x_wconf 89' lang='lat' dir='ltr'><strong>incendebat.</strong></span> <span class='ocrx_word' id='word_1_5' title='bbox 328 433 430 478; x_wconf 87' lang='lat' dir='ltr'><strong>rerum</strong></span> <span class='ocrx_word' id='word_1_6' title='bbox 451 433 589 491; x_wconf 89' lang='lat' dir='ltr'><strong>suarum,</strong></span> <span class='ocrx_word' id='word_1_7' title='bbox 617 433 695 492; x_wconf 89' lang='lat' dir='ltr'><strong>quas</strong></span> <span class='ocrx_word' id='word_1_8' title='bbox 715 425 862 493; x_wconf 75' lang='lat' dir='ltr'><strong>possent,</strong></span> <span class='ocrx_word' id='word_1_9' title='bbox 886 420 1079 482; x_wconf 77' lang='lat' dir='ltr'><strong>ferendarum</strong></span> 
     </span>
     <span class='ocr_line' id='line_1_3' title="bbox 103 500 1080 577; baseline 0.006 -18"><span class='ocrx_word' id='word_1_10' title='bbox 103 515 208 560; x_wconf 92' lang='lat' dir='ltr'><strong>secum</strong></span> <span class='ocrx_word' id='word_1_11' title='bbox 223 501 356 561; x_wconf 78' lang='lat' dir='ltr'><strong>dominIs</strong></span> <span class='ocrx_word' id='word_1_12' title='bbox 373 501 422 562; x_wconf 90' lang='lat' dir='ltr'><strong>ius</strong></span> <span class='ocrx_word' id='word_1_13' title='bbox 436 500 543 572; x_wconf 85' lang='lat' dir='ltr'><strong>hehat;</strong></span> <span class='ocrx_word' id='word_1_14' title='bbox 569 508 671 561; x_wconf 91' lang='lat' dir='ltr'><strong>cetera</strong></span> <span class='ocrx_word' id='word_1_15' title='bbox 684 502 787 563; x_wconf 89' lang='lat' dir='ltr'><strong>militis</strong></span> <span class='ocrx_word' id='word_1_16' title='bbox 801 502 918 577; x_wconf 91' lang='lat' dir='ltr'><strong>praeda</strong></span> <span class='ocrx_word' id='word_1_17' title='bbox 928 512 1001 565; x_wconf 86' lang='lat' dir='ltr'><strong>erat</strong></span> <span class='ocrx_word' id='word_1_18' title='bbox 1022 521 1080 565; x_wconf 90' lang='lat' dir='ltr'><strong>nec</strong></span> 
     </span>
     <span class='ocr_line' id='line_1_4' title="bbox 102 584 1080 662; baseline 0.005 -19"><span class='ocrx_word' id='word_1_19' title='bbox 102 584 186 659; x_wconf 91' lang='lat' dir='ltr'><strong>quod</strong></span> <span class='ocrx_word' id='word_1_20' title='bbox 206 584 245 643; x_wconf 92' lang='lat' dir='ltr'><strong>ab</strong></span> <span class='ocrx_word' id='word_1_21' title='bbox 266 584 357 646; x_wconf 90' lang='lat' dir='ltr'><strong>hoste</strong></span> <span class='ocrx_word' id='word_1_22' title='bbox 378 585 531 646; x_wconf 84' lang='lat' dir='ltr'><strong>crudelius</strong></span> <span class='ocrx_word' id='word_1_23' title='bbox 551 585 614 660; x_wconf 89' lang='lat' dir='ltr'><strong>pati</strong></span> <span class='ocrx_word' id='word_1_24' title='bbox 627 592 772 660; x_wconf 87' lang='lat' dir='ltr'><strong>possent,</strong></span> <span class='ocrx_word' id='word_1_25' title='bbox 793 585 902 661; x_wconf 85' lang='lat' dir='ltr'>reliqui</span> <span class='ocrx_word' id='word_1_26' title='bbox 919 587 1080 662; x_wconf 87' lang='lat' dir='ltr'><strong>quicquam</strong></span> 
     </span>
     <span class='ocr_line' id='line_1_5' title="bbox 101 668 1081 744; baseline 0.005 -17"><span class='ocrx_word' id='word_1_27' title='bbox 101 668 165 740; x_wconf 84' lang='lat' dir='ltr'><strong>luit,</strong></span> <span class='ocrx_word' id='word_1_28' title='bbox 182 683 275 743; x_wconf 89' lang='lat' dir='ltr'><strong>quam</strong></span> <span class='ocrx_word' id='word_1_29' title='bbox 293 685 373 744; x_wconf 91' lang='lat' dir='ltr'><strong>quae</strong></span> <span class='ocrx_word' id='word_1_30' title='bbox 387 668 425 729; x_wconf 88' lang='lat' dir='ltr'><strong>ab</strong></span> <span class='ocrx_word' id='word_1_31' title='bbox 441 669 534 729; x_wconf 91' lang='lat' dir='ltr'><strong>sociis</strong></span> <span class='ocrx_word' id='word_1_32' title='bbox 547 669 747 744; x_wconf 90' lang='lat' dir='ltr'><strong>patiebantur.</strong></span> <span class='ocrx_word' id='word_1_33' title='bbox 770 668 848 729; x_wconf 87' lang='lat' dir='ltr'><strong>haec</strong></span> <span class='ocrx_word' id='word_1_34' title='bbox 859 670 949 729; x_wconf 89' lang='lat' dir='ltr'><strong>etiam</strong></span> <span class='ocrx_word' id='word_1_35' title='bbox 960 670 1081 732; x_wconf 80' lang='lat' dir='ltr'><strong>facienti</strong></span> 
     </span>
     <span class='ocr_line' id='line_1_6' title="bbox 100 749 1081 827; baseline 0.004 -17"><span class='ocrx_word' id='word_1_36' title='bbox 100 749 240 827; x_wconf 80' lang='lat' dir='ltr'><strong>Philippo</strong></span> <span class='ocrx_word' id='word_1_37' title='bbox 263 754 378 813; x_wconf 89' lang='lat' dir='ltr'><strong>acerba</strong></span> <span class='ocrx_word' id='word_1_38' title='bbox 397 759 497 826; x_wconf 89' lang='lat' dir='ltr'><strong>erant,</strong></span> <span class='ocrx_word' id='word_1_39' title='bbox 519 753 576 813; x_wconf 94' lang='lat' dir='ltr'><strong>sed</strong></span> <span class='ocrx_word' id='word_1_40' title='bbox 597 760 712 814; x_wconf 86' lang='lat' dir='ltr'><strong>eterra</strong></span> <span class='ocrx_word' id='word_1_41' title='bbox 733 769 806 814; x_wconf 89' lang='lat' dir='ltr'><strong>mox</strong></span> <span class='ocrx_word' id='word_1_42' title='bbox 827 753 929 813; x_wconf 89' lang='lat' dir='ltr'><strong>lutura</strong></span> <span class='ocrx_word' id='word_1_43' title='bbox 949 752 1081 815; x_wconf 88' lang='lat' dir='ltr'><strong>hostiurn</strong></span> 
     </span>
     <span class='ocr_line' id='line_1_7' title="bbox 101 837 1082 912; baseline 0.005 -18"><span class='ocrx_word' id='word_1_44' title='bbox 101 849 233 910; x_wconf 86' lang='lat' dir='ltr'><strong>corpora</strong></span> <span class='ocrx_word' id='word_1_45' title='bbox 260 838 370 897; x_wconf 86' lang='lat' dir='ltr'><strong>saltem</strong></span> <span class='ocrx_word' id='word_1_46' title='bbox 393 837 513 912; x_wconf 91' lang='lat' dir='ltr'><strong>eripere</strong></span> <span class='ocrx_word' id='word_1_47' title='bbox 541 837 697 898; x_wconf 91' lang='lat' dir='ltr'><strong>sociorum</strong></span> <span class='ocrx_word' id='word_1_48' title='bbox 717 838 848 898; x_wconf 88' lang='lat' dir='ltr'><strong>volebat.</strong></span> <span class='ocrx_word' id='word_1_49' title='bbox 881 837 923 898; x_wconf 89' lang='lat' dir='ltr'><strong>ita</strong></span> <span class='ocrx_word' id='word_1_50' title='bbox 944 845 1082 899; x_wconf 88' lang='lat' dir='ltr'><strong>evastata</strong></span> 
     </span>
     <span class='ocr_line' id='line_1_8' title="bbox 101 919 1081 1000; baseline 0.004 -22"><span class='ocrx_word' id='word_1_51' title='bbox 101 920 216 994; x_wconf 91' lang='lat' dir='ltr'><strong>oppida</strong></span> <span class='ocrx_word' id='word_1_52' title='bbox 241 929 316 981; x_wconf 91' lang='lat' dir='ltr'><strong>sunt</strong></span> <span class='ocrx_word' id='word_1_53' title='bbox 334 919 478 982; x_wconf 81' lang='lat' dir='ltr'><strong>Phacium</strong></span> <span class='ocrx_word' id='word_1_54' title='bbox 498 920 612 981; x_wconf 85' lang='lat' dir='ltr'><strong>Iresiae</strong></span> <span class='ocrx_word' id='word_1_55' title='bbox 631 920 822 1000; x_wconf 78' lang='lat' dir='ltr'><strong>Euhydrium</strong></span> <span class='ocrx_word' id='word_1_56' title='bbox 840 921 957 982; x_wconf 86' lang='lat' dir='ltr'><strong>Eretria</strong></span> <span class='ocrx_word' id='word_1_57' title='bbox 975 921 1081 982; x_wconf 89' lang='lat' dir='ltr'><strong>Palae·</strong></span> 
     </span>
     <span class='ocr_line' id='line_1_9' title="bbox 100 1000 1081 1081; baseline 0.004 -19"><span class='ocrx_word' id='word_1_58' title='bbox 100 1000 273 1077; x_wconf 90' lang='lat' dir='ltr'><strong>pharsalus.</strong></span> <span class='ocrx_word' id='word_1_59' title='bbox 297 1004 412 1065; x_wconf 89' lang='lat' dir='ltr'><strong>Pheras</strong></span> <span class='ocrx_word' id='word_1_60' title='bbox 427 1020 496 1065; x_wconf 89' lang='lat' dir='ltr'><strong>eum</strong></span> <span class='ocrx_word' id='word_1_61' title='bbox 513 1011 639 1080; x_wconf 82' lang='lat' dir='ltr'><strong>peteret</strong></span> <span class='ocrx_word' id='word_1_62' title='bbox 654 1006 808 1079; x_wconf 86' lang='lat' dir='ltr'><strong>exclusus,</strong></span> <span class='ocrx_word' id='word_1_63' title='bbox 825 1005 897 1081; x_wconf 86' lang='lat' dir='ltr'><strong>quia</strong></span> <span class='ocrx_word' id='word_1_64' title='bbox 907 1020 959 1065; x_wconf 91' lang='lat' dir='ltr'><strong>res</strong></span> <span class='ocrx_word' id='word_1_65' title='bbox 971 1005 1081 1081; x_wconf 80' lang='lat' dir='ltr'><strong>egebat</strong></span> 
     </span>
     <span class='ocr_line' id='line_1_10' title="bbox 100 1088 1079 1165; baseline 0.007 -20"><span class='ocrx_word' id='word_1_66' title='bbox 100 1100 184 1148; x_wconf 91' lang='lat' dir='ltr'><strong>mora</strong></span> <span class='ocrx_word' id='word_1_67' title='bbox 194 1088 222 1148; x_wconf 91' lang='lat' dir='ltr'><strong>si</strong></span> <span class='ocrx_word' id='word_1_68' title='bbox 232 1103 416 1164; x_wconf 78' lang='lat' dir='ltr'><strong>expugnare</strong></span> <span class='ocrx_word' id='word_1_69' title='bbox 425 1089 526 1161; x_wconf 87' lang='lat' dir='ltr'><strong>vellet,</strong></span> <span class='ocrx_word' id='word_1_70' title='bbox 541 1104 599 1148; x_wconf 91' lang='lat' dir='ltr'><strong>nec</strong></span> <span class='ocrx_word' id='word_1_71' title='bbox 609 1095 731 1163; x_wconf 89' lang='lat' dir='ltr'><strong>tempus</strong></span> <span class='ocrx_word' id='word_1_72' title='bbox 742 1097 815 1163; x_wconf 82' lang='lat' dir='ltr'><strong>erat,</strong></span> <span class='ocrx_word' id='word_1_73' title='bbox 831 1089 946 1150; x_wconf 91' lang='lat' dir='ltr'><strong>omisso</strong></span> <span class='ocrx_word' id='word_1_74' title='bbox 957 1089 1079 1165; x_wconf 86' lang='lat' dir='ltr'><strong>incepto</strong></span> 
     </span>
     <span class='ocr_line' id='line_1_11' title="bbox 100 1167 1079 1249; baseline 0.008 -23"><span class='ocrx_word' id='word_1_75' title='bbox 100 1167 129 1228; x_wconf 94' lang='lat' dir='ltr'><strong>in</strong></span> <span class='ocrx_word' id='word_1_76' title='bbox 145 1169 362 1234; x_wconf 86' lang='lat' dir='ltr'><strong>Macedoniam</strong></span> <span class='ocrx_word' id='word_1_77' title='bbox 383 1172 579 1233; x_wconf 80' lang='lat' dir='ltr'><strong>transcendit.</strong></span> <span class='ocrx_word' id='word_1_78' title='bbox 615 1188 684 1232; x_wconf 91' lang='lat' dir='ltr'><strong>nam</strong></span> <span class='ocrx_word' id='word_1_79' title='bbox 705 1173 795 1234; x_wconf 90' lang='lat' dir='ltr'><strong>etiam</strong></span> <span class='ocrx_word' id='word_1_80' title='bbox 814 1174 943 1234; x_wconf 82' lang='lat' dir='ltr'><strong>Aetolos</strong></span> <span class='ocrx_word' id='word_1_81' title='bbox 966 1189 1079 1249; x_wconf 91' lang='lat' dir='ltr'><strong>appro-</strong></span> 
     </span>
     <span class='ocr_line' id='line_1_12' title="bbox 101 1253 1079 1333; baseline 0.006 -21"><span class='ocrx_word' id='word_1_82' title='bbox 101 1253 250 1330; x_wconf 87' lang='lat' dir='ltr'><strong>pinquare</strong></span> <span class='ocrx_word' id='word_1_83' title='bbox 265 1257 347 1317; x_wconf 89' lang='lat' dir='ltr'><strong>lama</strong></span> <span class='ocrx_word' id='word_1_84' title='bbox 359 1264 432 1317; x_wconf 89' lang='lat' dir='ltr'><strong>erat.</strong></span> <span class='ocrx_word' id='word_1_85' title='bbox 455 1256 507 1331; x_wconf 93' lang='lat' dir='ltr'><strong>qui</strong></span> <span class='ocrx_word' id='word_1_86' title='bbox 518 1256 621 1317; x_wconf 86' lang='lat' dir='ltr'><strong>audito</strong></span> <span class='ocrx_word' id='word_1_87' title='bbox 634 1257 760 1331; x_wconf 88' lang='lat' dir='ltr'><strong>proelio,</strong></span> <span class='ocrx_word' id='word_1_88' title='bbox 773 1258 857 1333; x_wconf 90' lang='lat' dir='ltr'><strong>quod</strong></span> <span class='ocrx_word' id='word_1_89' title='bbox 868 1257 950 1317; x_wconf 87' lang='lat' dir='ltr'><strong>cirea</strong></span> <span class='ocrx_word' id='word_1_90' title='bbox 961 1272 1079 1318; x_wconf 88' lang='lat' dir='ltr'><strong>amnem</strong></span> 
     </span>
     <span class='ocr_line' id='line_1_13' title="bbox 101 1336 1078 1417; baseline 0.008 -23"><span class='ocrx_word' id='word_1_91' title='bbox 101 1336 198 1399; x_wconf 81' lang='lat' dir='ltr'><strong>Aoum</strong></span> <span class='ocrx_word' id='word_1_92' title='bbox 220 1341 337 1401; x_wconf 84' lang='lat' dir='ltr'><strong>lactum</strong></span> <span class='ocrx_word' id='word_1_93' title='bbox 361 1348 439 1414; x_wconf 88' lang='lat' dir='ltr'><strong>eret,</strong></span> <span class='ocrx_word' id='word_1_94' title='bbox 460 1341 608 1415; x_wconf 86' lang='lat' dir='ltr'><strong>proximis</strong></span> <span class='ocrx_word' id='word_1_95' title='bbox 628 1341 714 1415; x_wconf 87' lang='lat' dir='ltr'><strong>prius</strong></span> <span class='ocrx_word' id='word_1_96' title='bbox 729 1341 874 1402; x_wconf 88' lang='lat' dir='ltr'><strong>evastatis</strong></span> <span class='ocrx_word' id='word_1_97' title='bbox 890 1341 973 1401; x_wconf 87' lang='lat' dir='ltr'><strong>circa</strong></span> <span class='ocrx_word' id='word_1_98' title='bbox 986 1340 1078 1417; x_wconf 92' lang='lat' dir='ltr'><strong>Sper·</strong></span> 
     </span>
     <span class='ocr_line' id='line_1_14' title="bbox 75 1418 1077 1500; baseline 0.005 -19"><span class='ocrx_word' id='word_1_99' title='bbox 75 1468 81 1481; x_wconf 77' lang='grc'><em>,</em></span> <span class='ocrx_word' id='word_1_100' title='bbox 100 1418 182 1482; x_wconf 87' lang='lat' dir='ltr'><strong>chias</strong></span> <span class='ocrx_word' id='word_1_101' title='bbox 198 1431 231 1484; x_wconf 88' lang='lat' dir='ltr'><strong>et</strong></span> <span class='ocrx_word' id='word_1_102' title='bbox 244 1424 373 1484; x_wconf 88' lang='lat' dir='ltr'><strong>Macran</strong></span> <span class='ocrx_word' id='word_1_103' title='bbox 389 1440 480 1499; x_wconf 90' lang='lat' dir='ltr'><strong>quam</strong></span> <span class='ocrx_word' id='word_1_104' title='bbox 494 1431 607 1486; x_wconf 84' lang='lat' dir='ltr'><strong>vocant</strong></span> <span class='ocrx_word' id='word_1_105' title='bbox 620 1425 749 1500; x_wconf 82' lang='lat' dir='ltr'><strong>Comen,</strong></span> <span class='ocrx_word' id='word_1_106' title='bbox 764 1425 949 1500; x_wconf 80' lang='lat' dir='ltr'><strong>transgressi</strong></span> <span class='ocrx_word' id='word_1_107' title='bbox 962 1425 1033 1486; x_wconf 92' lang='lat' dir='ltr'><strong>inde</strong></span> <span class='ocrx_word' id='word_1_108' title='bbox 1047 1425 1077 1486; x_wconf 92' lang='lat' dir='ltr'><strong>in</strong></span> 
     </span>
     <span class='ocr_line' id='line_1_15' title="bbox 97 1502 1076 1587; baseline 0.007 -24"><span class='ocrx_word' id='word_1_109' title='bbox 97 1502 291 1568; x_wconf 77' lang='lat' dir='ltr'><strong>Thessaliam</strong></span> <span class='ocrx_word' id='word_1_110' title='bbox 306 1507 448 1587; x_wconf 83' lang='lat' dir='ltr'><strong>Cymines</strong></span> <span class='ocrx_word' id='word_1_111' title='bbox 464 1516 494 1569; x_wconf 88' lang='lat' dir='ltr'><strong>et</strong></span> <span class='ocrx_word' id='word_1_112' title='bbox 507 1511 632 1584; x_wconf 77' lang='lat' dir='ltr'><strong>Argeas</strong></span> <span class='ocrx_word' id='word_1_113' title='bbox 649 1508 749 1584; x_wconf 90' lang='lat' dir='ltr'><strong>primo</strong></span> <span class='ocrx_word' id='word_1_114' title='bbox 767 1509 882 1585; x_wconf 90' lang='lat' dir='ltr'><strong>impetu</strong></span> <span class='ocrx_word' id='word_1_115' title='bbox 898 1509 982 1585; x_wconf 89' lang='lat' dir='ltr'><strong>potiti</strong></span> <span class='ocrx_word' id='word_1_116' title='bbox 997 1518 1076 1571; x_wconf 86' lang='lat' dir='ltr'><strong>sunt</strong></span> 
     </span>
     <span class='ocr_line' id='line_1_16' title="bbox 99 1586 1079 1669; baseline 0.008 -23"><span class='ocrx_word' id='word_1_117' title='bbox 99 1586 311 1668; x_wconf 87' lang='lat' dir='ltr'><strong>aMetropoli,</strong></span> <span class='ocrx_word' id='word_1_118' title='bbox 334 1593 405 1652; x_wconf 89' lang='lat' dir='ltr'><strong>dum</strong></span> <span class='ocrx_word' id='word_1_119' title='bbox 418 1600 540 1654; x_wconf 87' lang='lat' dir='ltr'><strong>vastant</strong></span> <span class='ocrx_word' id='word_1_120' title='bbox 553 1608 662 1668; x_wconf 77' lang='lat' dir='ltr'><strong>agros,</strong></span> <span class='ocrx_word' id='word_1_121' title='bbox 685 1607 839 1654; x_wconf 84' lang='lat' dir='ltr'><strong>concursu</strong></span> <span class='ocrx_word' id='word_1_122' title='bbox 854 1592 1079 1669; x_wconf 85' lang='lat' dir='ltr'><strong>oppidanorum</strong></span> 
     </span>
     <span class='ocr_line' id='line_1_17' title="bbox 100 1670 1079 1752; baseline 0.004 -20"><span class='ocrx_word' id='word_1_123' title='bbox 100 1670 139 1732; x_wconf 83' lang='lat' dir='ltr'><strong>ad</strong></span> <span class='ocrx_word' id='word_1_124' title='bbox 151 1677 271 1736; x_wconf 90' lang='lat' dir='ltr'><strong>tuenda</strong></span> <span class='ocrx_word' id='word_1_125' title='bbox 285 1677 406 1737; x_wconf 90' lang='lat' dir='ltr'><strong>moenia</strong></span> <span class='ocrx_word' id='word_1_126' title='bbox 420 1678 500 1739; x_wconf 87' lang='lat' dir='ltr'><strong>iacto</strong></span> <span class='ocrx_word' id='word_1_127' title='bbox 515 1677 632 1752; x_wconf 88' lang='lat' dir='ltr'><strong>repulsi</strong></span> <span class='ocrx_word' id='word_1_128' title='bbox 646 1683 725 1737; x_wconf 89' lang='lat' dir='ltr'><strong>sunt.</strong></span> <span class='ocrx_word' id='word_1_129' title='bbox 763 1675 924 1738; x_wconf 84' lang='lat' dir='ltr'><strong>Callithera</strong></span> <span class='ocrx_word' id='word_1_130' title='bbox 937 1676 1009 1736; x_wconf 91' lang='lat' dir='ltr'><strong>inde</strong></span> <span class='ocrx_word' id='word_1_131' title='bbox 1026 1677 1079 1736; x_wconf 90' lang='lat' dir='ltr'><strong>ad·</strong></span> 
     </span>
     <span class='ocr_line' id='line_1_18' title="bbox 99 1758 1079 1836; baseline 0.005 -20"><span class='ocrx_word' id='word_1_132' title='bbox 99 1759 198 1827; x_wconf 74' lang='lat' dir='ltr'><strong>gressi</strong></span> <span class='ocrx_word' id='word_1_133' title='bbox 221 1760 352 1821; x_wconf 90' lang='lat' dir='ltr'><strong>similem</strong></span> <span class='ocrx_word' id='word_1_134' title='bbox 371 1761 516 1836; x_wconf 89' lang='lat' dir='ltr'><strong>impetum</strong></span> <span class='ocrx_word' id='word_1_135' title='bbox 537 1760 765 1836; x_wconf 89' lang='lat' dir='ltr'><strong>oppidanorum</strong></span> <span class='ocrx_word' id='word_1_136' title='bbox 787 1758 973 1835; x_wconf 88' lang='lat' dir='ltr'><strong>pertinacius</strong></span> <span class='ocrx_word' id='word_1_137' title='bbox 988 1760 1079 1821; x_wconf 89' lang='lat' dir='ltr'><strong>susti·</strong></span> 
     </span>
     <span class='ocr_line' id='line_1_19' title="bbox 99 1844 1079 1920; baseline 0.009 -24"><span class='ocrx_word' id='word_1_138' title='bbox 99 1851 247 1915; x_wconf 80' lang='lat' dir='ltr'><strong>nuerunt3</strong></span> <span class='ocrx_word' id='word_1_139' title='bbox 274 1846 504 1920; x_wconf 89' lang='lat' dir='ltr'><strong>compulsisque</strong></span> <span class='ocrx_word' id='word_1_140' title='bbox 519 1846 597 1905; x_wconf 90' lang='lat' dir='ltr'><strong>intra</strong></span> <span class='ocrx_word' id='word_1_141' title='bbox 613 1844 737 1904; x_wconf 92' lang='lat' dir='ltr'><strong>moenia</strong></span> <span class='ocrx_word' id='word_1_142' title='bbox 750 1844 803 1920; x_wconf 91' lang='lat' dir='ltr'><strong>qui</strong></span> <span class='ocrx_word' id='word_1_143' title='bbox 817 1850 990 1918; x_wconf 85' lang='lat' dir='ltr'><strong>eruperant,</strong></span> <span class='ocrx_word' id='word_1_144' title='bbox 1007 1860 1079 1905; x_wconf 88' lang='lat' dir='ltr'><strong>con·</strong></span> 
     </span>
     <span class='ocr_line' id='line_1_20' title="bbox 100 1926 1078 2005; baseline 0.006 -22"><span class='ocrx_word' id='word_1_145' title='bbox 100 1926 172 1985; x_wconf 88' lang='lat' dir='ltr'><strong>tenti</strong></span> <span class='ocrx_word' id='word_1_146' title='bbox 193 1942 233 1987; x_wconf 90' lang='lat' dir='ltr'><strong>ea</strong></span> <span class='ocrx_word' id='word_1_147' title='bbox 251 1928 394 2002; x_wconf 86' lang='lat' dir='ltr'><strong>victoria,</strong></span> <span class='ocrx_word' id='word_1_148' title='bbox 416 1930 488 2005; x_wconf 88' lang='lat' dir='ltr'><strong>qnia</strong></span> <span class='ocrx_word' id='word_1_149' title='bbox 508 1945 581 2005; x_wconf 90' lang='lat' dir='ltr'><strong>spes</strong></span> <span class='ocrx_word' id='word_1_150' title='bbox 604 1930 689 1989; x_wconf 90' lang='lat' dir='ltr'><strong>nulla</strong></span> <span class='ocrx_word' id='word_1_151' title='bbox 702 1928 865 1989; x_wconf 89' lang='lat' dir='ltr'><strong>admodum</strong></span> <span class='ocrx_word' id='word_1_152' title='bbox 881 1928 1078 2005; x_wconf 84' lang='lat' dir='ltr'><strong>expugnandi</strong></span> 
     </span>
     <span class='ocr_line' id='line_1_21' title="bbox 99 2012 1078 2083; baseline 0.009 -18"><span class='ocrx_word' id='word_1_153' title='bbox 99 2018 176 2083; x_wconf 88' lang='lat' dir='ltr'><strong>erat,</strong></span> <span class='ocrx_word' id='word_1_154' title='bbox 202 2012 431 2073; x_wconf 87' lang='lat' dir='ltr'><strong>abscessemnt.</strong></span> <span class='ocrx_word' id='word_1_155' title='bbox 465 2013 602 2074; x_wconf 83' lang='lat' dir='ltr'><strong>&#39;rheuma</strong></span> <span class='ocrx_word' id='word_1_156' title='bbox 616 2012 688 2072; x_wconf 91' lang='lat' dir='ltr'><strong>inde</strong></span> <span class='ocrx_word' id='word_1_157' title='bbox 702 2020 733 2073; x_wconf 88' lang='lat' dir='ltr'><strong>et</strong></span> <span class='ocrx_word' id='word_1_158' title='bbox 746 2013 909 2073; x_wconf 83' lang='lat' dir='ltr'><strong>Calathana</strong></span> <span class='ocrx_word' id='word_1_159' title='bbox 924 2014 1011 2074; x_wconf 85' lang='lat' dir='ltr'><strong>vicos</strong></span> <span class='ocrx_word' id='word_1_160' title='bbox 1025 2029 1078 2073; x_wconf 88' lang='lat' dir='ltr'><strong>ex·</strong></span> 
     </span>
     <span class='ocr_line' id='line_1_22' title="bbox 100 2095 1076 2171; baseline 0.004 -18"><span class='ocrx_word' id='word_1_161' title='bbox 100 2101 241 2168; x_wconf 78' lang='lat' dir='ltr'><strong>pugnant</strong></span> <span class='ocrx_word' id='word_1_162' title='bbox 261 2095 476 2169; x_wconf 75' lang='lat' dir='ltr'><strong>diripiuntque,</strong></span> <span class='ocrx_word' id='word_1_163' title='bbox 507 2095 662 2153; x_wconf 88' lang='lat' dir='ltr'><strong>Acharras</strong></span> <span class='ocrx_word' id='word_1_164' title='bbox 683 2111 739 2169; x_wconf 91' lang='lat' dir='ltr'><strong>per</strong></span> <span class='ocrx_word' id='word_1_165' title='bbox 752 2096 938 2156; x_wconf 89' lang='lat' dir='ltr'><strong>deditionem</strong></span> <span class='ocrx_word' id='word_1_166' title='bbox 951 2111 1076 2171; x_wconf 87' lang='lat' dir='ltr'><strong>recepe·</strong></span> 
     </span>
     <span class='ocr_line' id='line_1_23' title="bbox 97 2176 1080 2254; baseline 0.005 -20"><span class='ocrx_word' id='word_1_167' title='bbox 97 2184 181 2235; x_wconf 89' lang='lat' dir='ltr'><strong>runt.</strong></span> <span class='ocrx_word' id='word_1_168' title='bbox 207 2176 328 2254; x_wconf 77' lang='lat' dir='ltr'><strong>Xyniae</strong></span> <span class='ocrx_word' id='word_1_169' title='bbox 342 2177 432 2237; x_wconf 84' lang='lat' dir='ltr'><strong>simili</strong></span> <span class='ocrx_word' id='word_1_170' title='bbox 446 2183 528 2236; x_wconf 89' lang='lat' dir='ltr'><strong>metu</strong></span> <span class='ocrx_word' id='word_1_171' title='bbox 543 2193 562 2235; x_wconf 88' lang='lat' dir='ltr'><strong>a</strong></span> <span class='ocrx_word' id='word_1_172' title='bbox 576 2176 743 2236; x_wconf 85' lang='lat' dir='ltr'><strong>cultoribus</strong></span> <span class='ocrx_word' id='word_1_173' title='bbox 759 2178 899 2237; x_wconf 84' lang='lat' dir='ltr'><strong>desertae</strong></span> <span class='ocrx_word' id='word_1_174' title='bbox 914 2187 993 2238; x_wconf 88' lang='lat' dir='ltr'><strong>sunt.</strong></span> <span class='ocrx_word' id='word_1_175' title='bbox 1019 2179 1080 2239; x_wconf 85' lang='lat' dir='ltr'><strong>hoc</strong></span> 
     </span>
     <span class='ocr_line' id='line_1_24' title="bbox 99 2256 1079 2336; baseline 0.005 -20"><span class='ocrx_word' id='word_1_176' title='bbox 99 2256 232 2320; x_wconf 90' lang='lat' dir='ltr'><strong>sedibus</strong></span> <span class='ocrx_word' id='word_1_177' title='bbox 253 2260 319 2320; x_wconf 89' lang='lat' dir='ltr'><strong>suis</strong></span> <span class='ocrx_word' id='word_1_178' title='bbox 342 2268 464 2320; x_wconf 87' lang='lat' dir='ltr'><strong>extorre</strong></span> <span class='ocrx_word' id='word_1_179' title='bbox 481 2275 588 2334; x_wconf 78' lang='lat' dir='ltr'><strong>agmen</strong></span> <span class='ocrx_word' id='word_1_180' title='bbox 603 2259 633 2317; x_wconf 91' lang='lat' dir='ltr'><strong>in</strong></span> <span class='ocrx_word' id='word_1_181' title='bbox 650 2260 839 2333; x_wconf 89' lang='lat' dir='ltr'><strong>praesidium</strong></span> <span class='ocrx_word' id='word_1_182' title='bbox 853 2260 973 2334; x_wconf 86' lang='lat' dir='ltr'><strong>incidit,</strong></span> <span class='ocrx_word' id='word_1_183' title='bbox 996 2262 1079 2336; x_wconf 91' lang='lat' dir='ltr'><strong>qnod</strong></span> 
     </span>
     <span class='ocr_line' id='line_1_25' title="bbox 99 2341 1079 2419; baseline 0.002 -20"><span class='ocrx_word' id='word_1_184' title='bbox 99 2341 140 2401; x_wconf 88' lang='lat' dir='ltr'><strong>ad</strong></span> <span class='ocrx_word' id='word_1_185' title='bbox 154 2341 377 2418; x_wconf 75' lang='lat' dir='ltr'><strong>iheumacum,</strong></span> <span class='ocrx_word' id='word_1_186' title='bbox 394 2359 456 2419; x_wconf 89' lang='lat' dir='ltr'><strong>quo</strong></span> <span class='ocrx_word' id='word_1_187' title='bbox 470 2344 563 2404; x_wconf 89' lang='lat' dir='ltr'><strong>tutior</strong></span> <span class='ocrx_word' id='word_1_188' title='bbox 576 2343 769 2404; x_wconf 85' lang='lat' dir='ltr'><strong>frumentatio</strong></span> <span class='ocrx_word' id='word_1_189' title='bbox 784 2352 882 2418; x_wconf 90' lang='lat' dir='ltr'><strong>esset,</strong></span> <span class='ocrx_word' id='word_1_190' title='bbox 898 2344 1079 2405; x_wconf 68' lang='lat' dir='ltr'><strong>ducebaturr</strong></span> 
     </span>
     <span class='ocr_line' id='line_1_26' title="bbox 99 2423 1078 2505; baseline 0.006 -22"><span class='ocrx_word' id='word_1_191' title='bbox 99 2423 256 2491; x_wconf 90' lang='lat' dir='ltr'><strong>incondita</strong></span> <span class='ocrx_word' id='word_1_192' title='bbox 270 2429 457 2505; x_wconf 89' lang='lat' dir='ltr'><strong>inermisque</strong></span> <span class='ocrx_word' id='word_1_193' title='bbox 471 2427 631 2489; x_wconf 87' lang='lat' dir='ltr'><strong>multitudo</strong></span> <span class='ocrx_word' id='word_1_194' title='bbox 646 2426 741 2488; x_wconf 87' lang='lat' dir='ltr'><strong>mixta</strong></span> <span class='ocrx_word' id='word_1_195' title='bbox 756 2443 796 2488; x_wconf 89' lang='lat' dir='ltr'><strong>ex</strong></span> <span class='ocrx_word' id='word_1_196' title='bbox 810 2428 922 2488; x_wconf 91' lang='lat' dir='ltr'><strong>imbelli</strong></span> <span class='ocrx_word' id='word_1_197' title='bbox 937 2429 1026 2489; x_wconf 90' lang='lat' dir='ltr'><strong>turba</strong></span> <span class='ocrx_word' id='word_1_198' title='bbox 1039 2429 1078 2489; x_wconf 86' lang='lat' dir='ltr'><strong>ab</strong></span> 
     </span>
     <span class='ocr_line' id='line_1_27' title="bbox 101 2511 1079 2592; baseline 0.004 -22"><span class='ocrx_word' id='word_1_199' title='bbox 101 2512 223 2573; x_wconf 74' lang='lat' dir='ltr'><strong>amatis</strong></span> <span class='ocrx_word' id='word_1_200' title='bbox 238 2529 331 2574; x_wconf 90' lang='lat' dir='ltr'><strong>caesa</strong></span> <span class='ocrx_word' id='word_1_201' title='bbox 344 2522 399 2575; x_wconf 90' lang='lat' dir='ltr'><strong>est.</strong></span> <span class='ocrx_word' id='word_1_202' title='bbox 423 2512 543 2592; x_wconf 82' lang='lat' dir='ltr'><strong>Xyniae</strong></span> <span class='ocrx_word' id='word_1_203' title='bbox 557 2512 699 2573; x_wconf 87' lang='lat' dir='ltr'><strong>desertae</strong></span> <span class='ocrx_word' id='word_1_204' title='bbox 710 2511 902 2589; x_wconf 85' lang='lat' dir='ltr'><strong>diripiuntur.</strong></span> <span class='ocrx_word' id='word_1_205' title='bbox 917 2512 1079 2592; x_wconf 84' lang='lat' dir='ltr'><strong>Cyphaera</strong></span> 
     </span>
     <span class='ocr_line' id='line_1_28' title="bbox 101 2589 1077 2674; baseline 0.005 -22"><span class='ocrx_word' id='word_1_206' title='bbox 101 2589 171 2655; x_wconf 92' lang='lat' dir='ltr'><strong>inde</strong></span> <span class='ocrx_word' id='word_1_207' title='bbox 190 2598 292 2658; x_wconf 91' lang='lat' dir='ltr'><strong>Aetoli</strong></span> <span class='ocrx_word' id='word_1_208' title='bbox 313 2599 450 2674; x_wconf 89' lang='lat' dir='ltr'><strong>capiunt,</strong></span> <span class='ocrx_word' id='word_1_209' title='bbox 477 2605 650 2672; x_wconf 89' lang='lat' dir='ltr'><strong>opportune</strong></span> <span class='ocrx_word' id='word_1_210' title='bbox 671 2597 820 2673; x_wconf 92' lang='lat' dir='ltr'><strong>Dolopiae</strong></span> <span class='ocrx_word' id='word_1_211' title='bbox 846 2596 1005 2658; x_wconf 87' lang='lat' dir='ltr'><strong>imminens</strong></span> <span class='ocrx_word' id='word_1_212' title='bbox 1027 2613 1077 2658; x_wconf 86' lang='lat' dir='ltr'><strong>ea·</strong></span> 
     </span>
     <span class='ocr_line' id='line_1_29' title="bbox 103 2679 1077 2757; baseline 0.008 -23"><span class='ocrx_word' id='word_1_213' title='bbox 103 2679 229 2741; x_wconf 87' lang='lat' dir='ltr'><strong>stallum.</strong></span> <span class='ocrx_word' id='word_1_214' title='bbox 262 2681 339 2742; x_wconf 89' lang='lat' dir='ltr'><strong>haee</strong></span> <span class='ocrx_word' id='word_1_215' title='bbox 359 2681 469 2757; x_wconf 88' lang='lat' dir='ltr'><strong>raptim</strong></span> <span class='ocrx_word' id='word_1_216' title='bbox 486 2681 564 2740; x_wconf 89' lang='lat' dir='ltr'><strong>intra</strong></span> <span class='ocrx_word' id='word_1_217' title='bbox 578 2696 697 2756; x_wconf 87' lang='lat' dir='ltr'><strong>pancos</strong></span> <span class='ocrx_word' id='word_1_218' title='bbox 713 2681 780 2742; x_wconf 93' lang='lat' dir='ltr'><strong>dies</strong></span> <span class='ocrx_word' id='word_1_219' title='bbox 797 2683 834 2742; x_wconf 91' lang='lat' dir='ltr'><strong>ab</strong></span> <span class='ocrx_word' id='word_1_220' title='bbox 848 2682 965 2742; x_wconf 88' lang='lat' dir='ltr'><strong>Aetolis</strong></span> <span class='ocrx_word' id='word_1_221' title='bbox 980 2690 1077 2757; x_wconf 81' lang='lat' dir='ltr'><strong>gesta</strong></span> 
     </span>
     <span class='ocr_line' id='line_1_30' title="bbox 103 2763 1078 2844; baseline 0.01 -27"><span class='ocrx_word' id='word_1_222' title='bbox 103 2773 157 2821; x_wconf 90' lang='lat' dir='ltr'><strong>neo</strong></span> <span class='ocrx_word' id='word_1_223' title='bbox 169 2764 371 2844; x_wconf 83' lang='lat' dir='ltr'><strong>Amynander</strong></span> <span class='ocrx_word' id='word_1_224' title='bbox 385 2772 478 2840; x_wconf 87' lang='lat' dir='ltr'><strong>atque</strong></span> <span class='ocrx_word' id='word_1_225' title='bbox 491 2763 680 2825; x_wconf 85' lang='lat' dir='ltr'><strong>Athamanes</strong></span> <span class='ocrx_word' id='word_1_226' title='bbox 694 2774 767 2841; x_wconf 88' lang='lat' dir='ltr'><strong>post</strong></span> <span class='ocrx_word' id='word_1_227' title='bbox 781 2766 891 2825; x_wconf 90' lang='lat' dir='ltr'><strong>lamam</strong></span> <span class='ocrx_word' id='word_1_228' title='bbox 906 2781 1078 2841; x_wconf 88' lang='lat' dir='ltr'><strong>prosperae</strong></span> 
     </span>
     <span class='ocr_line' id='line_1_31' title="bbox 104 2848 1078 2928; baseline 0.001 -21"><span class='ocrx_word' id='word_1_229' title='bbox 104 2857 223 2921; x_wconf 73' lang='lat' dir='ltr'><strong>pugnae</strong></span> <span class='ocrx_word' id='word_1_230' title='bbox 235 2850 442 2910; x_wconf 90' lang='lat' dir='ltr'><strong>Romanorum</strong></span> <span class='ocrx_word' id='word_1_231' title='bbox 460 2848 650 2923; x_wconf 84' lang='lat' dir='ltr'><strong>quieverunt</strong></span> <span class='ocrx_word' id='word_1_232' title='bbox 671 2849 751 2908; x_wconf 85' lang='lat' dir='ltr'><strong>XIV.</strong></span> <span class='ocrx_word' id='word_1_233' title='bbox 773 2857 906 2910; x_wconf 90' lang='lat' dir='ltr'><strong>ceterum</strong></span> <span class='ocrx_word' id='word_1_234' title='bbox 919 2850 1078 2928; x_wconf 86' lang='lat' dir='ltr'><strong>Amynan·</strong></span> 
     </span>
     <span class='ocr_line' id='line_1_32' title="bbox 104 2925 1075 3008; baseline 0.01 -23"><span class='ocrx_word' id='word_1_235' title='bbox 104 2925 155 2988; x_wconf 85' lang='lat' dir='ltr'><strong>der</strong></span> <span class='ocrx_word' id='word_1_236' title='bbox 171 2933 244 3007; x_wconf 91' lang='lat' dir='ltr'><strong>quia</strong></span> <span class='ocrx_word' id='word_1_237' title='bbox 258 2949 314 2995; x_wconf 90' lang='lat' dir='ltr'><strong>sno</strong></span> <span class='ocrx_word' id='word_1_238' title='bbox 327 2933 411 2993; x_wconf 89' lang='lat' dir='ltr'><strong>militi</strong></span> <span class='ocrx_word' id='word_1_239' title='bbox 421 2947 530 3008; x_wconf 87' lang='lat' dir='ltr'><strong>parum</strong></span> <span class='ocrx_word' id='word_1_240' title='bbox 540 2931 664 3007; x_wconf 73' lang='lat' dir='ltr'><strong>fidebat</strong></span> <span class='ocrx_word' id='word_1_241' title='bbox 678 2933 773 3008; x_wconf 89' lang='lat' dir='ltr'><strong>petito</strong></span> <span class='ocrx_word' id='word_1_242' title='bbox 786 2935 943 2994; x_wconf 90' lang='lat' dir='ltr'><strong>aconsule</strong></span> <span class='ocrx_word' id='word_1_243' title='bbox 954 2931 1075 2995; x_wconf 89' lang='lat' dir='ltr'><strong>modico</strong></span> 
     </span>
     <span class='ocr_line' id='line_1_33' title="bbox 103 3015 1077 3094; baseline 0.008 -24"><span class='ocrx_word' id='word_1_244' title='bbox 103 3016 255 3082; x_wconf 88' lang='lat' dir='ltr'><strong>praesidio</strong></span> <span class='ocrx_word' id='word_1_245' title='bbox 278 3034 347 3078; x_wconf 89' lang='lat' dir='ltr'><strong>oum</strong></span> <span class='ocrx_word' id='word_1_246' title='bbox 366 3015 523 3092; x_wconf 87' lang='lat' dir='ltr'><strong>Gomphos</strong></span> <span class='ocrx_word' id='word_1_247' title='bbox 537 3024 669 3091; x_wconf 90' lang='lat' dir='ltr'><strong>peteret,</strong></span> <span class='ocrx_word' id='word_1_248' title='bbox 691 3018 839 3093; x_wconf 89' lang='lat' dir='ltr'><strong>oppidum</strong></span> <span class='ocrx_word' id='word_1_249' title='bbox 863 3017 1000 3094; x_wconf 86' lang='lat' dir='ltr'><strong>protinus</strong></span> <span class='ocrx_word' id='word_1_250' title='bbox 1022 3033 1077 3078; x_wconf 92' lang='lat' dir='ltr'><strong>no·</strong></span> 
     </span>
     <span class='ocr_line' id='line_1_34' title="bbox 105 3095 1076 3177; baseline 0.004 -21"><span class='ocrx_word' id='word_1_251' title='bbox 105 3095 178 3158; x_wconf 84' lang='lat' dir='ltr'><strong>mine</strong></span> <span class='ocrx_word' id='word_1_252' title='bbox 191 3099 351 3173; x_wconf 87' lang='lat' dir='ltr'><strong>Phaecam,</strong></span> <span class='ocrx_word' id='word_1_253' title='bbox 367 3101 458 3161; x_wconf 89' lang='lat' dir='ltr'><strong>situm</strong></span> <span class='ocrx_word' id='word_1_254' title='bbox 472 3101 549 3161; x_wconf 90' lang='lat' dir='ltr'><strong>inter</strong></span> <span class='ocrx_word' id='word_1_255' title='bbox 562 3100 721 3177; x_wconf 88' lang='lat' dir='ltr'><strong>Gomphos</strong></span> <span class='ocrx_word' id='word_1_256' title='bbox 737 3103 905 3177; x_wconf 84' lang='lat' dir='ltr'><strong>lancesque</strong></span> <span class='ocrx_word' id='word_1_257' title='bbox 919 3108 1076 3176; x_wconf 74' lang='lat' dir='ltr'><strong>angustas,</strong></span> 
     </span>
     <span class='ocr_line' id='line_1_35' title="bbox 105 3183 1077 3260; baseline 0.004 -21"><span class='ocrx_word' id='word_1_258' title='bbox 105 3193 180 3252; x_wconf 88' lang='lat' dir='ltr'><strong>quae</strong></span> <span class='ocrx_word' id='word_1_259' title='bbox 201 3185 240 3244; x_wconf 93' lang='lat' dir='ltr'><strong>ah</strong></span> <span class='ocrx_word' id='word_1_260' title='bbox 254 3184 437 3245; x_wconf 84' lang='lat' dir='ltr'><strong>Athamania</strong></span> <span class='ocrx_word' id='word_1_261' title='bbox 448 3183 640 3245; x_wconf 85' lang='lat' dir='ltr'><strong>Thessaliam</strong></span> <span class='ocrx_word' id='word_1_262' title='bbox 661 3186 818 3260; x_wconf 89' lang='lat' dir='ltr'><strong>dirimunt,</strong></span> <span class='ocrx_word' id='word_1_263' title='bbox 838 3185 868 3244; x_wconf 88' lang='lat' dir='ltr'><strong>vi</strong></span> <span class='ocrx_word' id='word_1_264' title='bbox 889 3184 979 3260; x_wconf 86' lang='lat' dir='ltr'><strong>cepit</strong></span> <span class='ocrx_word' id='word_1_265' title='bbox 1004 3184 1077 3244; x_wconf 88' lang='lat' dir='ltr'><strong>inde</strong></span> 
     </span>
    </p>
   </div>
   <div class='ocr_carea' id='block_1_3' title="bbox 106 3259 1167 3588">
    <p class='ocr_par' dir='ltr' id='par_1_3' title="bbox 106 3259 1167 3588">
     <span class='ocr_line' id='line_1_36' title="bbox 106 3259 1076 3344; baseline 0.003 -20"><span class='ocrx_word' id='word_1_266' title='bbox 106 3259 257 3342; x_wconf 79' lang='lat' dir='ltr'><strong>Gomphos</strong></span> <span class='ocrx_word' id='word_1_267' title='bbox 277 3270 419 3343; x_wconf 86' lang='lat' dir='ltr'><strong>adortus,</strong></span> <span class='ocrx_word' id='word_1_268' title='bbox 441 3275 471 3328; x_wconf 89' lang='lat' dir='ltr'><strong>et</strong></span> <span class='ocrx_word' id='word_1_269' title='bbox 492 3284 549 3344; x_wconf 88' lang='lat' dir='ltr'><strong>per</strong></span> <span class='ocrx_word' id='word_1_270' title='bbox 562 3268 680 3344; x_wconf 88' lang='lat' dir='ltr'><strong>aliquot</strong></span> <span class='ocrx_word' id='word_1_271' title='bbox 693 3269 760 3330; x_wconf 91' lang='lat' dir='ltr'><strong>dies</strong></span> <span class='ocrx_word' id='word_1_272' title='bbox 775 3284 895 3329; x_wconf 91' lang='lat' dir='ltr'><strong>summa</strong></span> <span class='ocrx_word' id='word_1_273' title='bbox 910 3268 940 3327; x_wconf 90' lang='lat' dir='ltr'><strong>vi</strong></span> <span class='ocrx_word' id='word_1_274' title='bbox 956 3275 1076 3328; x_wconf 89' lang='lat' dir='ltr'><strong>tuentes</strong></span> 
     </span>
     <span class='ocr_line' id='line_1_37' title="bbox 106 3347 1076 3427; baseline 0.004 -22"><span class='ocrx_word' id='word_1_275' title='bbox 106 3347 222 3425; x_wconf 87' lang='lat' dir='ltr'><strong>urbem,</strong></span> <span class='ocrx_word' id='word_1_276' title='bbox 244 3368 312 3413; x_wconf 86' lang='lat' dir='ltr'><strong>cum</strong></span> <span class='ocrx_word' id='word_1_277' title='bbox 326 3353 386 3412; x_wconf 89' lang='lat' dir='ltr'><strong>iam</strong></span> <span class='ocrx_word' id='word_1_278' title='bbox 407 3354 508 3413; x_wconf 89' lang='lat' dir='ltr'><strong>scalas</strong></span> <span class='ocrx_word' id='word_1_279' title='bbox 524 3352 564 3413; x_wconf 88' lang='lat' dir='ltr'><strong>ad</strong></span> <span class='ocrx_word' id='word_1_280' title='bbox 578 3353 701 3413; x_wconf 88' lang='lat' dir='ltr'><strong>moenia</strong></span> <span class='ocrx_word' id='word_1_281' title='bbox 714 3353 879 3427; x_wconf 85' lang='lat' dir='ltr'><strong>erexisset,</strong></span> <span class='ocrx_word' id='word_1_282' title='bbox 902 3367 939 3413; x_wconf 94' lang='lat' dir='ltr'><strong>eo</strong></span> <span class='ocrx_word' id='word_1_283' title='bbox 954 3351 1076 3411; x_wconf 92' lang='lat' dir='ltr'><strong>demum</strong></span> 
     </span>
     <span class='ocr_line' id='line_1_38' title="bbox 106 3432 1075 3518; baseline -0.002 -27"><span class='ocrx_word' id='word_1_284' title='bbox 106 3441 182 3518; x_wconf 66' lang='lat' dir='ltr'><strong>tnetu</strong></span> <span class='ocrx_word' id='word_1_285' title='bbox 200 3437 334 3511; x_wconf 89' lang='lat' dir='ltr'><strong>perpulit</strong></span> <span class='ocrx_word' id='word_1_286' title='bbox 356 3438 395 3497; x_wconf 89' lang='lat' dir='ltr'><strong>ad</strong></span> <span class='ocrx_word' id='word_1_287' title='bbox 409 3436 606 3497; x_wconf 88' lang='lat' dir='ltr'><strong>deditionem.</strong></span> <span class='ocrx_word' id='word_1_288' title='bbox 639 3436 717 3496; x_wconf 87' lang='lat' dir='ltr'><strong>haee</strong></span> <span class='ocrx_word' id='word_1_289' title='bbox 732 3437 853 3496; x_wconf 89' lang='lat' dir='ltr'><strong>traditio</strong></span> <span class='ocrx_word' id='word_1_290' title='bbox 869 3432 1075 3507; x_wconf 86' lang='lat' dir='ltr'><strong>Gomphorum</strong></span> 
     </span>
     <span class='ocr_line' id='line_1_39' title="bbox 108 3514 1167 3588; baseline -0.008 -11"><span class='ocrx_word' id='word_1_291' title='bbox 108 3523 252 3588; x_wconf 67' lang='lat' dir='ltr'><strong>legentem</strong></span> <span class='ocrx_word' id='word_1_292' title='bbox 276 3529 423 3581; x_wconf 83' lang='lat' dir='ltr'><strong>terrorem</strong></span> <span class='ocrx_word' id='word_1_293' title='bbox 442 3520 599 3580; x_wconf 88' lang='lat' dir='ltr'><strong>Thessalis</strong></span> <span class='ocrx_word' id='word_1_294' title='bbox 619 3519 726 3579; x_wconf 85' lang='lat' dir='ltr'><strong>intulit</strong></span> <span class='ocrx_word' id='word_1_295' title='bbox 762 3517 909 3577; x_wconf 82' lang='lat' dir='ltr'><strong>dedidere</strong></span> <span class='ocrx_word' id='word_1_296' title='bbox 928 3514 1075 3583; x_wconf 84' lang='lat' dir='ltr'><strong>deinceps</strong></span> <span class='ocrx_word' id='word_1_297' title='bbox 1165 3576 1167 3582; x_wconf 83' lang='lat'><em>.</em></span> 
     </span>
    </p>
   </div>
   <div class='ocr_carea' id='block_1_4' title="bbox 0 0 1307 4000">
    <p class='ocr_par' dir='ltr' id='par_1_4' title="bbox 0 0 1307 4000">
     <span class='ocr_line' id='line_1_40' title="bbox 0 0 1307 4000; baseline 0 0"><span class='ocrx_word' id='word_1_298' title='bbox 0 0 1307 4000; x_wconf 95' lang='lat' dir='ltr'><strong> </strong></span> 
     </span>
    </p>
   </div>
  </div>
 </body>
</html>
