2600 4000
250 229 364 290 LIBER
377 230 538 290 XXXVIII.
560 232 642 290 chr.
653 242 697 292 45.
708 240 753 292 46.
776 237 812 304 [a.
826 236 933 306 (1.187]
1019 232 1080 298 ³61

109 384 276 448 temeritate
290 381 491 459 imperatoris,
509 385 592 445 nullo
606 381 741 457 gentimn
752 382 818 442 iure
829 382 941 443 bellurn
951 384 1080 449 inseren-

108 470 162 541 tis,
182 481 301 543 poenas
320 468 404 529 luere
424 468 592 528 exercitum
605 467 785 535 noluerunt;
806 463 918 526 deinde
933 469 1016 542 quod
1030 470 1082 531 be-

108 554 185 624 luas,
200 567 263 611 non
276 550 373 613 hostis
387 550 478 613 nobis
493 551 700 612 obiecerunt.“
719 549 824 609 XLVI.
845 550 958 623 „nolite
972 568 1082 614 nomen

108 642 223 697 tantum
246 632 421 696 existimare
439 634 566 695 mixtum
582 648 655 694 esse
677 632 960 707 Gallograecorum:
989 635 1083 696 multo

109 726 180 780 ante
194 726 224 779 et
243 733 377 795 corpora
396 726 426 780 et
440 717 530 778 animi
549 715 635 777 mixti
650 731 688 777 ac
701 716 796 776 vitiati
811 723 890 778 sunt.
924 733 978 791 an,
1000 718 1028 778 si
1042 719 1083 779 illi

109 802 185 863 Galli
205 809 309 865 essent
328 817 397 864 cum
423 801 535 876 quibus
558 799 688 861 milliens
708 799 793 860 vario
815 805 927 862 eventu
948 800 1084 862 initalia

108 893 272 962 pugnatum
287 892 343 959 est,
359 884 549 961 quantumin
564 884 747 959 imperatore
761 888 864 945 vestro
880 883 944 959 ruit,
959 884 1083 946 nuntius

108 969 189 1030 illinc
201 968 357 1030 redissett
377 967 425 1029 bis
440 982 510 1030 cum
523 967 561 1028 iis
575 972 744 1043 pugnatum
758 974 814 1040 est
830 966 877 1026 bis
892 968 962 1029 loco
976 967 1082 1045 iniquo

107 1053 214 1128 subiit,
239 1053 271 1112 in
293 1053 372 1112 valle
395 1051 541 1113 interiore
560 1049 692 1127 pedibus
713 1065 812 1126 paene
832 1050 966 1111 hostirun
987 1051 1083 1110 aciem

107 1136 245 1198 subiecit
266 1142 376 1197 utnon
390 1135 451 1196 tela
465 1151 505 1195 ex
519 1133 681 1211 superiore
694 1134 764 1195 loco
775 1134 933 1210 mitterent,
948 1134 1005 1195 sed
1016 1149 1082 1195 cor-

106 1236 184 1297 pora
197 1235 254 1281 sua
268 1219 352 1280 ouda
363 1217 518 1293 inicerent,
534 1218 664 1278 obruere
675 1233 734 1280 nos
745 1223 916 1293 potuerunt
940 1217 1015 1293 quid
1028 1218 1080 1293 igi-

106 1312 156 1365 tur
174 1302 301 1364 inciditt
327 1317 438 1379 magna
458 1302 581 1362 iortmm
594 1301 701 1377 populi
714 1301 844 1363 Romani
857 1308 919 1376 est,
939 1316 1081 1376 magnum

109 1394 140 1447 et
152 1385 287 1446 terribile
305 1401 426 1448 nomen.
452 1386 567 1446 recenti
580 1385 671 1445 ruina
682 1383 861 1447 Hannibabs
874 1384 1006 1461 Philippi
1018 1388 1081 1447 An·

106 1469 200 1531 tiochi
214 1485 312 1545 prope
327 1469 446 1531 attoniti
460 1475 561 1531 erantz
583 1474 686 1530 tantae
697 1484 860 1546 corporum
870 1469 968 1530 moles
979 1469 1081 1530 tundis

106 1552 338 1629 sapiensquam
358 1554 461 1629 iugem
483 1558 696 1614 consternatae
716 1561 802 1628 sunt,
823 1552 944 1628 gladius
964 1553 995 1611 in
1015 1553 1081 1612 acie

106 1642 282 1698 cruentatus
297 1652 359 1697 nou
374 1644 422 1698 est
433 1636 547 1698 Gallico
561 1637 662 1706 bell03
677 1639 762 1699 velut
775 1637 877 1696 avium
891 1633 1032 1694 examina
1042 1635 1081 1694 ad

106 1721 255 1795 crepitum
275 1719 405 1796 primum
424 1721 586 1783 missilium
606 1722 780 1781 evolavere.
808 1725 839 1778 at
857 1717 983 1775 hercule
1002 1716 1081 1777 idem

105 1819 173 1879 nos,
187 1804 370 1866 admonente
382 1806 511 1879 fortuna,
528 1804 611 1879 quid,
627 1804 654 1861 si
665 1801 785 1862 hostem
794 1798 1018 1871 habuissemus,
1032 1815 1081 1859 ca·

105 1904 210 1949 surum
224 1888 342 1960 inisset,
358 1905 428 1949 cum
441 1888 606 1947 redeuntes
620 1884 650 1943 in
665 1884 851 1944 latrunculos
862 1881 994 1942 'lhracas
1008 1883 1081 1942 inci·

105 1971 269 2045 dissensus,
285 1970 377 2044 caesi,
392 1969 496 2045 iugad,
513 1967 596 2030 exuti
607 1966 831 2042 impedimentis
844 1981 960 2028 sumus.
984 1965 1080 2041 om-

105 2056 214 2115 nucius
229 2054 391 2125 Thermus,
412 2052 443 2111 in
465 2066 527 2126 quo
548 2049 631 2111 haud
651 2051 743 2125 paulo
766 2052 837 2127 plus
855 2049 957 2112 damni
970 2051 1082 2111 iactum

106 2143 162 2212 est,
179 2136 311 2212 quamsi
326 2135 378 2197 cn.
393 2134 540 2209 Manlius,
556 2134 643 2195 cuius
658 2135 825 2196 temeritate
839 2149 877 2194 eo
891 2133 996 2194 clades
1007 2134 1080 2193 inci·

106 2220 201 2294 derat,
216 2218 357 2295 perisset,
370 2233 440 2280 cum
450 2217 551 2279 multis
562 2216 636 2277 viris
648 2218 778 2280 toronus
789 2215 915 2286 cecidit;
929 2215 1082 2277 exercitus

105 2301 208 2379 spolia
226 2302 308 2378 regis
323 2301 467 2366 Antiochi
486 2302 624 2362 reterens
644 2301 790 2362 trifariam
806 2300 988 2375 dissipatus,
1010 2298 1081 2359 alibi

104 2386 245 2464 primum,
260 2385 333 2448 alibi
346 2391 533 2463 postremum
547 2399 666 2460 agmen,
681 2384 752 2445 alibi
766 2383 990 2460 impedimenta,
1005 2382 1083 2443 inter

104 2484 218 2546 vepres
232 2469 264 2530 in
277 2469 402 2531 latebris
421 2469 553 2531 terarum
568 2474 689 2530 noctem
703 2484 795 2529 unam
809 2466 935 2528 delituit
963 2464 1083 2542 probis

104 2553 276 2630 triumphus
298 2553 430 2630 petituri
455 2552 482 2613 si
497 2552 571 2613 nihil
584 2552 615 2612 in
628 2551 758 2613 Thracia
772 2551 869 2612 cladIs
884 2550 1081 2627 ignominiae·

105 2654 167 2714 que
179 2638 258 2699 toret
271 2642 445 2714 acceptum,
465 2636 505 2697 de
519 2636 631 2712 quibus
645 2636 786 2697 hostibus
799 2633 985 2711 triumphum
997 2640 1082 2710 pete·

104 2727 179 2781 rest
199 2721 240 2780 de
252 2720 300 2793 iis,
316 2719 481 2799 etapium,
497 2736 577 2794 quos
589 2719 643 2779 tibi
657 2719 763 2780 hostes
779 2728 905 2781 senatus
918 2724 971 2779 aut
982 2732 1081 2792 popu·

105 2804 154 2864 lus
167 2803 323 2863 Romanus
345 2801 491 2863 dedisset
524 2802 570 2862 sic
588 2801 661 2860 huie
679 2801 713 2861 L.
728 2800 880 2877 Scipioni,
903 2802 949 2861 sic
969 2800 1012 2858 illi
1030 2799 1081 2858 Μ’.

107 2885 205 2946 Acilio
225 2885 265 2945 de
284 2899 358 2960 rege
377 2883 545 2957 Antiocho,
567 2883 613 2944 sic
633 2886 726 2958 paulo
748 2893 819 2944 ante
838 2886 870 2945 T.
887 2882 1025 2959 Quinctio
1043 2882 1083 2942 de

104 2984 179 3045 rege
192 2967 348 3044 Phiiippo,
370 2967 416 3028 sic
428 2966 462 3027 P.
476 2966 622 3028 Abicano
643 2965 685 3027 de
696 2967 867 3027 Hannibale
883 2973 915 3028 et
925 2965 1038 3027 Poenis
1052 2972 1083 3027 et

105 3053 252 3133 Syphace
262 3049 540 3128 uiumphnsdatus.
561 3048 794 3126 etmInimailla,
805 3065 873 3111 cum
883 3050 942 3110 iarn
955 3053 1082 3111 senatus

105 3137 280 3199 censuisset
291 3134 417 3209 bellum,
441 3134 580 3210 quaesita
593 3139 794 3208 tamen-sunt,
816 3133 928 3209 quibus
942 3131 1081 3195 nuntian-

105 3222 179 3282 dum
190 3226 289 3291 esset3
310 3219 388 3295 ipsis
399 3218 505 3293 utique
515 3216 639 3294 regibus
650 3218 848 3291 nuntiaretur,
860 3234 899 3279 an
910 3218 987 3279 sutis
998 3222 1082 3277 esset

104 3304 147 3364 ad
166 3302 354 3380 praesidium
372 3302 499 3378 aliquod
518 3302 659 3363 nuntiari.
692 3302 785 3364 vultis
800 3316 874 3378 ergo
887 3299 966 3363 haec
979 3299 1079 3362 omnia

106 3386 202 3465 pollui
215 3393 247 3447 et
260 3386 421 3461 contundi,
439 3385 504 3447 tolli
517 3383 630 3447 fetialia
643 3385 726 3461 iura,
740 3387 841 3448 nudos
856 3401 928 3448 esse
942 3383 1082 3445 teudosi

107 3471 166 3545 bat,
181 3483 260 3545 pace
271 3468 363 3529 deum
374 3469 511 3540 dixerim,
525 3469 641 3529 iactura
649 3467 816 3546 religionis,
829 3468 942 3530 oblivio
954 3467 1080 3527 deorum
