<?xml version="1.0" encoding="UTF-8"?>
<!DOCTYPE html PUBLIC "-//W3C//DTD XHTML 1.0 Transitional//EN"
    "http://www.w3.org/TR/xhtml1/DTD/xhtml1-transitional.dtd">
<html xmlns="http://www.w3.org/1999/xhtml" xml:lang="en" lang="en">
 <head>
  <title>
</title>
<meta http-equiv="Content-Type" content="text/html;charset=utf-8" />
  <meta name='ocr-system' content='tesseract 3.04.00' />
  <meta name='ocr-capabilities' content='ocr_page ocr_carea ocr_par ocr_line ocrx_word'/>
</head>
<body>
  <div class='ocr_page' id='page_1' title='image "./aburbeconditali00mlgoog_0288.png"; bbox 0 0 2600 4000; ppageno 0'>
   <div class='ocr_carea' id='block_1_1' title="bbox 188 219 1058 293">
    <p class='ocr_par' dir='ltr' id='par_1_1' title="bbox 188 219 1058 293">
     <span class='ocr_line' id='line_1_1' title="bbox 188 219 1058 293; baseline -0.006 -8"><span class='ocrx_word' id='word_1_1' title='bbox 188 219 252 285; x_wconf 73' lang='grc'><strong>244</strong></span> <span class='ocrx_word' id='word_1_2' title='bbox 301 220 414 283; x_wconf 78' lang='lat' dir='ltr'>LIBER</span> <span class='ocrx_word' id='word_1_3' title='bbox 428 220 562 281; x_wconf 84' lang='lat' dir='ltr'><strong>xxxvl.</strong></span> <span class='ocrx_word' id='word_1_4' title='bbox 585 221 667 281; x_wconf 81' lang='lat' dir='ltr'><strong>CAP.</strong></span> <span class='ocrx_word' id='word_1_5' title='bbox 681 228 726 283; x_wconf 71' lang='lat' dir='ltr'><strong>sl.</strong></span> <span class='ocrx_word' id='word_1_6' title='bbox 738 229 781 283; x_wconf 67' lang='lat'><strong>25.</strong></span> <span class='ocrx_word' id='word_1_7' title='bbox 793 228 837 282; x_wconf 80' lang='lat'><strong>26.</strong></span> <span class='ocrx_word' id='word_1_8' title='bbox 860 226 896 293; x_wconf 89' lang='lat' dir='ltr'><strong>[a.</strong></span> <span class='ocrx_word' id='word_1_9' title='bbox 909 224 946 277; x_wconf 83' lang='lat' dir='ltr'><strong>U.</strong></span> <span class='ocrx_word' id='word_1_10' title='bbox 958 241 982 276; x_wconf 89' lang='lat' dir='ltr'><strong>c.</strong></span> <span class='ocrx_word' id='word_1_11' title='bbox 994 225 1058 290; x_wconf 79' lang='lat'>561]</span> 
     </span>
    </p>
   </div>
   <div class='ocr_carea' id='block_1_2' title="bbox 186 371 1286 950">
    <p class='ocr_par' dir='ltr' id='par_1_2' title="bbox 186 371 1286 950">
     <span class='ocr_line' id='line_1_2' title="bbox 188 371 1167 447; baseline -0.001 -13"><span class='ocrx_word' id='word_1_12' title='bbox 188 380 275 435; x_wconf 89' lang='lat' dir='ltr'><strong>erant</strong></span> <span class='ocrx_word' id='word_1_13' title='bbox 288 372 389 433; x_wconf 88' lang='lat' dir='ltr'><strong>Aetoli</strong></span> <span class='ocrx_word' id='word_1_14' title='bbox 410 372 541 447; x_wconf 91' lang='lat' dir='ltr'><strong>primum</strong></span> <span class='ocrx_word' id='word_1_15' title='bbox 561 386 669 431; x_wconf 90' lang='lat' dir='ltr'><strong>eorum</strong></span> <span class='ocrx_word' id='word_1_16' title='bbox 690 371 742 446; x_wconf 89' lang='lat' dir='ltr'><strong>qui</strong></span> <span class='ocrx_word' id='word_1_17' title='bbox 763 386 872 447; x_wconf 83' lang='lat' dir='ltr'>rupem</span> <span class='ocrx_word' id='word_1_18' title='bbox 887 377 1033 446; x_wconf 88' lang='lat' dir='ltr'><strong>ceperant</strong></span> <span class='ocrx_word' id='word_1_19' title='bbox 1056 372 1167 433; x_wconf 82' lang='lat' dir='ltr'><strong>clamo</strong></span> 
     </span>
     <span class='ocr_line' id='line_1_3' title="bbox 188 453 1286 531; baseline -0.003 -14"><span class='ocrx_word' id='word_1_20' title='bbox 188 474 266 531; x_wconf 87' lang='lat' dir='ltr'><strong>rem,</strong></span> <span class='ocrx_word' id='word_1_21' title='bbox 281 455 394 517; x_wconf 86' lang='lat' dir='ltr'><strong>deinde</strong></span> <span class='ocrx_word' id='word_1_22' title='bbox 407 454 553 530; x_wconf 87' lang='lat' dir='ltr'><strong>impetum</strong></span> <span class='ocrx_word' id='word_1_23' title='bbox 568 453 607 514; x_wconf 89' lang='lat' dir='ltr'><strong>ab</strong></span> <span class='ocrx_word' id='word_1_24' title='bbox 621 454 699 515; x_wconf 89' lang='lat' dir='ltr'><strong>urbe</strong></span> <span class='ocrx_word' id='word_1_25' title='bbox 711 456 928 529; x_wconf 88' lang='lat' dir='ltr'><strong>Romanorum,</strong></span> <span class='ocrx_word' id='word_1_26' title='bbox 944 461 975 514; x_wconf 88' lang='lat' dir='ltr'><strong>et</strong></span> <span class='ocrx_word' id='word_1_27' title='bbox 988 454 1094 516; x_wconf 89' lang='lat' dir='ltr'><strong>lractis</strong></span> <span class='ocrx_word' id='word_1_28' title='bbox 1109 455 1168 515; x_wconf 89' lang='lat' dir='ltr'><strong>iam</strong></span> <span class='ocrx_word' id='word_1_29' title='bbox 1285 487 1286 490; x_wconf 61' lang='lat'><em>=</em></span> 
     </span>
     <span class='ocr_line' id='line_1_4' title="bbox 188 537 1168 614; baseline -0.002 -13"><span class='ocrx_word' id='word_1_30' title='bbox 188 540 312 614; x_wconf 86' lang='lat' dir='ltr'><strong>animis,</strong></span> <span class='ocrx_word' id='word_1_31' title='bbox 332 548 363 600; x_wconf 94' lang='lat' dir='ltr'><strong>et</strong></span> <span class='ocrx_word' id='word_1_32' title='bbox 382 540 466 599; x_wconf 92' lang='lat' dir='ltr'><strong>nulla</strong></span> <span class='ocrx_word' id='word_1_33' title='bbox 486 538 527 598; x_wconf 91' lang='lat' dir='ltr'><strong>ibi</strong></span> <span class='ocrx_word' id='word_1_34' title='bbox 548 545 732 613; x_wconf 88' lang='lat' dir='ltr'><strong>praeparata</strong></span> <span class='ocrx_word' id='word_1_35' title='bbox 744 553 779 598; x_wconf 90' lang='lat' dir='ltr'><strong>re</strong></span> <span class='ocrx_word' id='word_1_36' title='bbox 792 539 832 599; x_wconf 92' lang='lat' dir='ltr'><strong>ad</strong></span> <span class='ocrx_word' id='word_1_37' title='bbox 847 537 1040 599; x_wconf 85' lang='lat' dir='ltr'><strong>obsidionem</strong></span> <span class='ocrx_word' id='word_1_38' title='bbox 1055 537 1168 600; x_wconf 90' lang='lat' dir='ltr'><strong>diutius</strong></span> 
     </span>
     <span class='ocr_line' id='line_1_5' title="bbox 186 620 1286 698; baseline 0.002 -12"><span class='ocrx_word' id='word_1_39' title='bbox 186 623 392 698; x_wconf 84' lang='lat' dir='ltr'><strong>tolerandam,</strong></span> <span class='ocrx_word' id='word_1_40' title='bbox 414 628 522 698; x_wconf 89' lang='lat' dir='ltr'><strong>utpote</strong></span> <span class='ocrx_word' id='word_1_41' title='bbox 542 622 736 697; x_wconf 85' lang='lat' dir='ltr'><strong>congregatis</strong></span> <span class='ocrx_word' id='word_1_42' title='bbox 752 622 872 683; x_wconf 88' lang='lat' dir='ltr'><strong>lerninis</strong></span> <span class='ocrx_word' id='word_1_43' title='bbox 886 620 1055 698; x_wconf 87' lang='lat' dir='ltr'><strong>puerisque</strong></span> <span class='ocrx_word' id='word_1_44' title='bbox 1069 630 1101 683; x_wconf 91' lang='lat' dir='ltr'><strong>et</strong></span> <span class='ocrx_word' id='word_1_45' title='bbox 1115 622 1168 683; x_wconf 87' lang='lat' dir='ltr'><strong>ltn-</strong></span> <span class='ocrx_word' id='word_1_46' title='bbox 1285 621 1286 688; x_wconf 68' lang='grc' dir='ltr'>ξ</span> 
     </span>
     <span class='ocr_line' id='line_1_6' title="bbox 187 703 1169 781; baseline -0.002 -12"><span class='ocrx_word' id='word_1_47' title='bbox 187 706 259 769; x_wconf 91' lang='lat' dir='ltr'><strong>belli</strong></span> <span class='ocrx_word' id='word_1_48' title='bbox 279 707 338 767; x_wconf 90' lang='lat' dir='ltr'><strong>alia</strong></span> <span class='ocrx_word' id='word_1_49' title='bbox 359 706 448 767; x_wconf 89' lang='lat' dir='ltr'><strong>turba</strong></span> <span class='ocrx_word' id='word_1_50' title='bbox 468 706 499 766; x_wconf 89' lang='lat' dir='ltr'><strong>ln</strong></span> <span class='ocrx_word' id='word_1_51' title='bbox 513 720 630 780; x_wconf 89' lang='lat' dir='ltr'><strong>arcem,</strong></span> <span class='ocrx_word' id='word_1_52' title='bbox 652 720 732 780; x_wconf 88' lang='lat' dir='ltr'><strong>quae</strong></span> <span class='ocrx_word' id='word_1_53' title='bbox 744 703 798 765; x_wconf 88' lang='lat' dir='ltr'><strong>vix</strong></span> <span class='ocrx_word' id='word_1_54' title='bbox 813 719 940 781; x_wconf 87' lang='lat' dir='ltr'><strong>capere,</strong></span> <span class='ocrx_word' id='word_1_55' title='bbox 963 705 1078 767; x_wconf 88' lang='lat' dir='ltr'><strong>nedum</strong></span> <span class='ocrx_word' id='word_1_56' title='bbox 1091 707 1169 767; x_wconf 86' lang='lat' dir='ltr'><strong>tueri</strong></span> 
     </span>
     <span class='ocr_line' id='line_1_7' title="bbox 188 787 1169 865; baseline -0.002 -13"><span class='ocrx_word' id='word_1_57' title='bbox 188 791 408 853; x_wconf 72' lang='lat' dir='ltr'>multitudinem</span> <span class='ocrx_word' id='word_1_58' title='bbox 427 796 540 850; x_wconf 76' lang='lat' dir='ltr'><strong>mutam</strong></span> <span class='ocrx_word' id='word_1_59' title='bbox 555 796 679 865; x_wconf 77' lang='lat' dir='ltr'><strong>posset:</strong></span> <span class='ocrx_word' id='word_1_60' title='bbox 705 787 810 865; x_wconf 87' lang='lat' dir='ltr'><strong>itaque</strong></span> <span class='ocrx_word' id='word_1_61' title='bbox 824 788 865 849; x_wconf 91' lang='lat' dir='ltr'><strong>ad</strong></span> <span class='ocrx_word' id='word_1_62' title='bbox 880 788 1010 864; x_wconf 91' lang='lat' dir='ltr'><strong>primum</strong></span> <span class='ocrx_word' id='word_1_63' title='bbox 1023 787 1169 865; x_wconf 82' lang='lat' dir='ltr'><strong>impetum</strong></span> 
     </span>
     <span class='ocr_line' id='line_1_8' title="bbox 188 872 1166 950; baseline -0.004 -14"><span class='ocrx_word' id='word_1_64' title='bbox 188 875 315 937; x_wconf 90' lang='lat' dir='ltr'><strong>abiectis</strong></span> <span class='ocrx_word' id='word_1_65' title='bbox 326 874 418 934; x_wconf 83' lang='lat' dir='ltr'><strong>armis</strong></span> <span class='ocrx_word' id='word_1_66' title='bbox 431 872 615 934; x_wconf 90' lang='lat' dir='ltr'><strong>dediderunt</strong></span> <span class='ocrx_word' id='word_1_67' title='bbox 625 888 706 933; x_wconf 89' lang='lat' dir='ltr'><strong>sese.</strong></span> <span class='ocrx_word' id='word_1_68' title='bbox 721 873 851 934; x_wconf 90' lang='lat' dir='ltr'><strong>traditus</strong></span> <span class='ocrx_word' id='word_1_69' title='bbox 861 872 941 934; x_wconf 89' lang='lat' dir='ltr'><strong>inter</strong></span> <span class='ocrx_word' id='word_1_70' title='bbox 952 878 1072 933; x_wconf 90' lang='lat' dir='ltr'><strong>ceteros</strong></span> <span class='ocrx_word' id='word_1_71' title='bbox 1084 873 1166 950; x_wconf 91' lang='lat' dir='ltr'><strong>prin·</strong></span> 
     </span>
    </p>
   </div>
   <div class='ocr_carea' id='block_1_3' title="bbox 189 954 1169 1034">
    <p class='ocr_par' dir='ltr' id='par_1_3' title="bbox 189 954 1169 1034">
     <span class='ocr_line' id='line_1_9' title="bbox 189 954 1169 1034; baseline -0.003 -15"><span class='ocrx_word' id='word_1_72' title='bbox 189 974 265 1034; x_wconf 89' lang='lat' dir='ltr'><strong>ceps</strong></span> <span class='ocrx_word' id='word_1_73' title='bbox 276 958 455 1018; x_wconf 74' lang='lat' dir='ltr'><strong>Aetolorum</strong></span> <span class='ocrx_word' id='word_1_74' title='bbox 465 956 659 1018; x_wconf 81' lang='lat' dir='ltr'><strong>Damocritus</strong></span> <span class='ocrx_word' id='word_1_75' title='bbox 674 965 730 1031; x_wconf 91' lang='lat' dir='ltr'><strong>est,</strong></span> <span class='ocrx_word' id='word_1_76' title='bbox 746 956 798 1033; x_wconf 88' lang='lat' dir='ltr'><strong>qui</strong></span> <span class='ocrx_word' id='word_1_77' title='bbox 812 956 964 1033; x_wconf 91' lang='lat' dir='ltr'><strong>principio</strong></span> <span class='ocrx_word' id='word_1_78' title='bbox 978 954 1051 1016; x_wconf 87' lang='lat' dir='ltr'><strong>belii</strong></span> <span class='ocrx_word' id='word_1_79' title='bbox 1062 956 1169 1017; x_wconf 79' lang='lat' dir='ltr'><strong>decre</strong></span> 
     </span>
    </p>
   </div>
   <div class='ocr_carea' id='block_1_4' title="bbox 188 1039 1286 1118">
    <p class='ocr_par' dir='ltr' id='par_1_4' title="bbox 188 1039 1286 1118">
     <span class='ocr_line' id='line_1_10' title="bbox 188 1039 1286 1118; baseline -0.005 -14"><span class='ocrx_word' id='word_1_80' title='bbox 188 1053 251 1104; x_wconf 91' lang='lat' dir='ltr'><strong>tum</strong></span> <span class='ocrx_word' id='word_1_81' title='bbox 261 1041 450 1115; x_wconf 79' lang='lat' dir='ltr'><strong>Aetolorum,</strong></span> <span class='ocrx_word' id='word_1_82' title='bbox 465 1056 527 1116; x_wconf 88' lang='lat' dir='ltr'><strong>quo</strong></span> <span class='ocrx_word' id='word_1_83' title='bbox 542 1040 764 1101; x_wconf 85' lang='lat' dir='ltr'><strong>arcessendum</strong></span> <span class='ocrx_word' id='word_1_84' title='bbox 774 1039 961 1102; x_wconf 79' lang='lat' dir='ltr'><strong>Antiochum</strong></span> <span class='ocrx_word' id='word_1_85' title='bbox 975 1047 1169 1115; x_wconf 85' lang='lat' dir='ltr'><strong>censuerant,</strong></span> <span class='ocrx_word' id='word_1_86' title='bbox 1285 1115 1286 1118; x_wconf 8' lang='grc' dir='ltr'><strong>Ἴ</strong></span> 
     </span>
    </p>
   </div>
   <div class='ocr_carea' id='block_1_5' title="bbox 186 1123 1170 2121">
    <p class='ocr_par' dir='ltr' id='par_1_5' title="bbox 186 1123 1170 1365">
     <span class='ocr_line' id='line_1_11' title="bbox 186 1123 1170 1199; baseline -0.002 -13"><span class='ocrx_word' id='word_1_87' title='bbox 186 1127 218 1186; x_wconf 90' lang='grc' dir='ltr'><strong>Τ.</strong></span> <span class='ocrx_word' id='word_1_88' title='bbox 233 1123 371 1198; x_wconf 82' lang='lat' dir='ltr'><strong>Quinctio</strong></span> <span class='ocrx_word' id='word_1_89' title='bbox 392 1123 534 1198; x_wconf 90' lang='lat' dir='ltr'><strong>poscenti</strong></span> <span class='ocrx_word' id='word_1_90' title='bbox 553 1124 759 1199; x_wconf 82' lang='lat' dir='ltr'><strong>responderat</strong></span> <span class='ocrx_word' id='word_1_91' title='bbox 777 1126 808 1183; x_wconf 92' lang='lat' dir='ltr'><strong>in</strong></span> <span class='ocrx_word' id='word_1_92' title='bbox 822 1123 909 1184; x_wconf 89' lang='lat' dir='ltr'><strong>italia</strong></span> <span class='ocrx_word' id='word_1_93' title='bbox 922 1124 1078 1197; x_wconf 89' lang='lat' dir='ltr'><strong>daturum,</strong></span> <span class='ocrx_word' id='word_1_94' title='bbox 1099 1139 1170 1184; x_wconf 88' lang='lat' dir='ltr'><strong>cum</strong></span> 
     </span>
     <span class='ocr_line' id='line_1_12' title="bbox 188 1206 1169 1283; baseline -0.002 -15"><span class='ocrx_word' id='word_1_95' title='bbox 188 1214 288 1268; x_wconf 85' lang='lat' dir='ltr'><strong>castra</strong></span> <span class='ocrx_word' id='word_1_96' title='bbox 307 1206 348 1266; x_wconf 90' lang='lat' dir='ltr'><strong>ibi</strong></span> <span class='ocrx_word' id='word_1_97' title='bbox 362 1207 464 1267; x_wconf 86' lang='lat' dir='ltr'><strong>Aetoli</strong></span> <span class='ocrx_word' id='word_1_98' title='bbox 485 1206 674 1283; x_wconf 86' lang='lat' dir='ltr'><strong>posuissent.</strong></span> <span class='ocrx_word' id='word_1_99' title='bbox 707 1208 748 1268; x_wconf 92' lang='lat' dir='ltr'><strong>ob</strong></span> <span class='ocrx_word' id='word_1_100' title='bbox 768 1222 835 1267; x_wconf 90' lang='lat' dir='ltr'><strong>eam</strong></span> <span class='ocrx_word' id='word_1_101' title='bbox 850 1206 996 1268; x_wconf 82' lang='lat' dir='ltr'><strong>ferociam</strong></span> <span class='ocrx_word' id='word_1_102' title='bbox 1010 1207 1110 1266; x_wconf 88' lang='lat' dir='ltr'><strong>maius</strong></span> <span class='ocrx_word' id='word_1_103' title='bbox 1124 1208 1169 1266; x_wconf 89' lang='lat' dir='ltr'><strong>vi·</strong></span> 
     </span>
     <span class='ocr_line' id='line_1_13' title="bbox 189 1290 706 1365; baseline 0 -14"><span class='ocrx_word' id='word_1_104' title='bbox 189 1290 324 1352; x_wconf 89' lang='lat' dir='ltr'><strong>ctoribus</strong></span> <span class='ocrx_word' id='word_1_105' title='bbox 339 1290 484 1365; x_wconf 83' lang='lat' dir='ltr'><strong>gaudium</strong></span> <span class='ocrx_word' id='word_1_106' title='bbox 498 1292 628 1352; x_wconf 88' lang='lat' dir='ltr'><strong>traditus</strong></span> <span class='ocrx_word' id='word_1_107' title='bbox 642 1290 706 1351; x_wconf 87' lang='lat' dir='ltr'><strong>init</strong></span> 
     </span>
    </p>

    <p class='ocr_par' dir='ltr' id='par_1_6' title="bbox 187 1372 1170 2121">
     <span class='ocr_line' id='line_1_14' title="bbox 270 1372 1170 1450; baseline -0.002 -16"><span class='ocrx_word' id='word_1_108' title='bbox 270 1373 363 1434; x_wconf 87' lang='lat' dir='ltr'><strong>XXV.</strong></span> <span class='ocrx_word' id='word_1_109' title='bbox 391 1373 509 1434; x_wconf 80' lang='lat' dir='ltr'><strong>Eodem</strong></span> <span class='ocrx_word' id='word_1_110' title='bbox 524 1382 661 1450; x_wconf 88' lang='lat' dir='ltr'><strong>tempore</strong></span> <span class='ocrx_word' id='word_1_111' title='bbox 676 1390 738 1450; x_wconf 92' lang='lat' dir='ltr'><strong>quo</strong></span> <span class='ocrx_word' id='word_1_112' title='bbox 752 1373 882 1436; x_wconf 90' lang='lat' dir='ltr'><strong>Romani</strong></span> <span class='ocrx_word' id='word_1_113' title='bbox 895 1372 1084 1447; x_wconf 78' lang='lat' dir='ltr'><strong>Heracleam,</strong></span> <span class='ocrx_word' id='word_1_114' title='bbox 1098 1372 1170 1433; x_wconf 81' lang='lat' dir='ltr'><strong>Pal-</strong></span> 
     </span>
     <span class='ocr_line' id='line_1_15' title="bbox 189 1455 1169 1534; baseline 0.004 -20"><span class='ocrx_word' id='word_1_115' title='bbox 189 1455 291 1531; x_wconf 84' lang='lat' dir='ltr'><strong>lippus</strong></span> <span class='ocrx_word' id='word_1_116' title='bbox 302 1457 435 1517; x_wconf 88' lang='lat' dir='ltr'><strong>Lamiam</strong></span> <span class='ocrx_word' id='word_1_117' title='bbox 450 1472 490 1517; x_wconf 89' lang='lat' dir='ltr'><strong>ex</strong></span> <span class='ocrx_word' id='word_1_118' title='bbox 505 1459 675 1532; x_wconf 89' lang='lat' dir='ltr'><strong>composito</strong></span> <span class='ocrx_word' id='word_1_119' title='bbox 688 1456 918 1534; x_wconf 69' lang='lat' dir='ltr'><strong>oppugnabant,</strong></span> <span class='ocrx_word' id='word_1_120' title='bbox 933 1455 1016 1517; x_wconf 90' lang='lat' dir='ltr'><strong>circa</strong></span> <span class='ocrx_word' id='word_1_121' title='bbox 1024 1455 1169 1518; x_wconf 87' lang='lat' dir='ltr'><strong>Tbenno·</strong></span> 
     </span>
     <span class='ocr_line' id='line_1_16' title="bbox 187 1539 1169 1617; baseline 0 -18"><span class='ocrx_word' id='word_1_122' title='bbox 187 1542 279 1617; x_wconf 84' lang='lat' dir='ltr'><strong>pylas</strong></span> <span class='ocrx_word' id='word_1_123' title='bbox 295 1557 363 1602; x_wconf 89' lang='lat' dir='ltr'><strong>cum</strong></span> <span class='ocrx_word' id='word_1_124' title='bbox 378 1542 505 1602; x_wconf 88' lang='lat' dir='ltr'><strong>consule</strong></span> <span class='ocrx_word' id='word_1_125' title='bbox 519 1541 667 1600; x_wconf 88' lang='lat' dir='ltr'><strong>redeunte</strong></span> <span class='ocrx_word' id='word_1_126' title='bbox 681 1556 721 1601; x_wconf 88' lang='lat' dir='ltr'><strong>ex</strong></span> <span class='ocrx_word' id='word_1_127' title='bbox 734 1540 872 1612; x_wconf 88' lang='lat' dir='ltr'><strong>Boeotia,</strong></span> <span class='ocrx_word' id='word_1_128' title='bbox 889 1546 923 1601; x_wconf 87' lang='lat' dir='ltr'><strong>ut</strong></span> <span class='ocrx_word' id='word_1_129' title='bbox 936 1539 1094 1603; x_wconf 80' lang='lat' dir='ltr'><strong>victmiam</strong></span> <span class='ocrx_word' id='word_1_130' title='bbox 1109 1539 1169 1615; x_wconf 91' lang='lat' dir='ltr'><strong>ipsi</strong></span> 
     </span>
     <span class='ocr_line' id='line_1_17' title="bbox 189 1623 1169 1700; baseline 0.002 -17"><span class='ocrx_word' id='word_1_131' title='bbox 189 1623 1169 1700; x_wconf 85' lang='lat' dir='ltr'><strong>populoqueRomanogratulareturexcusaretque,quodmorbo</strong></span> 
     </span>
     <span class='ocr_line' id='line_1_18' title="bbox 188 1705 1169 1783; baseline 0.005 -18"><span class='ocrx_word' id='word_1_132' title='bbox 188 1708 351 1783; x_wconf 86' lang='lat' dir='ltr'><strong>impeditus</strong></span> <span class='ocrx_word' id='word_1_133' title='bbox 367 1709 448 1769; x_wconf 89' lang='lat' dir='ltr'><strong>bello</strong></span> <span class='ocrx_word' id='word_1_134' title='bbox 459 1723 521 1768; x_wconf 91' lang='lat' dir='ltr'><strong>non</strong></span> <span class='ocrx_word' id='word_1_135' title='bbox 535 1705 733 1781; x_wconf 78' lang='lat' dir='ltr'><strong>interfuisset,</strong></span> <span class='ocrx_word' id='word_1_136' title='bbox 749 1722 947 1783; x_wconf 87' lang='lat' dir='ltr'><strong>congressus.</strong></span> <span class='ocrx_word' id='word_1_137' title='bbox 969 1705 1042 1768; x_wconf 89' lang='lat' dir='ltr'><strong>iude</strong></span> <span class='ocrx_word' id='word_1_138' title='bbox 1054 1706 1169 1770; x_wconf 87' lang='lat' dir='ltr'><strong>diversi</strong></span> 
     </span>
     <span class='ocr_line' id='line_1_19' title="bbox 188 1790 1168 1867; baseline 0.001 -17"><span class='ocrx_word' id='word_1_139' title='bbox 188 1792 228 1850; x_wconf 90' lang='lat' dir='ltr'><strong>ad</strong></span> <span class='ocrx_word' id='word_1_140' title='bbox 243 1791 321 1853; x_wconf 88' lang='lat' dir='ltr'><strong>duas</strong></span> <span class='ocrx_word' id='word_1_141' title='bbox 336 1792 425 1852; x_wconf 91' lang='lat' dir='ltr'><strong>simul</strong></span> <span class='ocrx_word' id='word_1_142' title='bbox 440 1791 666 1867; x_wconf 88' lang='lat' dir='ltr'><strong>oppugnandas</strong></span> <span class='ocrx_word' id='word_1_143' title='bbox 683 1791 777 1851; x_wconf 89' lang='lat' dir='ltr'><strong>urbes</strong></span> <span class='ocrx_word' id='word_1_144' title='bbox 795 1791 934 1866; x_wconf 89' lang='lat' dir='ltr'><strong>proiecti.</strong></span> <span class='ocrx_word' id='word_1_145' title='bbox 957 1790 1108 1851; x_wconf 88' lang='lat' dir='ltr'><strong>intersunt</strong></span> <span class='ocrx_word' id='word_1_146' title='bbox 1119 1807 1168 1851; x_wconf 90' lang='lat' dir='ltr'><strong>se·</strong></span> 
     </span>
     <span class='ocr_line' id='line_1_20' title="bbox 190 1873 1170 1951; baseline -0.001 -16"><span class='ocrx_word' id='word_1_147' title='bbox 190 1883 271 1949; x_wconf 90' lang='lat' dir='ltr'><strong>ptem</strong></span> <span class='ocrx_word' id='word_1_148' title='bbox 295 1876 377 1934; x_wconf 91' lang='lat' dir='ltr'><strong>milia</strong></span> <span class='ocrx_word' id='word_1_149' title='bbox 402 1875 497 1936; x_wconf 82' lang='lat' dir='ltr'><strong>terme</strong></span> <span class='ocrx_word' id='word_1_150' title='bbox 517 1892 682 1951; x_wconf 64' lang='lat' dir='ltr'><strong>passuum</strong></span> <span class='ocrx_word' id='word_1_151' title='bbox 712 1882 743 1935; x_wconf 91' lang='lat' dir='ltr'><strong>et</strong></span> <span class='ocrx_word' id='word_1_152' title='bbox 762 1874 835 1950; x_wconf 87' lang='lat' dir='ltr'><strong>quia</strong></span> <span class='ocrx_word' id='word_1_153' title='bbox 853 1874 957 1934; x_wconf 85' lang='lat' dir='ltr'><strong>Lamia</strong></span> <span class='ocrx_word' id='word_1_154' title='bbox 976 1889 1046 1934; x_wconf 91' lang='lat' dir='ltr'><strong>cum</strong></span> <span class='ocrx_word' id='word_1_155' title='bbox 1065 1873 1170 1949; x_wconf 87' lang='lat' dir='ltr'><strong>posita</strong></span> 
     </span>
     <span class='ocr_line' id='line_1_21' title="bbox 190 1956 1169 2036; baseline 0.003 -19"><span class='ocrx_word' id='word_1_156' title='bbox 190 1964 237 2018; x_wconf 88' lang='lat' dir='ltr'><strong>est</strong></span> <span class='ocrx_word' id='word_1_157' title='bbox 254 1957 285 2017; x_wconf 92' lang='lat' dir='ltr'><strong>in</strong></span> <span class='ocrx_word' id='word_1_158' title='bbox 306 1960 435 2033; x_wconf 91' lang='lat' dir='ltr'><strong>tumulo,</strong></span> <span class='ocrx_word' id='word_1_159' title='bbox 458 1966 523 2021; x_wconf 89' lang='lat' dir='ltr'><strong>tum</strong></span> <span class='ocrx_word' id='word_1_160' title='bbox 544 1959 701 2036; x_wconf 82' lang='lat' dir='ltr'><strong>regionem</strong></span> <span class='ocrx_word' id='word_1_161' title='bbox 715 1958 847 2020; x_wconf 86' lang='lat' dir='ltr'><strong>maxime</strong></span> <span class='ocrx_word' id='word_1_162' title='bbox 862 1956 956 2020; x_wconf 88' lang='lat' dir='ltr'><strong>Oetae</strong></span> <span class='ocrx_word' id='word_1_163' title='bbox 969 1964 1098 2034; x_wconf 86' lang='lat' dir='ltr'><strong>spectat,</strong></span> <span class='ocrx_word' id='word_1_164' title='bbox 1113 1974 1169 2035; x_wconf 89' lang='lat' dir='ltr'><strong>op</strong></span> 
     </span>
     <span class='ocr_line' id='line_1_22' title="bbox 190 2040 1169 2121; baseline 0.002 -21"><span class='ocrx_word' id='word_1_165' title='bbox 190 2040 263 2118; x_wconf 93' lang='lat' dir='ltr'><strong>pido</strong></span> <span class='ocrx_word' id='word_1_166' title='bbox 284 2058 377 2117; x_wconf 90' lang='lat' dir='ltr'><strong>quam</strong></span> <span class='ocrx_word' id='word_1_167' title='bbox 396 2042 491 2104; x_wconf 84' lang='lat' dir='ltr'><strong>breve</strong></span> <span class='ocrx_word' id='word_1_168' title='bbox 512 2044 704 2105; x_wconf 88' lang='lat' dir='ltr'><strong>intervallum</strong></span> <span class='ocrx_word' id='word_1_169' title='bbox 724 2042 860 2116; x_wconf 86' lang='lat' dir='ltr'><strong>videtur,</strong></span> <span class='ocrx_word' id='word_1_170' title='bbox 881 2048 913 2104; x_wconf 93' lang='lat' dir='ltr'><strong>et</strong></span> <span class='ocrx_word' id='word_1_171' title='bbox 927 2042 1036 2121; x_wconf 89' lang='lat' dir='ltr'><strong>omnia</strong></span> <span class='ocrx_word' id='word_1_172' title='bbox 1049 2042 1078 2102; x_wconf 93' lang='lat' dir='ltr'><strong>in</strong></span> <span class='ocrx_word' id='word_1_173' title='bbox 1094 2058 1169 2105; x_wconf 90' lang='lat' dir='ltr'><strong>con·</strong></span> 
     </span>
    </p>
   </div>
   <div class='ocr_carea' id='block_1_6' title="bbox 187 2125 1286 2287">
    <p class='ocr_par' dir='ltr' id='par_1_7' title="bbox 187 2125 1286 2287">
     <span class='ocr_line' id='line_1_23' title="bbox 189 2125 1286 2204; baseline 0.002 -19"><span class='ocrx_word' id='word_1_174' title='bbox 189 2131 298 2201; x_wconf 89' lang='lat' dir='ltr'><strong>spectu</strong></span> <span class='ocrx_word' id='word_1_175' title='bbox 312 2135 390 2188; x_wconf 88' lang='lat' dir='ltr'><strong>sunt.</strong></span> <span class='ocrx_word' id='word_1_176' title='bbox 422 2143 491 2188; x_wconf 89' lang='lat' dir='ltr'><strong>cum</strong></span> <span class='ocrx_word' id='word_1_177' title='bbox 505 2129 610 2204; x_wconf 86' lang='lat' dir='ltr'><strong>enixe,</strong></span> <span class='ocrx_word' id='word_1_178' title='bbox 632 2129 715 2188; x_wconf 85' lang='lat' dir='ltr'><strong>velut</strong></span> <span class='ocrx_word' id='word_1_179' title='bbox 729 2128 890 2202; x_wconf 87' lang='lat' dir='ltr'><strong>proposito</strong></span> <span class='ocrx_word' id='word_1_180' title='bbox 907 2125 1085 2202; x_wconf 83' lang='lat' dir='ltr'><strong>certamine,</strong></span> <span class='ocrx_word' id='word_1_181' title='bbox 1106 2126 1170 2187; x_wconf 79' lang='lat' dir='ltr'><strong>Ro</strong></span> <span class='ocrx_word' id='word_1_182' title='bbox 1285 2140 1286 2145; x_wconf 51' lang='lat'>¹</span> 
     </span>
     <span class='ocr_line' id='line_1_24' title="bbox 187 2208 1286 2287; baseline 0.003 -18"><span class='ocrx_word' id='word_1_183' title='bbox 187 2209 270 2270; x_wconf 90' lang='lat' dir='ltr'><strong>mani</strong></span> <span class='ocrx_word' id='word_1_184' title='bbox 282 2210 534 2287; x_wconf 88' lang='lat' dir='ltr'><strong>Macedonesque</strong></span> <span class='ocrx_word' id='word_1_185' title='bbox 554 2211 635 2273; x_wconf 90' lang='lat' dir='ltr'><strong>diem</strong></span> <span class='ocrx_word' id='word_1_186' title='bbox 656 2226 693 2272; x_wconf 90' lang='lat' dir='ltr'><strong>ac</strong></span> <span class='ocrx_word' id='word_1_187' title='bbox 707 2218 827 2272; x_wconf 88' lang='lat' dir='ltr'><strong>noctem</strong></span> <span class='ocrx_word' id='word_1_188' title='bbox 842 2218 894 2271; x_wconf 90' lang='lat' dir='ltr'><strong>aut</strong></span> <span class='ocrx_word' id='word_1_189' title='bbox 907 2208 938 2271; x_wconf 94' lang='lat' dir='ltr'><strong>in</strong></span> <span class='ocrx_word' id='word_1_190' title='bbox 954 2209 1102 2286; x_wconf 89' lang='lat' dir='ltr'><strong>operibus</strong></span> <span class='ocrx_word' id='word_1_191' title='bbox 1117 2218 1171 2272; x_wconf 87' lang='lat' dir='ltr'><strong>aut</strong></span> <span class='ocrx_word' id='word_1_192' title='bbox 1285 2274 1286 2281; x_wconf 50' lang='lat'><strong>,</strong></span> 
     </span>
    </p>
   </div>
   <div class='ocr_carea' id='block_1_7' title="bbox 187 2291 1171 2369">
    <p class='ocr_par' dir='ltr' id='par_1_8' title="bbox 187 2291 1171 2369">
     <span class='ocr_line' id='line_1_25' title="bbox 187 2291 1171 2369; baseline 0.002 -17"><span class='ocrx_word' id='word_1_193' title='bbox 187 2294 218 2353; x_wconf 85' lang='lat' dir='ltr'><strong>tn</strong></span> <span class='ocrx_word' id='word_1_194' title='bbox 234 2295 360 2369; x_wconf 90' lang='lat' dir='ltr'><strong>proeliis</strong></span> <span class='ocrx_word' id='word_1_195' title='bbox 375 2301 488 2369; x_wconf 82' lang='lat' dir='ltr'><strong>essent,</strong></span> <span class='ocrx_word' id='word_1_196' title='bbox 503 2295 564 2356; x_wconf 91' lang='lat' dir='ltr'><strong>hoc</strong></span> <span class='ocrx_word' id='word_1_197' title='bbox 579 2295 676 2356; x_wconf 88' lang='lat' dir='ltr'><strong>maior</strong></span> <span class='ocrx_word' id='word_1_198' title='bbox 687 2294 849 2355; x_wconf 89' lang='lat' dir='ltr'><strong>dillicultas</strong></span> <span class='ocrx_word' id='word_1_199' title='bbox 860 2291 1082 2355; x_wconf 85' lang='lat' dir='ltr'><strong>Macedonibus</strong></span> <span class='ocrx_word' id='word_1_200' title='bbox 1094 2302 1171 2367; x_wconf 88' lang='lat' dir='ltr'><strong>erat,</strong></span> 
     </span>
    </p>
   </div>
   <div class='ocr_carea' id='block_1_8' title="bbox 189 2376 1286 2455">
    <p class='ocr_par' dir='ltr' id='par_1_9' title="bbox 189 2376 1286 2455">
     <span class='ocr_line' id='line_1_26' title="bbox 189 2376 1286 2455; baseline 0.002 -18"><span class='ocrx_word' id='word_1_201' title='bbox 189 2379 274 2453; x_wconf 88' lang='lat' dir='ltr'><strong>quod</strong></span> <span class='ocrx_word' id='word_1_202' title='bbox 286 2378 416 2438; x_wconf 89' lang='lat' dir='ltr'><strong>Romani</strong></span> <span class='ocrx_word' id='word_1_203' title='bbox 437 2393 550 2452; x_wconf 78' lang='lat' dir='ltr'><strong>aggere</strong></span> <span class='ocrx_word' id='word_1_204' title='bbox 571 2387 602 2439; x_wconf 92' lang='lat' dir='ltr'><strong>et</strong></span> <span class='ocrx_word' id='word_1_205' title='bbox 620 2376 721 2440; x_wconf 86' lang='lat' dir='ltr'><strong>vineis</strong></span> <span class='ocrx_word' id='word_1_206' title='bbox 743 2385 774 2438; x_wconf 91' lang='lat' dir='ltr'><strong>et</strong></span> <span class='ocrx_word' id='word_1_207' title='bbox 787 2377 928 2439; x_wconf 90' lang='lat' dir='ltr'><strong>omnibus</strong></span> <span class='ocrx_word' id='word_1_208' title='bbox 947 2392 1043 2455; x_wconf 88' lang='lat' dir='ltr'><strong>supra</strong></span> <span class='ocrx_word' id='word_1_209' title='bbox 1056 2384 1171 2439; x_wconf 87' lang='lat' dir='ltr'><strong>terram</strong></span> <span class='ocrx_word' id='word_1_210' title='bbox 1285 2400 1286 2439; x_wconf 77' lang='lat' dir='ltr'><strong>l</strong></span> 
     </span>
    </p>
   </div>
   <div class='ocr_carea' id='block_1_9' title="bbox 187 2459 1176 3540">
    <p class='ocr_par' dir='ltr' id='par_1_10' title="bbox 187 2459 1176 3540">
     <span class='ocr_line' id='line_1_27' title="bbox 188 2459 1174 2538; baseline 0.002 -17"><span class='ocrx_word' id='word_1_211' title='bbox 188 2460 350 2535; x_wconf 89' lang='lat' dir='ltr'><strong>operibus,</strong></span> <span class='ocrx_word' id='word_1_212' title='bbox 371 2460 481 2521; x_wconf 85' lang='lat' dir='ltr'><strong>subtus</strong></span> <span class='ocrx_word' id='word_1_213' title='bbox 500 2459 688 2521; x_wconf 87' lang='lat' dir='ltr'><strong>Macedones</strong></span> <span class='ocrx_word' id='word_1_214' title='bbox 709 2461 857 2523; x_wconf 88' lang='lat' dir='ltr'><strong>cuniculis</strong></span> <span class='ocrx_word' id='word_1_215' title='bbox 879 2461 1117 2538; x_wconf 85' lang='lat' dir='ltr'><strong>oppugnabant;</strong></span> <span class='ocrx_word' id='word_1_216' title='bbox 1140 2469 1174 2523; x_wconf 94' lang='lat' dir='ltr'><strong>et</strong></span> 
     </span>
     <span class='ocr_line' id='line_1_28' title="bbox 187 2539 1171 2619; baseline 0.004 -18"><span class='ocrx_word' id='word_1_217' title='bbox 187 2539 218 2602; x_wconf 89' lang='lat' dir='ltr'><strong>in</strong></span> <span class='ocrx_word' id='word_1_218' title='bbox 240 2540 361 2618; x_wconf 85' lang='lat' dir='ltr'><strong>asperis</strong></span> <span class='ocrx_word' id='word_1_219' title='bbox 382 2540 460 2602; x_wconf 91' lang='lat' dir='ltr'><strong>locis</strong></span> <span class='ocrx_word' id='word_1_220' title='bbox 481 2540 561 2603; x_wconf 91' lang='lat' dir='ltr'><strong>silex</strong></span> <span class='ocrx_word' id='word_1_221' title='bbox 581 2557 679 2619; x_wconf 90' lang='lat' dir='ltr'><strong>saepe</strong></span> <span class='ocrx_word' id='word_1_222' title='bbox 698 2540 937 2619; x_wconf 89' lang='lat' dir='ltr'><strong>impenetrabilis</strong></span> <span class='ocrx_word' id='word_1_223' title='bbox 959 2547 1039 2608; x_wconf 92' lang='lat' dir='ltr'><strong>lerro</strong></span> <span class='ocrx_word' id='word_1_224' title='bbox 1060 2560 1171 2606; x_wconf 87' lang='lat' dir='ltr'><strong>occur-</strong></span> 
     </span>
     <span class='ocr_line' id='line_1_29' title="bbox 188 2625 1174 2705; baseline 0.006 -21"><span class='ocrx_word' id='word_1_225' title='bbox 188 2625 283 2685; x_wconf 87' lang='lat' dir='ltr'><strong>rebat.</strong></span> <span class='ocrx_word' id='word_1_226' title='bbox 315 2630 430 2684; x_wconf 91' lang='lat' dir='ltr'><strong>etcum</strong></span> <span class='ocrx_word' id='word_1_227' title='bbox 442 2640 552 2699; x_wconf 87' lang='lat' dir='ltr'><strong>parum</strong></span> <span class='ocrx_word' id='word_1_228' title='bbox 566 2625 750 2702; x_wconf 87' lang='lat' dir='ltr'><strong>procederet</strong></span> <span class='ocrx_word' id='word_1_229' title='bbox 764 2628 927 2704; x_wconf 88' lang='lat' dir='ltr'><strong>inceptum,</strong></span> <span class='ocrx_word' id='word_1_230' title='bbox 943 2644 1000 2704; x_wconf 88' lang='lat' dir='ltr'><strong>per</strong></span> <span class='ocrx_word' id='word_1_231' title='bbox 1014 2629 1174 2705; x_wconf 88' lang='lat' dir='ltr'><strong>colloquia</strong></span> 
     </span>
     <span class='ocr_line' id='line_1_30' title="bbox 189 2705 1170 2789; baseline 0.005 -22"><span class='ocrx_word' id='word_1_232' title='bbox 189 2705 360 2785; x_wconf 90' lang='lat' dir='ltr'><strong>principum</strong></span> <span class='ocrx_word' id='word_1_233' title='bbox 375 2705 549 2783; x_wconf 88' lang='lat' dir='ltr'><strong>oppidanos</strong></span> <span class='ocrx_word' id='word_1_234' title='bbox 565 2710 732 2785; x_wconf 81' lang='lat' dir='ltr'><strong>temptabat</strong></span> <span class='ocrx_word' id='word_1_235' title='bbox 745 2727 816 2784; x_wconf 89' lang='lat' dir='ltr'><strong>rex,</strong></span> <span class='ocrx_word' id='word_1_236' title='bbox 837 2718 872 2775; x_wconf 90' lang='lat' dir='ltr'><strong>ut</strong></span> <span class='ocrx_word' id='word_1_237' title='bbox 884 2712 992 2773; x_wconf 90' lang='lat' dir='ltr'><strong>urbem</strong></span> <span class='ocrx_word' id='word_1_238' title='bbox 1007 2712 1170 2789; x_wconf 86' lang='lat' dir='ltr'><strong>dederent,</strong></span> 
     </span>
     <span class='ocr_line' id='line_1_31' title="bbox 187 2789 1172 2872; baseline 0.006 -20"><span class='ocrx_word' id='word_1_239' title='bbox 187 2792 272 2853; x_wconf 90' lang='lat' dir='ltr'><strong>haud</strong></span> <span class='ocrx_word' id='word_1_240' title='bbox 286 2791 408 2865; x_wconf 87' lang='lat' dir='ltr'><strong>dubius,</strong></span> <span class='ocrx_word' id='word_1_241' title='bbox 424 2789 507 2868; x_wconf 87' lang='lat' dir='ltr'><strong>quin,</strong></span> <span class='ocrx_word' id='word_1_242' title='bbox 523 2794 549 2854; x_wconf 89' lang='lat' dir='ltr'><strong>si</strong></span> <span class='ocrx_word' id='word_1_243' title='bbox 560 2793 647 2870; x_wconf 88' lang='lat' dir='ltr'><strong>prius</strong></span> <span class='ocrx_word' id='word_1_244' title='bbox 659 2793 809 2855; x_wconf 89' lang='lat' dir='ltr'><strong>Heraclea</strong></span> <span class='ocrx_word' id='word_1_245' title='bbox 820 2802 910 2872; x_wconf 85' lang='lat' dir='ltr'><strong>capta</strong></span> <span class='ocrx_word' id='word_1_246' title='bbox 921 2796 1008 2871; x_wconf 85' lang='lat' dir='ltr'><strong>ieret,</strong></span> <span class='ocrx_word' id='word_1_247' title='bbox 1019 2796 1172 2858; x_wconf 88' lang='lat' dir='ltr'><strong>Romanis</strong></span> 
     </span>
     <span class='ocr_line' id='line_1_32' title="bbox 188 2873 1170 2955; baseline 0.006 -20"><span class='ocrx_word' id='word_1_248' title='bbox 188 2891 224 2936; x_wconf 91' lang='lat' dir='ltr'><strong>se</strong></span> <span class='ocrx_word' id='word_1_249' title='bbox 235 2873 339 2952; x_wconf 91' lang='lat' dir='ltr'><strong>potius</strong></span> <span class='ocrx_word' id='word_1_250' title='bbox 352 2892 443 2951; x_wconf 92' lang='lat' dir='ltr'><strong>quarn</strong></span> <span class='ocrx_word' id='word_1_251' title='bbox 455 2873 514 2937; x_wconf 90' lang='lat' dir='ltr'><strong>sibi</strong></span> <span class='ocrx_word' id='word_1_252' title='bbox 525 2875 657 2941; x_wconf 89' lang='lat' dir='ltr'><strong>dedituri</strong></span> <span class='ocrx_word' id='word_1_253' title='bbox 668 2884 782 2952; x_wconf 84' lang='lat' dir='ltr'><strong>essent,</strong></span> <span class='ocrx_word' id='word_1_254' title='bbox 795 2894 946 2955; x_wconf 88' lang='lat' dir='ltr'><strong>suamque</strong></span> <span class='ocrx_word' id='word_1_255' title='bbox 955 2880 1083 2955; x_wconf 85' lang='lat' dir='ltr'><strong>gratiam</strong></span> <span class='ocrx_word' id='word_1_256' title='bbox 1094 2896 1170 2941; x_wconf 89' lang='lat' dir='ltr'><strong>con-</strong></span> 
     </span>
     <span class='ocr_line' id='line_1_33' title="bbox 189 2956 1172 3039; baseline 0.006 -18"><span class='ocrx_word' id='word_1_257' title='bbox 189 2959 237 3021; x_wconf 90' lang='lat' dir='ltr'><strong>sui</strong></span> <span class='ocrx_word' id='word_1_258' title='bbox 251 2956 282 3019; x_wconf 92' lang='lat' dir='ltr'><strong>in</strong></span> <span class='ocrx_word' id='word_1_259' title='bbox 297 2958 460 3021; x_wconf 90' lang='lat' dir='ltr'><strong>obsidione</strong></span> <span class='ocrx_word' id='word_1_260' title='bbox 474 2959 633 3023; x_wconf 89' lang='lat' dir='ltr'><strong>liberanda</strong></span> <span class='ocrx_word' id='word_1_261' title='bbox 647 2962 783 3023; x_wconf 83' lang='lat' dir='ltr'><strong>lecturus</strong></span> <span class='ocrx_word' id='word_1_262' title='bbox 794 2969 887 3023; x_wconf 90' lang='lat' dir='ltr'><strong>esset.</strong></span> <span class='ocrx_word' id='word_1_263' title='bbox 910 2979 968 3024; x_wconf 90' lang='lat' dir='ltr'><strong>nec</strong></span> <span class='ocrx_word' id='word_1_264' title='bbox 979 2979 1049 3024; x_wconf 91' lang='lat' dir='ltr'><strong>eum</strong></span> <span class='ocrx_word' id='word_1_265' title='bbox 1060 2961 1172 3039; x_wconf 89' lang='lat' dir='ltr'><strong>opinio</strong></span> 
     </span>
     <span class='ocr_line' id='line_1_34' title="bbox 188 3043 1173 3123; baseline 0.008 -21"><span class='ocrx_word' id='word_1_266' title='bbox 188 3051 236 3104; x_wconf 91' lang='lat' dir='ltr'><strong>est</strong></span> <span class='ocrx_word' id='word_1_267' title='bbox 256 3043 413 3105; x_wconf 73' lang='lat' dir='ltr'><strong>nostrata:</strong></span> <span class='ocrx_word' id='word_1_268' title='bbox 446 3045 607 3106; x_wconf 82' lang='lat' dir='ltr'><strong>confestim</strong></span> <span class='ocrx_word' id='word_1_269' title='bbox 627 3045 708 3106; x_wconf 90' lang='lat' dir='ltr'><strong>enim</strong></span> <span class='ocrx_word' id='word_1_270' title='bbox 722 3045 761 3106; x_wconf 89' lang='lat' dir='ltr'><strong>ab</strong></span> <span class='ocrx_word' id='word_1_271' title='bbox 774 3044 925 3107; x_wconf 87' lang='lat' dir='ltr'><strong>Heraclea</strong></span> <span class='ocrx_word' id='word_1_272' title='bbox 939 3055 1029 3123; x_wconf 86' lang='lat' dir='ltr'><strong>capta</strong></span> <span class='ocrx_word' id='word_1_273' title='bbox 1043 3046 1173 3110; x_wconf 87' lang='lat' dir='ltr'><strong>nuntius</strong></span> 
     </span>
     <span class='ocr_line' id='line_1_35' title="bbox 188 3123 1174 3205; baseline 0.007 -20"><span class='ocrx_word' id='word_1_274' title='bbox 188 3123 280 3200; x_wconf 89' lang='lat' dir='ltr'><strong>venit,</strong></span> <span class='ocrx_word' id='word_1_275' title='bbox 295 3134 329 3187; x_wconf 88' lang='lat' dir='ltr'><strong>ut</strong></span> <span class='ocrx_word' id='word_1_276' title='bbox 342 3126 573 3203; x_wconf 68' lang='lat' dir='ltr'><strong>oppugnatione</strong></span> <span class='ocrx_word' id='word_1_277' title='bbox 584 3126 762 3199; x_wconf 87' lang='lat' dir='ltr'><strong>absisteret;</strong></span> <span class='ocrx_word' id='word_1_278' title='bbox 783 3127 916 3205; x_wconf 89' lang='lat' dir='ltr'><strong>aequius</strong></span> <span class='ocrx_word' id='word_1_279' title='bbox 925 3144 999 3191; x_wconf 87' lang='lat' dir='ltr'><strong>esse</strong></span> <span class='ocrx_word' id='word_1_280' title='bbox 1008 3132 1174 3194; x_wconf 88' lang='lat' dir='ltr'><strong>Romanos</strong></span> 
     </span>
     <span class='ocr_line' id='line_1_36' title="bbox 188 3208 1174 3290; baseline 0.007 -20"><span class='ocrx_word' id='word_1_281' title='bbox 188 3208 308 3284; x_wconf 90' lang='lat' dir='ltr'><strong>milites,</strong></span> <span class='ocrx_word' id='word_1_282' title='bbox 324 3211 377 3287; x_wconf 91' lang='lat' dir='ltr'><strong>qui</strong></span> <span class='ocrx_word' id='word_1_283' title='bbox 391 3208 458 3273; x_wconf 88' lang='lat' dir='ltr'><strong>acie</strong></span> <span class='ocrx_word' id='word_1_284' title='bbox 473 3209 674 3273; x_wconf 88' lang='lat' dir='ltr'><strong>dimicassent</strong></span> <span class='ocrx_word' id='word_1_285' title='bbox 687 3228 757 3274; x_wconf 89' lang='lat' dir='ltr'><strong>cum</strong></span> <span class='ocrx_word' id='word_1_286' title='bbox 771 3213 905 3288; x_wconf 87' lang='lat' dir='ltr'><strong>Aetolis,</strong></span> <span class='ocrx_word' id='word_1_287' title='bbox 922 3212 1059 3290; x_wconf 91' lang='lat' dir='ltr'><strong>praemia</strong></span> <span class='ocrx_word' id='word_1_288' title='bbox 1071 3212 1174 3278; x_wconf 89' lang='lat' dir='ltr'><strong>victo-</strong></span> 
     </span>
     <span class='ocr_line' id='line_1_37' title="bbox 187 3292 1176 3374; baseline 0.006 -21"><span class='ocrx_word' id='word_1_289' title='bbox 187 3295 252 3353; x_wconf 89' lang='lat' dir='ltr'><strong>riae</strong></span> <span class='ocrx_word' id='word_1_290' title='bbox 272 3293 395 3356; x_wconf 91' lang='lat' dir='ltr'><strong>habere.</strong></span> <span class='ocrx_word' id='word_1_291' title='bbox 427 3292 470 3356; x_wconf 87' lang='lat' dir='ltr'><strong>ita</strong></span> <span class='ocrx_word' id='word_1_292' title='bbox 488 3309 646 3356; x_wconf 89' lang='lat' dir='ltr'><strong>recessum</strong></span> <span class='ocrx_word' id='word_1_293' title='bbox 667 3296 705 3356; x_wconf 87' lang='lat' dir='ltr'><strong>ab</strong></span> <span class='ocrx_word' id='word_1_294' title='bbox 719 3296 823 3357; x_wconf 87' lang='lat' dir='ltr'><strong>Lamia</strong></span> <span class='ocrx_word' id='word_1_295' title='bbox 837 3303 902 3371; x_wconf 88' lang='lat' dir='ltr'><strong>est,</strong></span> <span class='ocrx_word' id='word_1_296' title='bbox 924 3305 954 3358; x_wconf 88' lang='lat' dir='ltr'><strong>et</strong></span> <span class='ocrx_word' id='word_1_297' title='bbox 974 3296 1176 3374; x_wconf 88' lang='lat' dir='ltr'><strong>propinquae</strong></span> 
     </span>
     <span class='ocr_line' id='line_1_38' title="bbox 190 3376 1115 3456; baseline 0.001 -17"><span class='ocrx_word' id='word_1_298' title='bbox 190 3378 278 3439; x_wconf 89' lang='lat' dir='ltr'><strong>clade</strong></span> <span class='ocrx_word' id='word_1_299' title='bbox 292 3376 377 3439; x_wconf 89' lang='lat' dir='ltr'><strong>urbis</strong></span> <span class='ocrx_word' id='word_1_300' title='bbox 391 3376 461 3453; x_wconf 89' lang='lat' dir='ltr'><strong>ipsi,</strong></span> <span class='ocrx_word' id='word_1_301' title='bbox 477 3394 517 3439; x_wconf 90' lang='lat' dir='ltr'><strong>ne</strong></span> <span class='ocrx_word' id='word_1_302' title='bbox 533 3379 608 3456; x_wconf 90' lang='lat' dir='ltr'><strong>quid</strong></span> <span class='ocrx_word' id='word_1_303' title='bbox 621 3377 720 3440; x_wconf 89' lang='lat' dir='ltr'><strong>simile</strong></span> <span class='ocrx_word' id='word_1_304' title='bbox 733 3386 916 3455; x_wconf 87' lang='lat' dir='ltr'><strong>paterentur,</strong></span> <span class='ocrx_word' id='word_1_305' title='bbox 931 3380 1115 3456; x_wconf 81' lang='lat' dir='ltr'><strong>effugerunt.</strong></span> 
     </span>
     <span class='ocr_line' id='line_1_39' title="bbox 273 3461 1174 3540; baseline 0.008 -18"><span class='ocrx_word' id='word_1_306' title='bbox 273 3462 380 3522; x_wconf 85' lang='lat' dir='ltr'><strong>XXVI.</strong></span> <span class='ocrx_word' id='word_1_307' title='bbox 403 3461 512 3524; x_wconf 85' lang='lat' dir='ltr'><strong>Paucis</strong></span> <span class='ocrx_word' id='word_1_308' title='bbox 527 3462 706 3539; x_wconf 89' lang='lat' dir='ltr'><strong>priusquam</strong></span> <span class='ocrx_word' id='word_1_309' title='bbox 720 3462 869 3524; x_wconf 87' lang='lat' dir='ltr'><strong>Heraclea</strong></span> <span class='ocrx_word' id='word_1_310' title='bbox 882 3472 1044 3540; x_wconf 87' lang='lat' dir='ltr'><strong>caperetur</strong></span> <span class='ocrx_word' id='word_1_311' title='bbox 1057 3465 1174 3529; x_wconf 86' lang='lat' dir='ltr'><strong>diebus</strong></span> 
     </span>
    </p>
   </div>
   <div class='ocr_carea' id='block_1_10' title="bbox 0 0 1307 4000">
    <p class='ocr_par' dir='ltr' id='par_1_11' title="bbox 0 0 1307 4000">
     <span class='ocr_line' id='line_1_40' title="bbox 0 0 1307 4000; baseline 0 0"><span class='ocrx_word' id='word_1_312' title='bbox 0 0 1307 4000; x_wconf 95' lang='lat' dir='ltr'><strong> </strong></span> 
     </span>
    </p>
   </div>
  </div>
 </body>
</html>
