2600 4000
277 206 393 270 LIBER
402 207 550 268 XXXVII.
574 208 657 268 CAP.
670 217 715 270 39.
728 218 773 270 40.
795 216 832 283 [a.
845 216 877 271 C.
893 218 954 286 190]
1040 212 1101 276 295

123 362 181 426 rati
195 364 290 430 erant,
305 358 333 419 si
347 359 377 418 in
393 357 543 433 proelium
556 357 656 418 hostis
670 374 731 418 uon
746 359 853 420 exiret
882 360 935 420 cn.
951 362 1101 426 Domitius

124 445 165 505 ad
186 443 409 518 explorandum
429 442 500 516 iter,
520 448 551 502 et
565 457 627 517 qua
640 448 727 517 parte
747 440 825 502 adiri
839 443 953 504 vallum
969 444 1101 507 hostiam

124 533 243 606 posset,
257 525 381 601 missus,
398 532 561 601 postquam
572 525 674 586 omnia
685 531 769 586 certa
778 525 900 601 rettulit,
914 534 1041 602 postero
1053 531 1102 590 die

43 689 45 692 v
124 610 255 689 propius
275 616 376 670 castra
396 608 553 671 admoveri
568 609 698 684 placuit;
720 608 808 669 tertio
823 609 911 684 signa
924 610 956 670 in
971 611 1102 672 medium

125 693 225 769 campi
244 694 364 770 prolata
377 699 408 754 et
420 692 528 754 instrui
542 693 626 753 acies
642 698 753 768 coepta
767 700 823 753 est.
859 707 918 753 nec
930 693 1102 756 Antiochus

2 811 4 836 0
123 780 204 840 ultra
216 776 480 852 tergiversandum
490 783 583 850 ratus,
598 791 637 837 ne
648 782 680 837 et
689 791 815 837 suorum
827 776 945 837 animos
956 777 1104 840 minueret

2 863 3 934 g
124 860 322 923 detractando
343 867 496 922 cermmen
517 866 547 920 et
560 858 695 922 hostium
715 874 803 935 spem
823 866 965 936 augeret,
986 860 1103 936 etipse

2 957 3 1020 ξ
124 945 232 1022 copias
253 943 372 1017 eduxit,
392 951 507 1005 mnium
529 959 714 1019 progressus
736 945 879 1005 acastris
899 951 933 1005 ut
946 944 1101 1006 dimicatu-

123 1046 190 1090 rum
203 1035 375 1104 appareret.

206 1111 346 1173 Romana
365 1111 449 1171 acies
470 1110 560 1171 unius
581 1126 680 1186 prope
701 1113 817 1171 lormae
832 1111 888 1172 luit
903 1118 934 1173 et
947 1111 1102 1173 hominum

123 1205 317 1258 mutuorum
327 1208 450 1271 genere.
473 1194 553 1256 duae
564 1194 702 1269 legiones
714 1195 880 1269 Romanae,
893 1194 973 1256 duae
984 1196 1103 1258 socium

123 1296 161 1341 ac
170 1277 269 1340 Latini
283 1277 415 1342 nominis
428 1283 531 1349 aranu
553 1279 648 1354 quina
662 1277 744 1339 mila
758 1284 790 1339 et
800 1278 1028 1355 quadringenos
1040 1280 1102 1341 sin-

122 1365 213 1439 gulae
235 1362 399 1424 habebant
430 1362 560 1423 Romani
579 1361 710 1424 mediam
732 1361 844 1437 aciem,
871 1377 987 1425 cornua
1006 1363 1103 1424 Latini

122 1452 298 1508 tenuerant:
330 1445 517 1508 hastatorum
542 1446 641 1522 prima
665 1446 768 1521 signa,
794 1446 906 1507 deinde
931 1445 1102 1523 principum

122 1538 224 1601 erant;
252 1529 346 1591 triarii
370 1535 545 1606 postremos
569 1528 760 1591 claudebant.
796 1537 883 1591 extra
907 1528 986 1590 hanc
1010 1531 1103 1592 veluti

121 1614 233 1675 iustam
254 1614 351 1676 aciem
365 1630 386 1675 s
398 1622 485 1690 parte
505 1615 614 1675 dextra
628 1616 737 1675 consul
750 1612 943 1674 Achaeorum
960 1613 1102 1673 caetratis

122 1698 276 1761 immixtos
296 1699 461 1760 auxiliares
481 1698 643 1773 Eumenis,
662 1698 721 1759 tria
740 1695 822 1756 milia
841 1697 937 1754 terme
957 1693 1100 1770 peditum,

123 1789 254 1857 aequata
278 1783 377 1844 fronte
403 1781 559 1853 instruxit;
593 1783 674 1841 tdtra
692 1794 749 1840 eos
769 1776 906 1853 equitum
925 1778 1026 1840 minus
1045 1779 1102 1839 tria

121 1867 205 1928 milis
224 1867 385 1943 opposuit,
407 1883 448 1926 ex
468 1865 581 1941 quihus
596 1862 741 1923 Eumenis
762 1859 941 1936 octingenti,
965 1861 1101 1937 reliquus

122 1950 221 2012 omnis
242 1950 395 2025 equitatus
408 1949 567 2009 Romanus
587 1951 668 2016 erat3
691 1951 844 2007 extremos
858 1945 965 2007 Trallis
986 1951 1018 2008 et
1031 1945 1100 2008 cre-

123 2033 219 2096 tensis
233 2066 276 2079 -
292 2032 526 2109 quingentorum
549 2028 673 2104 utrique
697 2043 855 2090 numerum
881 2030 1100 2105 explebant-

123 2116 236 2179 statuit.
268 2118 389 2177 laevum
409 2129 506 2177 cornu
526 2129 589 2175 oon
607 2112 767 2173 videbatur
785 2128 877 2189 egere
890 2113 1001 2174 idibus
1016 2114 1101 2174 auxi-

123 2201 187 2277 liis,
209 2201 282 2277 qula
301 2199 415 2261 flumen
436 2198 476 2259 ab
497 2213 536 2259 ea
552 2204 640 2275 parte
653 2195 802 2273 ripaeque
817 2197 964 2272 deruptae
979 2196 1095 2257 claude·

1 2334 2 2341 ,
122 2284 211 2346 hante
245 2292 389 2362 quattuor
412 2291 513 2344 minen
537 2282 610 2343 inde
633 2289 751 2342 tonnae
773 2283 909 2358 equitum
929 2280 1102 2356 oppositae.

1 2364 2 2411 ἲ
123 2364 201 2431 haec
220 2384 339 2430 summa
359 2367 517 2444 copiarum
539 2374 605 2428 erat
617 2364 781 2434 Romanist
804 2373 834 2426 et
853 2365 915 2426 duo
930 2363 1013 2424 milia
1027 2362 1102 2422 mix·

1 2498 2 2517 1
123 2447 1103 2528 toramidacedonumwmumquequivoluntatesecutierant,

1 2586 2 2609 ἶ
123 2539 279 2615 praesidio
305 2537 414 2599 casuis
437 2535 535 2597 relicti
554 2541 635 2598 sunt.
672 2533 808 2596 sedecim
829 2532 1010 2610 elephantos
1031 2537 1104 2607 post

122 2622 243 2684 triarios
264 2622 295 2683 in
315 2620 454 2684 subsidio
474 2620 661 2682 locaverunt.
693 2632 763 2677 nam
782 2624 998 2694 praeterquam
1019 2615 1104 2692 quod

123 2704 343 2767 multitudinem
356 2703 510 2779 regiorum
521 2703 895 2780 elephantorum-eraut
904 2705 1005 2761 autem
1018 2704 1103 2774 quat·

123 2795 194 2849 tuor
213 2794 244 2849 et
264 2785 701 2864 quinquaginta—sustinere
723 2799 784 2844 non
800 2783 983 2844 videbantur
996 2797 1101 2858 posse,

123 2887 163 2932 ne
176 2872 243 2947 pari
260 2871 382 2945 quidem
396 2885 523 2931 numero
537 2867 651 2929 lndicis
665 2867 761 2926 Africi
774 2866 935 2941 resistant,
951 2867 1017 2927 sive
1032 2866 1103 2941 quio

123 2954 485 3033 magnitudine-longe
506 2952 588 3013 enim
611 2949 655 3012 illi
679 2949 967 3025 praestant—sive
991 2949 1104 3011 robore

123 3041 294 3102 animorum
306 3038 479 3113 ,ducuntum

207 3125 268 3185 XL.
296 3123 394 3198 Regia
407 3122 491 3182 acies
507 3120 592 3181 varia
604 3119 704 3195 magis
718 3118 820 3179 multis
834 3116 992 3194 gentibus,
1014 3115 1103 3178 dissi-

123 3207 291 3269 militudine
315 3221 469 3268 armorum
493 3204 740 3279 auxiliorumque
758 3209 832 3263 erat
868 3201 976 3263 decem
997 3208 1029 3263 et
1047 3215 1103 3261 sex

124 3291 206 3351 ntilla
218 3290 353 3368 peditum
367 3304 454 3352 more
464 3288 667 3352 Macedonum
682 3285 788 3350 armati
802 3287 897 3361 luere,
914 3284 968 3363 qui
978 3285 1104 3361 phalan-

1 3382 2 3459 ζ
125 3374 207 3451 gilae
225 3375 467 3451 appellabantur.
499 3374 576 3434 haec
595 3373 698 3433 media
718 3373 802 3433 acies
824 3373 893 3445 luit,
913 3370 944 3430 ln
960 3371 1060 3431 monte
1073 3366 1103 3425 in

1 3486 14 3545 χ
125 3458 233 3517 decern
244 3464 346 3533 partes
358 3457 466 3518 divisa.
486 3454 856 3533 parteseasinterposltis
868 3452 949 3514 binis
959 3449 1103 3529 elephan-
