2600 4000
221 252 286 317 820
363 250 479 313 LIBER
493 249 655 312 XXXVlll.
676 249 759 310 CAP.
772 259 800 312 3.
811 259 838 312 t.
861 258 897 324 [a.
909 253 945 308 U.
957 273 982 309 o.
994 258 1057 323 563]

221 406 377 487 philochia
397 413 523 481 recepta
533 436 577 449 —
586 420 657 465 nam
677 404 776 464 luerat
798 402 954 479 quondam
972 402 1153 467 Aetolorum
1163 440 1202 460 -,

221 492 329 554 eadem
355 506 412 567 spe
438 489 469 549 in
488 486 688 565 Aperantiam
711 486 981 548 uanscendcrunt=
1013 501 1051 547 ea
1077 506 1201 566 quoque

222 591 333 653 magna
353 591 392 636 ex
413 579 501 651 parta
515 573 582 634 sine
597 572 761 633 certamine
774 571 805 631 in
820 571 1007 632 deditionem
1021 573 1113 634 venit
1141 573 1200 636 Do-

221 664 309 737 lopes
324 673 490 734 numquam
499 657 679 717 Aetolorum
693 656 820 727 fuerant,
838 654 968 731 Philippi
979 664 1074 717 erant
1096 656 1128 716 bi
1142 656 1200 732 pri-

220 761 270 806 mo
292 744 332 805 ad
350 757 434 803 arma
450 746 686 802 concurrerunt:
714 744 848 800 ceterum
863 747 1029 815 postquam
1043 740 1200 815 Ambito-

221 828 298 890 chos
319 842 391 892 eum
403 825 522 888 Aetolis
543 838 615 884 esse
635 824 800 900 fugamque
821 839 861 882 ex
875 822 1057 891 Athamania
1069 823 1200 901 Philippi

222 919 252 973 et
265 911 393 973 caedem
414 907 561 985 praesidii
583 907 650 969 eius
665 922 830 982 accepere,
853 913 884 967 et
897 905 959 982 ipsi
972 922 992 966 a
1004 906 1146 984 Philippo
1162 912 1200 971 ad

218 992 348 1058 Aetolos
363 994 517 1055 deliciunt.
541 992 653 1069 quibus
669 990 871 1052 circumiectis
885 988 1029 1065 gentibus
1042 990 1103 1052 iam
1113 994 1197 1054 andi

219 1094 279 1155 que
293 1094 329 1139 se
343 1076 595 1139 aldacedonibus
605 1083 689 1138 tutos
700 1075 895 1136 credentibus
906 1090 979 1135 esse
989 1075 1108 1137 Aetolis
1121 1077 1201 1139 lama

219 1161 356 1223 adfertur
368 1160 554 1222 Antiochum
574 1161 605 1220 in
619 1160 697 1221 Asia
714 1157 830 1220 rictum
844 1159 883 1219 ab
897 1158 1053 1220 Romanis.
1086 1176 1145 1221 nec
1159 1161 1200 1222 ita

219 1245 313 1307 multo
336 1251 410 1320 post
428 1244 520 1319 legati
540 1245 579 1305 ab
593 1245 693 1306 Roma
712 1242 833 1304 rediere
851 1242 919 1304 sine
940 1257 998 1318 spe
1012 1242 1116 1319 pacis,
1131 1244 1198 1306 Ful-

217 1330 364 1404 viumque
376 1330 535 1389 consulem
546 1327 721 1389 nuntiantes
733 1343 802 1388 cum
814 1326 951 1389 exercitu
960 1326 1020 1387 iam
1029 1328 1197 1390 traiecisse.

217 1410 267 1474 his
280 1411 385 1486 territi,
400 1410 487 1487 prius
503 1411 542 1471 ab
556 1411 668 1473 Rhodo
683 1418 714 1472 et
726 1411 855 1473 Athenis
865 1411 1069 1486 legationibus
1081 1411 1198 1486 excitis,

217 1504 251 1557 ut
270 1513 328 1572 per
347 1495 558 1557 auctoritatem
578 1510 684 1556 earum
704 1494 868 1556 civitatium
882 1511 958 1556 suae
974 1510 1085 1572 preces
1100 1511 1200 1572 nuper

218 1580 397 1657 repudiatae
411 1580 578 1640 laciliorem
593 1578 709 1640 aditum
723 1580 763 1640 ad
778 1587 918 1641 senatum
932 1579 1094 1654 haberent,
1117 1580 1197 1656 prin-

217 1664 303 1741 cipes
322 1664 421 1740 gentis
436 1664 476 1724 ad
490 1665 697 1739 temptandam
712 1678 802 1739 spem
815 1664 949 1725 ultimam
963 1665 1091 1725 Romam
1104 1665 1197 1726 mise·

216 1756 295 1825 runt,
310 1748 399 1824 nihil,
414 1764 453 1810 ne
466 1749 580 1809 bellum
592 1746 756 1822 baberent,
770 1748 951 1823 priusquam
965 1763 1064 1823 paene
1077 1748 1108 1808 in
1124 1764 1198 1810 con·

216 1841 327 1908 spectu
341 1832 440 1894 hostis
455 1839 534 1907 erat,
556 1831 775 1908 praemeditati.
801 1831 862 1892 iam
874 1832 914 1892 Μ.
929 1831 1055 1893 Fulvius
1068 1834 1197 1908 Apollo·
1296 1877 1297 1882 η

215 1916 297 1976 niam
318 1917 457 1977 exercitu
475 1917 601 1977 traiecto
621 1932 692 1977 omn
704 1915 899 1991 Epirotarum
919 1914 1109 1991 principibus
1125 1932 1199 1977 con·

217 1998 362 2072 saltabat,
390 1999 473 2061 unde
501 1999 613 2062 bellum
641 1998 799 2076 inciperet.
839 1998 974 2076 Epirotis
1001 2001 1199 2062 Ambraciam

217 2082 358 2161 placebat
371 2083 507 2159 adgredi,
527 2100 607 2159 quae
622 2092 685 2146 tum
701 2083 905 2147 contribuerat
919 2101 955 2145 se
968 2085 1095 2145 Aetolis.
1131 2086 1200 2146 sive

216 2167 255 2228 ad
276 2168 422 2229 tuendam
443 2184 511 2229 eam
533 2168 670 2231 venirent
683 2168 800 2244 Aetoli,
820 2176 946 2244 apertos
967 2168 1049 2229 circa
1066 2184 1198 2245 campos

215 2251 256 2311 ad
270 2252 476 2313 dimicandum
496 2269 584 2325 esse,
606 2255 674 2313 sive
688 2253 891 2314 detractarent
905 2259 1074 2329 certarnen,
1095 2268 1198 2330 oppu-

214 2336 390 2412 gnationem
411 2337 477 2399 lore
498 2338 581 2398 haud
601 2338 771 2399 difficilem:
794 2343 916 2398 namet
937 2337 1059 2412 copiam
1078 2336 1109 2397 in
1124 2354 1198 2413 pro·

214 2419 330 2496 pinquo
352 2421 495 2482 materiae
516 2421 556 2481 ad
575 2437 706 2497 aggeres
726 2420 907 2483 excitandos
927 2428 958 2482 et
977 2429 1079 2482 cetera
1099 2435 1200 2498 opera

213 2517 300 2573 esse;
334 2512 364 2564 et
382 2503 584 2578 Arachthum,
605 2503 809 2579 navigabilem
829 2521 962 2579 amnem,
985 2511 1198 2581 opportunum

213 2584 254 2644 ad
279 2586 500 2661 comportanda
526 2602 606 2662 quae
630 2588 701 2648 usui
726 2589 802 2663 sint,
832 2596 955 2666 praeter
978 2588 1048 2665 ipsa
1073 2590 1200 2652 moenia

213 2667 325 2739 fluere;
348 2675 379 2729 et
398 2675 545 2730 aestatem
565 2680 667 2746 aptam
680 2673 724 2732 rei
740 2675 894 2748 gerendae
908 2674 1031 2735 adesse.
1061 2674 1110 2734 his
1127 2691 1199 2752 per-

213 2761 385 2827 suaserunt,
399 2760 432 2815 ut
445 2769 502 2830 per
510 2753 636 2831 Epirum
652 2757 785 2818 duceret
807 2758 861 2818 IV.
881 2760 1000 2820 consuli
1014 2758 1055 2820 ad
1065 2760 1197 2820 Ambra-

213 2835 292 2896 ciam
314 2838 488 2899 advenienti
508 2841 610 2915 magni
626 2843 731 2916 operis
747 2841 936 2917 oppugnatio
950 2842 1019 2903 visa
1034 2850 1091 2904 est
1121 2846 1199 2903 Am·

212 2918 316 2981 bracia
335 2924 451 2984 tumulo
474 2939 586 2999 aspero
608 2923 747 2986 subiecta
767 2933 828 2986 cst:
858 2926 1055 2987 Perranthem
1074 2926 1200 2988 incolae

211 3011 330 3065 vocant.
359 3006 448 3080 urbs,
465 3024 528 3084 qua
540 3026 646 3070 murus
662 3011 758 3085 vergit
771 3010 802 3069 in
818 3026 945 3084 campos
959 3018 990 3070 et
1002 3009 1126 3084 flumen,
1141 3025 1198 3071 oc-

204 3086 376 3164 cidentem,
398 3107 468 3167 arx,
488 3108 569 3167 quae
588 3093 734 3168 imposita
747 3102 794 3155 est
807 3096 936 3168 tumulo,
959 3094 1107 3155 orientem
1122 3110 1198 3168 spe-

211 3177 280 3231 ctat.
303 3174 401 3234 amnis
412 3175 586 3237 Arachthus
598 3193 638 3236 ex
648 3176 830 3239 Athamania
844 3176 944 3241 fluens
956 3177 1038 3239 cadit
1047 3178 1079 3236 in
1091 3177 1199 3238 sinum

210 3252 303 3315 maris
324 3257 364 3317 ab
384 3258 507 3318 nornine
526 3261 721 3337 propinquae
740 3262 825 3323 urbis
839 3261 1035 3322 Ambracium
1053 3262 1198 3336 appella·

210 3347 282 3399 tum.
314 3350 530 3417 praeterquam
553 3345 638 3419 quod
660 3345 731 3406 hinc
751 3346 849 3406 amnis
869 3347 967 3407 munit
986 3345 1056 3405 hino
1073 3343 1198 3418 tumuli,

211 3438 298 3484 muro
314 3441 439 3501 quoque
453 3425 541 3487 firmo
557 3435 665 3504 saepta
679 3437 753 3503 erat,
768 3437 893 3504 patente
907 3432 937 3489 in
953 3429 1080 3491 circuitu
1095 3427 1197 3504 paulo

210 3506 340 3582 amplius
354 3508 411 3570 tria
425 3510 505 3570 milia
519 3528 677 3587 passuum.
698 3511 824 3574 Fulvius
838 3514 910 3574 bina
925 3527 1064 3589 acampo
1075 3523 1195 3574 castra
