2600 4000
265 258 381 320 LIBER
394 258 554 320 mvtll.
577 252 953 334 cupersanensi]
1035 262 1096 328 tot

122 413 263 474 omnibus
287 412 328 474 ad
347 413 494 473 orientem
514 411 614 472 versis
634 412 760 487 regibus
780 411 983 487 gentibusque
1003 431 1098 492 appa-

119 503 215 571 reret,
235 513 330 558 unum
342 496 496 576 hominem
511 503 605 571 caput
619 496 824 570 columenque
836 495 1098 571 imperiiRomaui

119 595 201 653 esse,
216 579 275 642 sub
288 580 397 641 umbra
408 579 561 655 Scipionis
576 577 728 640 civitatem
744 579 897 639 donnnam
909 580 993 640 orbis
1004 587 1098 641 terra-

118 680 187 725 rum
207 667 315 739 latere,
335 670 441 724 nutum
458 663 524 724 eius
545 678 601 738 pro
616 661 748 724 decretis
764 671 897 738 patrum,
918 678 975 738 pro
990 665 1097 739 populi

118 748 213 809 iussis
222 763 303 810 esse.
325 748 449 808 iniamia
459 746 602 807 intactum
614 746 739 821 invidia,
752 763 814 822 qua
824 753 963 821 possunt,
978 756 1095 822 urgent.

119 832 307 895 orationibus
321 832 352 891 iu
366 836 487 891 noctem
500 831 657 906 perductis
673 830 813 905 prodicta
827 828 893 891 dies
909 839 966 892 est.
994 830 1046 891 ubi
1060 846 1098 890 ea

118 915 215 992 venit,
236 916 349 978 tribuni
368 916 400 975 in
414 914 534 976 Rostris
548 914 647 990 prima
661 916 730 974 luce
743 915 957 975 consederunt.
987 915 1096 975 citatus

116 1015 189 1060 reus
208 1016 320 1075 magno
340 998 460 1074 agmine
480 998 647 1060 amicorum
667 996 882 1072 clientiumque
897 1013 953 1073 per
966 998 1096 1059 mediam

118 1084 291 1146 contionem
302 1084 342 1143 ad
352 1084 464 1143 Rostra
478 1081 578 1157 subiit,
594 1080 778 1158 silentioque
789 1083 869 1142 iacto
884 1082 983 1155 ,‚hoc“
996 1082 1096 1156 inquit

116 1167 203 1240 ,‚die,
225 1167 337 1228 tribuni
358 1166 457 1242 plebis
479 1179 599 1240 vosque
619 1164 765 1239 Quirites,
786 1181 856 1226 cum
874 1165 1045 1225 Hannibale
1064 1172 1096 1226 et

117 1248 417 1326 carthaginiensibus
431 1248 528 1325 signis
540 1248 659 1310 collatis
674 1249 704 1308 in
715 1249 820 1309 Africa
830 1249 909 1309 bene
920 1265 957 1309 ac
968 1249 1094 1310 feliciter

116 1334 261 1409 pugnavi.
295 1335 398 1409 itaque
418 1349 488 1393 cum
508 1333 600 1392 hodie
615 1332 718 1393 litibus
733 1339 763 1393 et
776 1332 881 1407 iurgiis
896 1334 1092 1408 supersederi

116 1432 249 1492 aequum
269 1418 323 1492 sit,
344 1432 401 1491 ego
422 1416 493 1480 hinc
514 1417 669 1500 cntemplo
689 1416 721 1475 in
735 1415 914 1491 Capitolium
934 1418 975 1476 ad
988 1417 1093 1476 lovem

115 1500 263 1575 optimum
283 1501 446 1560 mammam
460 1502 670 1576 Iunonemque
683 1507 714 1560 et
726 1498 894 1559 Minervam
909 1505 1092 1574 ceterosque

114 1584 202 1658 deos,
217 1585 272 1660 qui
286 1583 433 1659 capitolio
447 1590 541 1658 atque
554 1583 617 1643 arci
631 1582 817 1658 praesident,
836 1581 1015 1641 salutandos
1029 1580 1081 1642 ibo

114 1664 227 1742 hisque
246 1668 359 1742 gratias
380 1683 468 1742 agam
489 1668 574 1744 quod
591 1667 664 1726 mihi
683 1675 713 1728 et
728 1666 789 1725 hoc
803 1665 873 1739 ipso
888 1662 939 1722 die
954 1670 984 1723 et
996 1678 1089 1738 saepe

115 1749 191 1810 alias
207 1751 329 1827 egregie
343 1751 496 1826 gerendae
505 1752 550 1812 rei
562 1751 705 1825 publicae
715 1753 847 1806 mentem
857 1745 1091 1821 facultatemque

115 1833 271 1896 dederunt
292 1842 426 1897 vestrum
438 1847 563 1911 quoque
574 1832 687 1907 quibus
700 1829 891 1889 commodum
908 1835 965 1903 est,
979 1829 1018 1889 ite
1029 1846 1091 1890 me

115 1933 193 1993 cum,
209 1918 354 1991 Quirites,
370 1924 402 1977 et
415 1922 500 1976 orate
515 1916 602 1987 deos,
617 1920 651 1973 ut
663 1912 723 1971 mei
737 1912 852 1972 similes
866 1912 1023 1988 principes
1037 1913 1092 1974 ha·

114 1996 227 2075 beatis,
247 2003 301 2073 ita,
322 1998 350 2057 si
364 1999 403 2058 ab
418 1998 506 2058 annis
521 1995 741 2071 septemdecim
756 1995 795 2057 ad
810 2003 998 2059 senectutem
1012 2014 1091 2059 sem-

113 2097 170 2157 per
190 2098 246 2143 vos
266 2086 396 2142 aetatem
416 2095 514 2140 meam
534 2079 703 2141 honoribus
722 2080 833 2140 vestris
854 2083 1006 2156 anteish's,
1032 2098 1090 2157 ego

113 2171 235 2226 vestros
248 2166 385 2226 honores
399 2164 493 2224 rebus
507 2164 651 2239 gerendis
666 2164 856 2239 praecessi.⁴‘
876 2165 916 2224 ab
927 2166 1048 2227 Rostris
1060 2166 1091 2224 in

114 2248 294 2327 Capitolium
314 2248 463 2308 ascendit.
499 2248 589 2307 simul
609 2263 645 2308 se
663 2248 809 2308 universa
823 2248 925 2310 contio
940 2248 1049 2309 avertit
1061 2256 1091 2309 et

113 2339 221 2393 secuta
232 2331 407 2408 Scipionem
421 2336 484 2406 est,
498 2332 576 2393 adeo
591 2338 625 2391 ut
637 2339 794 2407 postremo
809 2331 930 2392 scribae
943 2332 1090 2394 viatores-

114 2431 176 2491 que
194 2416 333 2477 tribunos
353 2415 576 2491 relinquerent,
598 2430 656 2476 nec
671 2430 740 2476 cum
754 2413 793 2475 iis
810 2422 934 2491 praeter
948 2416 1090 2476 servilem

112 2501 286 2561 comitatum
306 2504 337 2561 et
360 2515 559 2574 praeconem,
588 2499 640 2575 qui
660 2515 745 2560 reum
769 2514 809 2560 ex
829 2500 949 2561 Rostris
971 2498 1090 2574 citabat,

112 2585 276 2660 quisquam
295 2589 388 2645 esset.
421 2583 524 2659 Scipio
546 2599 607 2645 non
623 2583 654 2643 in
670 2583 817 2659 Capitolio
833 2584 942 2659 modo,
963 2584 1020 2644 sed
1034 2599 1090 2658 per

110 2673 204 2727 totam
227 2667 333 2727 urbem
357 2665 459 2726 omnia
478 2669 591 2742 templa
612 2667 704 2728 deum
723 2683 792 2728 cum
812 2669 929 2744 populo
950 2667 1089 2728 Romano

112 2749 268 2809 circumiit.
303 2748 484 2808 celebratior
503 2750 530 2809 is
551 2764 649 2824 prope
671 2750 737 2810 dies
755 2752 862 2811 lavore
882 2750 1039 2812 hominum
1060 2758 1090 2811 et

111 2831 321 2893 aestimatione
331 2846 425 2891 verae
435 2830 649 2906 magnitudinis
662 2831 729 2891 eius
741 2834 803 2904 luit,
813 2848 905 2908 quam
913 2849 974 2908 quo
986 2834 1089 2893 trium-

110 2915 211 2992 phans
231 2916 271 2976 de
292 2913 438 2994 Syphace
456 2930 530 2991 rege
550 2921 580 2975 et
595 2914 894 2990 Carthaginiensibus
915 2916 1022 2976 urbem
1043 2924 1090 2979 est

109 3000 260 3062 invectus.

192 3083 254 3144 LII.
268 3083 325 3143 Hic
333 3082 495 3159 speciosus
507 3084 629 3144 ultimus
638 3083 743 3144 diesP.
752 3082 1001 3159 Scipioniilluxit.
1018 3093 1090 3162 post

110 3184 201 3243 quem
216 3184 285 3229 cum
296 3166 441 3228 invidiam
453 3173 482 3228 et
493 3168 658 3228 certamina
669 3184 738 3229 cum
747 3166 876 3229 tribunis
887 3169 1088 3245 prospiceret,

110 3250 160 3310 die
173 3251 311 3327 longiore
325 3252 466 3328 prodicta
480 3252 509 3311 in
521 3252 708 3313 Literninum
724 3252 879 3313 concessit
893 3260 976 3314 certo
989 3255 1088 3313 consi·

108 3332 160 3410 lio,
175 3349 214 3393 ne
229 3338 269 3396 ad
283 3353 407 3397 causam
423 3336 584 3396 dicendam
598 3338 733 3396 adesset
752 3334 850 3396 maior
861 3336 980 3397 animus
991 3340 1022 3394 et
1034 3349 1080 3393 na·

109 3421 177 3478 tura
192 3426 257 3479 erat
269 3433 305 3478 ac
319 3419 427 3481 maiori
442 3421 582 3480 iortunae
597 3420 760 3492 adsuetus,
776 3436 868 3495 quam
884 3427 916 3479 ut
929 3433 1001 3478 reus
1016 3431 1085 3475 esse

108 3498 257 3577 inciperet
275 3507 307 3562 et
320 3504 507 3564 summittere
526 3517 562 3563 se
576 3502 607 3561 iu
621 3501 818 3561 humilitatem
840 3517 964 3561 causam
985 3498 1084 3559 doen
