2600 4000
244 191 474 254 cruunxxiu.
498 195 581 256 cnr.
597 205 641 259 16.
658 206 699 262 u.
715 205 757 259 n.
785 178 943 275 [acinon
1046 200 1087 265 15

116 339 145 405 lii
157 360 196 405 ex
208 342 382 421 propinquo
398 344 533 407 ostendit
553 363 655 422 neque
675 356 757 409 terra
775 366 878 424 neque
900 351 975 414 mari
999 351 1082 415 adiu·

117 426 263 489 tissociis.

188 511 279 572 XVII.
300 512 446 591 Abydeni
466 513 565 592 primo
581 516 741 578 tormentis
755 534 813 593 per
827 534 931 579 muros
953 519 1086 595 disposi-

114 594 149 656 tis
162 612 221 657 non
235 604 316 658 terra
333 597 426 657 modo
442 598 584 660 adeuntis
598 598 683 661 aditu
701 602 861 676 arcebant,
889 602 946 662 scd
966 602 1088 665 navium

114 697 231 756 quoque
245 680 407 742 stationem
420 681 563 745 infestam
576 683 659 745 hosti
673 684 836 747 iaciebant.
871 692 997 762 postea,
1019 702 1088 748 curn

113 773 140 825 et
152 763 226 829 muri
240 781 313 840 pars
330 774 425 827 strata
437 767 534 829 urinis
549 776 580 828 et
599 769 639 827 ad
661 767 836 830 interiorem
855 768 969 844 raptim
990 786 1087 846 oppo-

113 847 197 909 situm
210 865 330 911 munim
344 850 494 913 cuniculis
515 851 577 912 iam
590 862 772 928 perventum
789 862 888 926 esset,
913 854 1033 929 legatos
1048 855 1089 914 ad

112 948 207 1009 regem
222 935 262 995 de
284 934 519 996 condicionibus
541 936 710 997 tradendae
730 937 814 998 urbis
834 936 992 998 miserunt.
1033 955 1087 1014 pa-

112 1016 298 1080 ciscebantur
313 1027 428 1092 autem,
451 1028 485 1081 ut
503 1017 656 1080 Rhodiam
673 1020 895 1095 quadriremem
910 1037 979 1082 cum
992 1020 1088 1083 sociis

112 1101 266 1163 navalibus
283 1102 440 1179 Attalique
454 1102 642 1180 praesidium
658 1103 752 1166 emitti
766 1104 887 1180 liceret,
901 1113 996 1181 atque
1008 1104 1087 1182 ipsis

109 1187 178 1246 urbe
202 1188 357 1248 excedere
382 1204 452 1248 cum
478 1186 605 1262 singulis
631 1188 829 1251 vestimentis.
877 1188 989 1265 quibus
1018 1206 1086 1251 cum

109 1269 261 1347 Philippus
279 1270 354 1331 nihil
369 1271 470 1347 pacati
491 1270 550 1331 nisi
571 1271 673 1333 omnia
691 1272 936 1349 permittentibus
957 1290 1087 1350 respon-

110 1353 214 1429 disset,
241 1356 324 1417 adeo
345 1354 518 1416 renuntiata
538 1355 615 1418 haec
634 1357 747 1432 legatio
770 1359 807 1418 ab
822 1356 1032 1432 indignatione
1047 1357 1087 1419 si-

110 1441 166 1499 nul
179 1456 215 1500 ac
232 1438 452 1514 desperatione
466 1439 542 1501 iram
557 1442 706 1515 accendit,
722 1443 811 1503 ulad
828 1440 1028 1518 Saguntinam
1040 1458 1087 1501 ra·

111 1521 184 1584 biem
201 1523 287 1585 versi
301 1531 457 1586 matronas
472 1524 571 1586 omnis
586 1524 746 1601 intemplo
760 1524 891 1598 Dianae,
913 1543 1029 1600 pueros
1044 1525 1088 1585 in·

109 1623 222 1682 genucs
241 1606 457 1684 virginesque,
486 1607 619 1670 infantes
642 1608 734 1670 etiam
755 1626 825 1670 cum
839 1607 905 1670 suis
919 1608 1088 1670 nutricibus

109 1689 136 1752 in
150 1692 345 1770 gymnasium
358 1691 474 1754 includi
487 1691 636 1768 iuberent,
657 1710 766 1754 aurum
781 1702 811 1755 et
825 1700 984 1769 argentum
998 1692 1030 1752 in
1045 1694 1059 1751 l
1076 1725 1085 1738 ·

108 1779 171 1836 rum
185 1776 316 1853 deferri,
332 1786 448 1839 vestem
463 1777 632 1854 pretiosam
646 1776 678 1839 in
693 1777 783 1839 navis
797 1775 950 1838 Rhodiam
965 1775 1090 1855 Cyzice-

109 1862 254 1937 namque,
271 1860 394 1937 quaein
410 1871 502 1938 portu
516 1870 617 1936 erant,
633 1861 727 1936 coici,
743 1862 923 1924 sacerdotes
936 1859 1089 1923 victimas-

30 1994 31 2002 ,
110 1962 167 2021 que
182 1944 308 2020 adduci,
324 1955 354 2008 et
367 1945 474 2008 altaria
488 1945 520 2006 in
533 1944 635 2008 medio
651 1946 736 2023 poni.
766 1945 809 2009 ibi
824 1945 934 2009 delecti
948 1945 1089 2023 primum,

109 2029 174 2105 qui,
196 2029 252 2090 ubi
267 2046 390 2091 caesam
405 2030 504 2091 aciem
518 2048 644 2091 suorum
659 2048 716 2105 pro
733 2031 833 2092 diruto
850 2048 935 2093 muro
952 2046 1089 2107 pugnan-

107 2121 165 2175 tem
180 2112 343 2186 vidissent,
358 2115 513 2186 extemplo
529 2113 678 2187 coniuges
689 2113 866 2188 liberosque
877 2114 1091 2185 interficerent,

105 2214 217 2259 aurum
232 2203 391 2270 argentum
404 2203 600 2270 vestemque,
627 2211 707 2271 quae
727 2196 759 2255 in
779 2195 911 2255 navibus
932 2202 1032 2267 esset,
1060 2194 1092 2253 in

105 2294 192 2340 mare
208 2277 374 2354 deicerent,
389 2278 477 2340 tectis
493 2277 625 2354 publicis
639 2277 834 2355 privatisque
849 2276 1093 2353 quamplurimis

106 2363 185 2427 locis
201 2371 334 2439 possent
349 2362 437 2439 ignes
452 2362 628 2425 subicerent
686 2364 719 2423 id
739 2379 775 2424 se
796 2360 916 2424 lacinus
936 2368 1092 2438 perpetra·

109 2458 194 2511 turos
210 2447 431 2524 praeeuntibus
453 2446 646 2509 exsecrabile
668 2463 791 2509 carmen
813 2445 1026 2509 sacerdotibus
1048 2446 1092 2507 iu-

108 2532 272 2595 reiurando
288 2532 398 2594 adacti.
430 2542 493 2594 tum
508 2531 647 2594 militaris
662 2541 748 2593 aetas
763 2532 865 2593 iurare
879 2528 1032 2593 neminem
1048 2530 1091 2590 vi-

110 2634 179 2678 vum
201 2615 262 2678 nisi
276 2617 425 2681 victorem
444 2616 512 2678 acie
527 2633 739 2678 excessurum.
785 2615 818 2676 hi
838 2632 991 2679 memores
1019 2615 1092 2677 deo-

110 2716 175 2762 rum
189 2702 270 2762 adeo
285 2700 482 2777 pertinaciter
496 2710 720 2777 pugnaverunt,
735 2709 769 2762 ut
780 2717 850 2761 cunr
864 2699 1015 2775 proelium
1029 2714 1090 2759 nox

110 2783 295 2861 diremptura
311 2794 410 2861 esset,
430 2802 487 2847 rex
500 2785 600 2861 prior,
614 2784 738 2847 territus
752 2783 838 2846 rabie
853 2800 973 2855 eorum,
989 2799 1094 2860 pugna

111 2868 270 2932 abstiterit.
300 2869 467 2946 principes,
484 2869 597 2945 quibus
612 2868 746 2931 atrocior
760 2886 834 2946 pars
850 2866 996 2929 facinoris
1010 2868 1093 2927 dele·

111 2962 178 3027 gata
192 2961 267 3028 erat,
285 2971 354 3015 cum
368 2970 488 3030 paucos
505 2961 535 3014 et
550 2955 710 3015 confectos
724 2952 904 3013 vulneribus
918 2968 956 3013 ac
971 2949 1094 3012 lassitu-

113 3035 181 3099 dine
197 3055 367 3113 superesse
381 3037 500 3114 proelic
517 3045 694 3112 cernerent,
715 3039 784 3098 luce
799 3035 898 3112 prima
913 3036 1093 3097 sacerdotes

31 3191 32 3194 Ἴ
113 3137 180 3182 cunr
194 3121 300 3183 inlutis
315 3124 355 3183 ad
369 3123 477 3184 urbem
491 3123 665 3183 dedendam
679 3119 819 3196 Philippo
835 3119 964 3182 mittunt.

187 3206 298 3268 XVlll.
319 3210 400 3268 Ante
421 3205 609 3268 deditionem
632 3223 674 3267 cx
696 3203 736 3266 iis
756 3205 864 3279 legatis
887 3201 940 3278 qui
961 3202 1093 3263 Alexan·

114 3291 217 3352 dream
231 3290 319 3353 missi
332 3299 434 3364 erant,
454 3290 495 3349 M.
511 3288 661 3352 Aemilius
676 3287 766 3349 trium
781 3303 938 3350 consensu
951 3283 1094 3346 minimus

115 3383 185 3437 natu
198 3375 303 3437 audita
323 3373 486 3438 obsidione
505 3375 730 3454 Abydenorum
749 3373 790 3433 ad
809 3369 982 3446 Philippum
1001 3364 1092 3428 venit

116 3459 166 3534 qui
181 3469 311 3536 questus
324 3461 427 3521 Attalo
442 3457 635 3534 Rhodiisque
650 3472 735 3517 arma
748 3456 845 3529 illata,
873 3461 904 3514 et
929 3451 1013 3526 quod
1032 3456 1094 3508 tum
