2600 4000
243 276 359 338 LIBER
369 275 530 337 XXXVIII.
552 277 634 339 cni.
646 287 690 339 22.
702 286 746 340 ts.
767 285 803 352 [a.
816 286 848 336 C.
861 287 922 354 189]
1008 280 1072 344 3³9

61 443 64 450 ’
90 445 147 506 per
160 427 295 490 tumulos
314 426 399 500 telis,
419 433 454 487 ut
472 427 600 488 missilia
614 428 807 501 sufficerent,
829 428 912 490 hand
923 405 1025 506 ⁴segne
1038 433 1071 494 id

90 513 193 591 ipsum
213 517 333 586 tempus
355 515 599 587 consumpserat
631 511 693 571 iarn
713 512 821 574 eastris
840 515 1069 590 appropinqua-

89 597 179 665 bant;
201 600 232 655 et
245 593 335 669 Galli,
357 610 397 654 ne
411 610 519 670 parum
534 610 570 655 se
583 594 769 656 munimenta
783 612 842 657 sua
854 603 1007 672 tegerent,
1022 614 1085 676 ars

88 679 161 740 mati
180 695 238 756 pro
256 679 336 739 vallo
352 678 559 740 constiterant.
595 678 697 740 obruti
717 678 829 740 deinde
851 681 938 741 omni
956 696 1070 756 genere

89 765 226 838 telorum,
242 778 310 824 oum
326 778 388 837 quo
403 763 508 837 plures
522 769 616 837 atque
630 763 793 825 densiores
808 769 903 839 erant,
920 764 1070 827 eominus

90 847 160 907 vani
185 846 349 924 quicquam
374 845 568 907 intercideret
592 846 896 919 taratarantium
915 855 1069 912 momento

90 928 236 1007 temporis
251 931 476 1007 compelluntur
488 929 671 991 suuonmus
685 936 800 992 tantum
815 931 911 992 firmis
926 933 967 993 ad
980 932 1069 1010 ipsos
1096 995 1100 1001 ,

88 1015 188 1076 aditus
209 1021 366 1091 portarum
384 1014 506 1075 relictis.
523 1033 525 1038 ’
540 1014 570 1075 in
590 1014 811 1077 multitudinem
832 1017 1023 1091 compulsam
1038 1016 1069 1077 in

89 1106 190 1161 eastra
208 1099 258 1160 vls
271 1098 381 1173 ingens
395 1096 555 1159 missilium
566 1100 697 1160 telorum
712 1098 935 1172 coniciebatur;
959 1105 990 1160 et
1002 1101 1067 1161 vul-

88 1183 189 1244 nerari
208 1182 321 1243 multos
344 1183 460 1243 elamor
478 1182 648 1257 permixtus
670 1183 830 1245 mulierum
850 1191 942 1260 atque
956 1200 1067 1260 puero-

88 1285 155 1329 rum
169 1265 339 1344 ploratibus
354 1264 556 1342 significabat.
577 1265 609 1325 in
620 1280 686 1340 eos,
703 1266 755 1341 qui
767 1275 874 1342 portas
886 1269 1067 1330 stationibus

87 1352 153 1413 suis
179 1350 366 1424 clauserant,
393 1350 546 1426 legionum
565 1348 758 1425 antesignani
778 1351 842 1427 pila
862 1352 1067 1414 coniecerunt.

87 1435 125 1496 iis
137 1449 210 1495 vero
217 1434 596 1510 nonvulnerabantur,sed
605 1434 860 1497 transverberatis
872 1436 968 1498 scutis
976 1436 1067 1513 pleri-

88 1533 149 1597 que
163 1517 242 1578 Inter
255 1534 291 1579 se
305 1517 438 1579 conserti
449 1517 629 1589 Iraerebant;
651 1533 709 1580 nec
723 1518 836 1581 diutius
849 1520 995 1596 impetum
1005 1521 1067 1581 Ro-

87 1615 247 1663 manorum
276 1600 494 1664 sustinuerunt
525 1601 629 1663 XXIII.
664 1603 840 1678 patentibus
869 1603 929 1664 iam
957 1601 1065 1678 portis,

86 1687 268 1763 priusquam
281 1685 482 1762 irrumperent
496 1686 643 1762 victores,
666 1688 739 1762 iuga
753 1703 772 1747 e
786 1686 896 1747 castris
913 1686 1065 1746 Gallorum

87 1769 118 1831 in
133 1769 233 1832 omnIs
247 1777 352 1847 partes
367 1770 449 1833 iacta
460 1777 518 1833 est
539 1777 631 1832 ruunt
645 1771 731 1830 caeci
745 1783 802 1844 per
816 1769 893 1842 vias,
908 1784 965 1846 per
975 1767 1066 1844 invia,
1133 1842 1137 1848 ⁵

87 1855 170 1915 nulla
182 1855 361 1932 praecipitia
375 1871 468 1927 saxa,
484 1854 586 1915 nullae
600 1868 695 1927 rupes
711 1851 842 1925 obstant,
857 1852 930 1913 nihil
945 1858 1067 1928 praeter

86 1937 205 2001 hostem
217 1945 364 2001 metuunt.
401 1938 505 2012 itaque
519 1935 660 2012 plerique
676 1934 861 2011 praecipites
876 1952 933 2014 per
948 1942 1064 1999 vastam
1128 1955 1131 1960 ·

87 2023 273 2084 altitudinem
298 2021 437 2097 prolapsi
460 2027 513 2080 aut
536 2018 682 2080 debilitati
703 2019 923 2082 exanimantur.
956 2025 1062 2084 consui

86 2103 184 2179 captis
205 2103 314 2164 castris
334 2100 504 2177 direptione
519 2101 696 2178 praedaque
711 2103 844 2165 abstinet
855 2105 993 2166 militemz
1016 2107 1061 2166 se·

87 2189 140 2264 qui
159 2203 216 2263 pro
238 2202 274 2248 se
295 2201 448 2263 quemque
468 2191 499 2246 et
512 2185 626 2245 instare
639 2193 671 2247 et
683 2187 835 2262 perculsis
848 2203 996 2265 pavorem
1011 2189 1064 2247 ad-

87 2272 161 2332 dere
174 2270 266 2331 iubet
301 2269 479 2346 supervenit
493 2275 523 2330 et
536 2271 664 2330 alterum
678 2285 747 2332 cum
761 2271 794 2331 L.
809 2271 923 2332 Manlio
938 2286 1064 2347 agmen3

86 2362 149 2415 nec
163 2369 220 2417 eos
241 2360 342 2416 castra
359 2354 472 2415 intrare
492 2353 577 2425 sinit,
605 2353 747 2428 protinus
761 2355 808 2415 ad
829 2354 1065 2432 persequendos

86 2439 184 2500 hostis
198 2437 293 2500 mittit.
318 2445 348 2500 et
361 2435 429 2514 ipsc
442 2439 535 2514 paulo
549 2445 622 2514 post
634 2438 744 2500 tradita
758 2440 948 2516 captivorum
963 2445 1064 2499 austo-

86 2522 137 2582 dia
150 2521 277 2584 tribunis
291 2522 417 2584 militurn
431 2519 584 2598 sequitur,
606 2521 792 2600 debellatum
805 2528 905 2599 ratus,
921 2522 949 2583 si
965 2522 997 2582 In
1012 2520 1064 2583 illo

84 2622 201 2682 pavore
216 2622 307 2683 quam
323 2606 441 2684 plurimi
456 2606 539 2667 caesi
553 2606 655 2668 forent
668 2614 721 2668 aut
735 2607 826 2683 capti.
848 2622 977 2683 egresso
990 2621 1062 2667 con·

85 2690 152 2751 sule
167 2690 198 2750 c.
213 2690 339 2751 Helvius
353 2706 422 2751 cum
436 2690 524 2751 tertio
539 2689 660 2766 agmine
674 2689 812 2766 advenit,
834 2706 893 2751 nec
907 2690 1064 2752 continere

86 2789 161 2833 suos
179 2772 217 2834 ab
238 2773 410 2849 direptione
430 2779 599 2833 castrorum
618 2773 728 2845 valuit3
758 2774 937 2850 praedaque
957 2788 1066 2833 eorum

72 2855 279 2932 Iniquissima
292 2862 384 2931 sorte,
399 2855 452 2931 qui
467 2871 590 2931 pugnae
604 2868 666 2918 non
680 2857 893 2932 interfuerant,
911 2858 993 2917 iacta
1006 2864 1064 2916 est.

84 2939 204 3016 equites
220 2939 272 3000 diu
281 2938 379 3016 ignari
391 2945 423 3000 et
432 2954 554 3013 pugnae
564 2944 596 2999 et
604 2939 749 3001 victoriae
760 2955 888 3001 suorum
898 2944 1067 3011 steterunt3

84 3024 196 3085 deinde
215 3029 246 3084 et
259 3023 334 3099 ipsi,
357 3028 503 3099 quantum
522 3021 611 3097 equis
633 3022 738 3084 subire
758 3029 912 3099 poterant,
934 3039 1063 3099 sparsos

85 3109 158 3184 luga
171 3108 275 3169 Gades
296 3106 378 3167 circa
396 3107 518 3167 redires
538 3106 650 3168 montis
672 3108 840 3168 consectati
855 3107 998 3168 cecidere
1011 3115 1066 3167 out

84 3207 205 3266 cepere.
240 3207 386 3253 numerus
410 3191 637 3252 interfectorum
656 3191 740 3251 haud
760 3192 849 3254 facile
869 3190 937 3251 iniri
955 3191 1064 3267 potuit,

84 3272 230 3350 quietate
244 3292 300 3352 per
314 3275 412 3337 omnis
423 3275 590 3336 ‘amfractus
603 3275 751 3336 montium
764 3275 898 3352 fugaque
909 3281 939 3339 et
950 3275 1063 3335 caedes

84 3355 156 3427 luit;
176 3367 206 3420 et
219 3375 329 3436 magna
342 3376 416 3435 pars
429 3358 558 3435 rupibus
569 3358 660 3420 Inviis
671 3360 702 3419 in
713 3359 885 3434 profundae
896 3357 1064 3419 altitudime

84 3441 241 3502 convalles
261 3442 391 3519 delapsa
404 3449 466 3517 est,
488 3458 562 3518 pars
577 3441 608 3501 in
623 3443 711 3510 silvis
724 3442 935 3519 vepribusque
947 3440 1061 3501 occiso.

1 3528 3 3617 j
84 3523 242 3607 Claudius,
258 3524 373 3600 quibis
387 3533 554 3602 pugnatum
568 3525 599 3584 in
615 3524 747 3601 Olympo
762 3533 865 3587 monte
880 3520 1000 3594 sentit,
1022 3519 1062 3578 ad

803 3612 859 3667 tr*
