2600 4000
309 277 573 338 umnnmmvr.
596 275 678 338 cnr.
694 282 719 368 n
743 282 822 350 nc.
838 284 899 351 191]
1032 277 1094 341 aar
1137 231 1140 236 ’

113 433 216 510 quieto
236 438 331 493 totam
350 431 462 492 molem
483 429 657 492 sustinebat
675 428 762 489 belli=
790 444 873 490 nunc
892 430 954 492 duo
969 430 1094 495 maxirm

114 532 202 594 reges
213 515 308 577 Asiae
319 514 525 591 Europaeque
534 513 653 575 viribus
665 512 818 576 adversus
829 529 925 574 unum
934 517 1092 591 populum,

113 610 146 664 ot
158 616 258 661 meam
270 606 431 674 utramque
446 598 598 660 fortunam
612 604 745 670 taceam,
760 604 882 674 patrum
897 605 980 659 corte
994 607 1093 661 aetate
1151 613 1154 618 ⁴

112 702 152 747 ue
172 682 226 745 uni
246 682 369 761 quidem
387 680 582 758 Epirotarum
602 680 669 756 regi
694 697 801 757 param
817 717 847 726 -
873 681 948 757 quid
971 684 1094 744 tandem

112 769 170 830 erit
191 766 350 830 vobiscum
370 772 639 841 comparatust.-
654 764 767 840 geretis
781 766 904 827 bellum.
937 782 1017 841 quae
1038 767 1093 841 igi·

112 860 161 913 tur
180 867 231 912 res
252 849 325 911 nribi
344 849 488 911 fiduciam
507 850 636 926 praebet
651 848 795 925 coniungi
816 847 907 910 nobis
920 848 1093 926 Philippum

108 942 230 1013 posset
248 950 311 997 una
325 933 496 996 communis
509 932 637 1006 utilitas,
661 949 740 1008 quae
755 931 913 996 societatis
927 933 1093 995 maximum

113 1020 267 1080 vinculum
281 1024 343 1089 est;
367 1019 462 1079 altera
476 1024 619 1082 auctores
635 1033 694 1079 vos
704 1017 815 1079 Aetoli.
837 1022 942 1078 vester
955 1018 1035 1078 enim
1049 1020 1091 1079 le·
1210 1022 1213 1026 “

111 1112 201 1180 gatus
216 1103 266 1163 bic
280 1102 382 1164 Thoas
396 1100 474 1163 inter
489 1110 591 1185 cetera
606 1116 685 1176 quae
700 1102 740 1161 ad
755 1098 939 1164 exciendum
952 1099 983 1163 in
999 1101 1092 1164 Grae·
1116 1110 1119 1118 ’

112 1187 191 1249 ciam
201 1185 388 1248 Antiochum
398 1186 502 1247 dicere
514 1193 562 1247 est
573 1183 691 1260 solitus,
703 1191 774 1247 onte
784 1184 958 1254 omniapboc
969 1202 1093 1263 semper

111 1269 297 1344 adfirmavit,
319 1269 449 1331 fremere
468 1269 641 1345 Philippum
661 1276 692 1330 et
712 1284 805 1345 aegre
824 1269 889 1345 pati
908 1269 966 1331 sub
986 1272 1092 1346 specle

113 1356 200 1432 pacis
219 1355 306 1429 leges
329 1353 482 1415 servitutis
504 1352 563 1415 sibi
582 1351 754 1429 impositas.
786 1349 1092 1430 llle‘quidemlerae

112 1439 229 1501 bestiae
245 1436 365 1500 unctae
379 1444 432 1499 aut
445 1438 571 1500 clausae
586 1446 616 1500 et
628 1436 797 1513 refringere
812 1438 946 1500 claustra
957 1438 1090 1515 cupienti

110 1522 193 1599 regis
206 1522 284 1584 bam
297 1521 401 1583 verbis
417 1521 579 1598 aequabat.
602 1521 690 1586 cuius
703 1522 730 1583 si
741 1523 810 1584 talis
822 1522 942 1584 animus
957 1530 1013 1595 est,
1030 1524 1086 1584 sol-

111 1623 220 1669 vamus
235 1622 293 1668 nos
308 1606 376 1669 eius
391 1606 512 1667 vincula
523 1614 554 1667 et
564 1607 699 1669 claustra
709 1607 927 1683 retringamum
945 1613 979 1666 ut
992 1621 1091 1686 erum-

113 1707 187 1766 pere
198 1689 251 1751 ‹liu
262 1689 427 1753 coercitam
437 1690 513 1753 iram
524 1689 556 1752 in
566 1690 673 1754 hostes
685 1706 864 1752 communes
875 1688 984 1766 possit
1007 1689 1092 1764 quod

113 1774 139 1842 si
153 1774 227 1835 nibil
241 1791 311 1836 eum
324 1773 436 1850 legatio
451 1781 557 1839 nostra
573 1776 716 1849 moverit,
737 1781 768 1835 at
782 1789 861 1847 nos,‡
878 1770 1022 1848 quoniam
1036 1789 1089 1833 no·
1198 1835 1201 1838 .

112 1857 158 1920 bis
180 1875 250 1921 etun
269 1860 437 1934 adiungere
457 1876 519 1928 non
541 1873 724 1934 possumus,
751 1873 790 1918 no
816 1856 957 1918 hostibus
977 1858 1091 1917 nostris

111 1942 161 2007 tlle
175 1943 300 2019 adiungi
321 1944 421 2019 possit
441 1958 616 2007 caveamus.
650 1941 800 2004 Seleucus
821 1938 902 2003 lilius
917 1948 988 2003 tuus
1001 1939 1090 2020 Lysi-

80 2083 83 2088 .
111 2027 248 2088 machiae
270 2033 332 2095 est;
355 2027 408 2101 qui
429 2024 457 2086 si
470 2041 508 2087 eo
525 2028 662 2086 exercitu
678 2040 770 2101 quem
784 2040 889 2092 secum
904 2024 1010 2101 habet,
1035 2042 1091 2102 per
1197 2053 1199 2057 ·

111 2109 270 2169 l'braciam
281 2108 421 2182 proxima
430 2107 632 2169 Macedoniae
644 2107 782 2182 coeperit
793 2108 984 2185 depopulari,
1000 2111 1090 2171 facile
1119 2180 1122 2184 A

111 2193 150 2253 ab
165 2191 279 2252 auxilio
295 2191 422 2253 serendo
433 2190 581 2252 Romanis
592 2190 766 2266 Philippum
776 2192 817 2251 ad
829 2207 886 2252 sua
897 2190 1091 2268 potissimum
1150 2230 1153 2237 .

112 2276 226 2338 tuenda
240 2282 365 2336 avertet.
398 2273 590 2350 dePlrilippo
604 2289 704 2335 meam
718 2274 898 2336 sementiam
911 2275 1018 2341 babes.
1052 2277 1091 2337 de

111 2357 231 2421 ratione
249 2357 387 2421 universi
409 2357 483 2420 belli-
503 2358 578 2434 quid
598 2359 758 2433 sentirem,
782 2357 843 2421 iam
862 2359 901 2423 ab
922 2357 1007 2423 initio
1028 2376 1089 2421 non

111 2443 269 2520 ignorasti.
302 2443 388 2520 quod
408 2441 436 2503 si
455 2448 519 2504 tum
543 2441 667 2504 auditus
688 2444 800 2518 forem,
827 2459 888 2505 non
913 2442 944 2507 in
964 2444 1091 2506 Euboea

106 2526 288 2612 ,cbuoioem
306 2534 427 2603 captam
448 2534 484 2603 et
499 2527 658 2589 castellum
672 2527 779 2603 Euripi
800 2536 1009 2605 expugnatum
1029 2529 1089 2590 llo-

98 2610 202 2687 mani‚
214 2613 272 2674 sed
281 2611 431 2673 Etruriam
441 2611 648 2686 Ligurumque
660 2619 691 2673 et
698 2611 813 2674 Galliae
821 2610 993 2689 Cisalpinae
1005 2625 1099 2674 oram

112 2697 192 2758 bello
207 2696 332 2770 ardere,
352 2702 382 2756 et
401 2695 454 2770 ouri
475 2693 626 2755 maximus
640 2692 679 2757 iis
690 2703 793 2759 terror
806 2702 868 2772 est,
889 2696 1089 2761 Hannibalem

111 2779 142 2840 in
162 2780 248 2839 Italia
272 2793 344 2840 essa
368 2776 517 2839 audirent.
549 2793 631 2841 nuno
657 2796 783 2856 quoque
806 2795 950 2847 arcessas
975 2796 1089 2843 censeo

111 2860 212 2924 omnis
233 2861 351 2923 navalis
371 2861 588 2937 terrestrisque
608 2861 732 2938 copiast
765 2871 934 2940 sequantur
958 2866 1089 2927 classem

17 2949 23 2956 ’
110 2943 271 3009 onerariae
285 2961 356 3007 cum
370 2943 600 3007 commeatibus.
628 2962 699 3009 nam
720 2945 770 3007 hio
790 2944 870 3009 sicut
883 2948 925 3009 ad
937 2947 1010 3012 belli
1024 2966 1089 3013 mu·

110 3047 186 3093 uera
206 3029 297 3108 pauci
317 3045 440 3104 sumus,
464 3029 511 3091 sic
533 3028 623 3091 nimis
644 3030 729 3092 multi
748 3030 924 3108 proinopia
937 3048 1088 3095 commea-

111 3125 204 3178 tuum.
227 3131 298 3177 cum
309 3113 408 3177 omnis
419 3122 489 3177 tuas
501 3114 691 3177 contraxeris
704 3112 796 3188 vires,
813 3115 942 3178 dlvisam
958 3118 1089 3183 classem

18 3214 23 3221 ’
112 3207 229 3276 portem
244 3200 398 3280 corcyrae
412 3197 443 3264 in
458 3199 596 3261 statione
604 3200 748 3275 babebis,
764 3215 804 3260 ne
819 3200 963 3264 transitus
978 3203 1089 3265 Roma·
1124 3194 1126 3198 ’

112 3284 161 3346 uis
175 3284 251 3345 liber
270 3300 308 3345 ac
327 3291 411 3346 tutus
431 3291 550 3360 pateat,
571 3293 689 3361 partem
708 3285 748 3346 ad
767 3285 839 3347 litus
859 3286 978 3362 ltaliae,
1004 3286 1089 3362 quod

113 3367 284 3430 Sardiniam
297 3368 495 3444 Abicamque
509 3376 642 3443 spectat,
664 3365 800 3441 traicias3
823 3369 893 3445 ipse
908 3387 977 3433 cum
994 3370 1088 3431 omni·

113 3453 171 3513 bus
186 3452 377 3513 terrestribus
392 3450 491 3529 copiis
505 3450 536 3513 in
547 3452 701 3514 Bullinum
711 3467 818 3528 agrum
829 3455 997 3530 procedam
1018 3452 1088 3512 inde

113 3535 259 3597 Graeciae
274 3534 481 3611 praesidetis,
497 3541 528 3596 et
541 3536 677 3613 speciem
687 3536 835 3598 Romanis
849 3538 1043 3598 traiecturum
1057 3540 1087 3594 to

827 3620 884 3680 15*
