2600 4000
310 202 424 265 LIBER
437 202 555 264 XXXII.
578 202 662 262 cAP.
676 210 703 264 l.
714 214 740 264 5.
762 210 798 278 [a.
811 211 843 265 C.
854 209 915 278 199]
1052 204 1095 269 49

132 356 227 420 tudine
248 355 345 418 sulum
364 362 430 416 tuta
442 353 531 429 urbs,
553 354 611 414 sed
628 355 713 429 quod
728 370 805 416 saxo
821 356 955 432 undique
968 357 1093 420 absciso

129 439 251 516 rupibus
265 439 407 515 impositu
421 444 477 499 est.
498 438 557 498 hae
572 438 776 513 difficultates,
791 445 822 498 ct
833 441 916 514 quod
925 441 1005 502 haud
1018 443 1093 504 satis

128 524 246 600 ὥςηυιη
257 524 329 584 tanti
341 522 454 584 laboris
466 522 656 598 periculique
666 522 796 598 pretium
807 529 880 599 erat,
892 531 926 584 ut
935 524 1096 588 absisteret

127 610 242 685 incepto
256 607 415 683 Philippus
430 606 606 667 effecerunt.
627 606 727 667 hiems
743 623 867 682 quoque
881 606 941 667 iam
955 608 1095 683 instabat,

128 708 193 755 cum
211 693 282 754 inde
302 691 455 753 abscessit
474 696 505 751 ct
524 691 554 750 in
568 690 781 751 Macedoniam
799 691 829 750 in
844 690 972 752 hiberna
988 694 1095 769 copias

30 823 31 842 t
125 778 249 840 reduxit

202 863 240 921 V.
262 861 309 922 lbi
330 860 422 921 ceteri
444 859 567 936 quidem
581 858 653 919 data
667 858 892 935 quanticunque
907 858 1008 934 quiete
1021 867 1094 921 tcm-

124 945 204 1023 poris
228 946 319 1008 simul
345 946 463 1005 animm
488 958 682 1019 corporaque
700 943 892 1004 remiserant:
922 942 1095 1020 Philippum

125 1037 267 1105 quantum
293 1029 331 1090 ab
356 1027 494 1090 adsiduis
518 1026 676 1089 laboribus
700 1027 838 1088 itinerum
863 1042 1096 1104 pugnuruunque

123 1117 276 1176 laxaverat
300 1111 556 1186 armamento
580 1111 678 1186 magis
703 1111 848 1172 intentum
867 1112 898 1172 in
918 1112 1092 1176 universum

89 1257 92 1264 ,
123 1207 260 1260 eventum
283 1198 356 1258 bclli
378 1211 470 1258 curae
484 1202 613 1272 angunt,
635 1211 696 1256 non
710 1195 808 1257 hostis
823 1197 916 1258 modo
930 1196 1093 1270 timentem,

123 1282 171 1358 qui
180 1292 263 1344 terra
272 1280 413 1356 marique
423 1279 579 1356 urgebant,
587 1280 644 1341 sed
654 1296 735 1342 nunc
746 1279 900 1341 sociorum
913 1282 1095 1343 nuncetiam

122 1368 315 1444 popularium
335 1364 468 1439 animos,
489 1379 528 1423 nc
548 1370 580 1425 et
597 1364 640 1425 illi
660 1365 701 1425 ad
720 1379 807 1440 spem
822 1364 970 1425 amicitiae
983 1367 1094 1426 Roma·

121 1467 225 1513 norum
251 1449 436 1522 deficerent,
460 1456 491 1509 ct
512 1448 700 1509 Macedonas
719 1449 806 1523 ipsos
827 1448 941 1524 cupido
962 1446 1090 1511 novand'

120 1550 167 1597 res
183 1540 320 1612 caperet.
343 1533 446 1609 itaque
460 1539 490 1594 et
503 1532 534 1592 in
545 1532 693 1593 Achaiam
706 1535 824 1608 legatos
837 1533 927 1607 misit,
942 1533 1031 1594 simul
1044 1532 1094 1609 qul

122 1617 331 1682 iusiurandum
343 1617 440 1678 -ita
453 1616 534 1677 enim
550 1617 739 1692 pepigerant,
762 1617 926 1692 quotannis
942 1617 1095 1677 iuraturos

121 1701 148 1763 in
159 1703 258 1764 verba
267 1700 614 1777 Philippi-exigerent,
627 1699 718 1761 simul
730 1701 782 1775 qui
792 1700 958 1761 redderent
963 1700 1096 1761 Achaeis

122 1785 335 1849 Orchomenon
350 1791 380 1845 et
392 1785 531 1846 Heraean
546 1792 577 1845 et
588 1784 782 1863 Triphylian,
797 1784 1020 1860 Megalopolitis
1033 1785 1094 1844 Ali-

121 1870 251 1946 pheram,
273 1869 525 1931 contendentibus
546 1885 710 1944 numquam
730 1884 798 1930 eam
818 1868 925 1929 urbem
945 1870 1043 1931 luisse
1057 1884 1095 1929 cx

119 1953 292 2034 Triphylia,
313 1953 371 2016 sed
391 1953 448 2014 sibi
463 1951 577 2014 debere
588 1952 723 2029 restitui,
746 1952 818 2030 quia
831 1970 893 2015 una
906 1960 992 2017 esset
1005 1970 1044 2015 ex
1058 1954 1095 2015 iis

123 2056 204 2115 quae
219 2038 260 2098 ad
275 2037 467 2098 condendam
480 2035 620 2110 Megalen
640 2038 724 2111 polin
745 2054 784 2098 ex
799 2039 926 2101 concilio
941 2039 1096 2099 Arcadum

119 2121 313 2184 contributae
330 2122 438 2179 lorent.
473 2126 504 2177 et
519 2133 588 2178 curn
601 2120 734 2179 Achaeis
749 2121 872 2195 quidem
885 2138 941 2196 per
953 2121 1032 2181 haec
1046 2137 1096 2182 so·

30 2204 32 2287 ζ
120 2207 264 2266 dietatem
284 2200 437 2263 firmabats
467 2201 669 2261 Macedonum
689 2203 807 2264 animos
829 2218 897 2263 cum
917 2204 1098 2264 Heracliden

119 2289 252 2351 atnicum
263 2284 296 2325 **
307 2284 437 2346 maxime
450 2284 584 2346 invidiae
596 2285 655 2347 sibi
671 2302 743 2347 essc
757 2295 906 2362 cerneret,
924 2287 1026 2347 multis
1042 2288 1096 2347 cri-

118 2373 253 2435 minibus
275 2376 432 2433 oncratum
451 2370 483 2431 in
497 2370 598 2430 vincla
613 2369 755 2447 coniecit,
776 2371 890 2447 ingenti
904 2371 1098 2448 popularium

118 2458 244 2533 gaudio.
265 2456 387 2530 bellum,
402 2454 429 2516 si
444 2455 568 2531 quando
579 2471 724 2531 umquam
734 2462 804 2518 ante
815 2456 900 2532 alias,
915 2464 978 2518 tum
988 2471 1098 2532 magna

119 2557 194 2603 cura
218 2540 392 2618 apparavit,
417 2540 615 2615 exercuitque
638 2539 670 2601 in
695 2540 795 2601 armis·
808 2546 839 2602 ct
858 2540 1046 2604 Maccdonas
1068 2549 1098 2603 et

119 2623 484 2694 mercennariosmilites3
505 2622 811 2700 principioquevcris
823 2640 892 2686 cum
901 2625 1097 2701 Athenagora

120 2711 222 2771 omnia
241 2716 368 2770 externa
380 2708 506 2782 auxilia,
530 2708 675 2784 quodque
688 2708 764 2770 levis
780 2717 950 2771 armamrae
964 2718 1044 2784 erat,
1065 2711 1094 2772 iu

120 2793 284 2875 chaoniam
309 2808 367 2868 per
385 2792 512 2868 Epirum
532 2792 571 2853 ad
592 2793 790 2868 occupandas
811 2810 890 2869 quae
910 2794 951 2855 ad
969 2794 1089 2869 Antigo

122 2893 211 2938 neam
229 2879 334 2938 lauces
350 2882 422 2936 sunt
433 2907 478 2921 -
492 2874 585 2937 Stena
598 2882 711 2938 vocant
726 2877 892 2939 Graeci-
904 2878 994 2939 misit
1027 2878 1093 2953 ipse

120 2967 191 3037 post
212 2961 319 3037 paucis
341 2959 449 3022 diebus
471 2960 610 3036 graviore
625 2967 751 3023 secutus
766 2962 900 3037 agmine,
923 2978 992 3023 cum
1005 2962 1095 3023 situm

120 3061 242 3106 omnem
252 3044 385 3120 regionis
396 3045 600 3121 adspexissct
614 3045 746 3106 maxime
754 3046 898 3107 idoneum
908 3047 949 3106 ad
959 3048 1092 3106 munien-

120 3128 192 3191 dum
212 3130 315 3190 locum
336 3128 464 3189 credidit
482 3144 553 3189 esse
567 3137 690 3205 praeter
704 3146 824 3191 amnem
836 3131 946 3192 Aoum.
978 3130 1004 3190 is
1019 3129 1096 3191 inter

123 3220 256 3287 montes,
279 3227 408 3288 quoruun
423 3214 549 3274 alterum
567 3213 729 3290 Meropum
748 3217 876 3275 alterum
893 3216 1031 3276 Asnaum
1051 3214 1094 3273 in-

121 3297 207 3357 colae
218 3303 337 3369 vocant,
353 3304 482 3372 angusta
492 3298 571 3358 valle
580 3297 656 3373 fluit,
670 3299 727 3358 iter
739 3299 882 3373 exiguum
893 3315 989 3374 super
998 3298 1094 3373 ripam

122 3378 282 3454 praebens.
296 3381 436 3442 Asnaum
441 3381 668 3458 Athenagoram
680 3397 748 3442 cunr
761 3381 819 3442 levi
829 3391 981 3442 armatura
992 3388 1095 3440 tenere

120 3469 151 3524 ct
170 3464 356 3524 communire
377 3464 473 3526 iubet:
499 3464 611 3541 ipsein
626 3464 754 3540 Meropo
770 3465 874 3540 posuit
894 3471 1002 3525 castra.
1034 3476 1094 3534 qua

164 3562 182 3606 r
204 3562 267 3606 uvr
281 3564 356 3608 rsus
370 3548 421 3603 tv.
873 3555 891 3604 l

868 3728 889 3775 u
