2600 4000
211 251 272 316 aas
345 250 462 312 ranna
475 248 636 311 xxxam.
660 248 745 308 cnr.
759 254 857 310 nu.
879 248 1075 326 [tumme]

212 403 289 465 cibus
311 402 342 461 in
355 399 405 462 tris
418 400 508 461 terris
522 414 595 460 esse
609 401 743 475 placeat,
769 400 913 460 consules
927 398 966 459 iis
979 399 1083 475 potius
1098 416 1194 476 quam

212 492 351 563 privatos
365 499 514 561 praeesse
529 490 682 559 oportere.
713 482 821 558 vagari
834 498 890 543 eos
905 498 974 543 cum
988 482 1061 543 belli
1073 491 1195 546 terrore

213 586 268 648 per
282 570 431 641 nationes,
447 566 559 644 quibus
573 567 687 627 bellum
699 565 846 628 indictum
857 582 921 627 uon
936 567 984 642 sit,
999 581 1110 643 pacem
1121 583 1194 643 pre·

212 655 253 716 tio
279 651 471 714 venditantie.
507 650 534 711 sl
559 666 614 712 eas
637 650 813 727 pmvincias
838 649 1024 711 exercitibus
1051 650 1195 713 obtinere

213 753 292 815 opus
307 742 405 806 esset,
424 734 504 797 sicut
515 734 566 795 Μ’.
582 734 680 794 Acitro
693 734 727 794 L.
742 732 848 810 Scipio
864 733 989 808 consul,
1002 734 1038 794 L.
1053 733 1196 811 Scipioni

211 822 253 882 Μ.
264 821 390 882 Fulvius
405 828 437 879 et
447 817 500 880 cn.
511 818 642 879 Manlius
658 817 886 879 successissent
898 819 1054 893 consules,
1068 818 1194 880 imnu-

212 905 263 968 vio
274 904 450 980 Manlioque
461 902 493 962 G.
504 902 620 964 Livium
631 910 663 964 et
671 900 712 961 Μ.
719 900 877 963 Valerium
887 902 1033 963 consules
1044 902 1195 964 debuisse

212 990 390 1051 succedere.
413 1002 494 1047 nunc
505 993 596 1062 certe,
611 987 748 1062 perlecto
758 985 899 1046 Aetolico
909 985 1000 1059 bello,
1015 993 1144 1063 recepta
1153 987 1195 1047 ab

213 1072 365 1133 Antiocho
379 1071 470 1143 Asia,
491 1070 619 1131 devictis
635 1069 743 1143 Gallis,
760 1076 811 1130 aut
825 1071 969 1131 consules
983 1068 1024 1130 ad
1037 1070 1194 1131 exercitus

214 1156 394 1217 consulares
406 1154 480 1216 mitti
494 1161 547 1215 aut
559 1153 709 1229 reportari
722 1154 861 1227 legiones
875 1152 949 1214 inde
960 1152 1111 1228 reddique
1124 1160 1192 1214 tan·

213 1240 283 1299 dem
296 1238 340 1298 rei
356 1237 498 1312 publicae
512 1238 635 1298 debere.
668 1244 793 1298 senatus
806 1236 855 1296 bis
870 1236 981 1297 auditis
994 1236 1027 1296 in
1041 1236 1193 1297 sententia

213 1321 437 1397 perseveravit,
457 1328 491 1381 ut
512 1321 692 1382 consulibus
712 1320 861 1381 ambobus
880 1319 1009 1395 Ligures
1032 1320 1193 1396 provincia

213 1411 313 1474 essem
340 1402 486 1464 Manlium
505 1403 708 1480 Fulviumque
732 1404 883 1465 decedere
908 1404 948 1464 de
972 1402 1143 1479 provinciis
1163 1411 1196 1464 et

214 1487 368 1549 exercitus
383 1487 453 1547 inde
469 1485 623 1547 deducere
639 1503 676 1548 ac
689 1488 791 1548 redire
803 1488 933 1549 Romam
948 1485 1072 1563 placuit.

297 1571 398 1631 XLlll.
426 1569 602 1630 Inimicitiae
621 1570 699 1630 iuter
718 1571 759 1632 Μ.
773 1571 914 1633 Fuluium
933 1578 964 1631 et
975 1570 1016 1631 Μ.
1030 1571 1196 1634 Aemilium

215 1658 372 1717 consulem
393 1661 494 1725 erant,
516 1660 546 1714 et
561 1669 656 1729 super
677 1660 778 1715 cetera
791 1655 940 1716 Aemilius
949 1655 1054 1717 serius
1067 1654 1194 1717 biennio

216 1756 250 1802 se
271 1741 430 1801 consulem
450 1741 563 1800 lactum
576 1737 615 1797 Μ.
630 1737 728 1798 Fulvii
749 1753 842 1813 opera
860 1739 1000 1800 ducebat.
1034 1740 1140 1814 itaque
1154 1740 1195 1800 ad

215 1824 359 1884 muidiam
380 1823 408 1883 ei
428 1821 599 1883 taciendam
618 1824 737 1897 legatos
751 1821 978 1883 Ambraciensis
998 1822 1029 1881 in
1052 1829 1194 1884 senatum

216 1908 400 1969 subornatos
422 1906 597 1967 criminibus
616 1906 797 1980 introduxit,
820 1906 873 1980 qui
892 1905 966 1981 sibi,
986 1922 1056 1967 cum
1068 1906 1101 1967 in
1115 1922 1194 1983 pace

215 1997 329 2066 essent,
350 1992 561 2068 imperataque
574 1989 730 2067 prioribus
745 1989 922 2054 consulibus
937 1990 1084 2053 iecissent
1098 1998 1129 2052 et
1143 2007 1193 2051 ea-

216 2075 286 2134 dem
302 2073 480 2136 obedIenter
494 2082 652 2150 praestare
665 2074 706 2134 Μ.
719 2075 826 2136 Fulvio
841 2074 939 2149 parati
953 2083 1066 2150 essent,
1080 2075 1194 2136 bedam

144 2178 155 2195 ¹
216 2158 330 2219 illatum
346 2157 456 2233 questi,
471 2172 563 2233 agros
579 2160 709 2233 primum
725 2159 940 2234 depopulatos,
954 2163 1103 2220 terrorem
1114 2159 1194 2219 dire

215 2242 329 2318 ptionis
351 2249 382 2303 et
395 2241 499 2303 caedis
519 2241 587 2302 urbi
608 2242 765 2316 iniectam,
785 2249 820 2303 ut
833 2259 870 2304 eo
885 2249 968 2303 metu
982 2242 1127 2303 claudere
1142 2258 1193 2304 co·

215 2332 359 2400 gerentur
378 2333 493 2401 portas.
525 2325 675 2389 obsessos
697 2326 809 2387 deinde
829 2334 860 2387 et
879 2334 1073 2402 oppugnatos
1094 2341 1144 2401 se,
1166 2333 1197 2387 et

217 2411 319 2471 omnia
340 2412 483 2486 exempla
494 2409 567 2470 belli
581 2409 662 2473 edila
677 2410 708 2470 in
723 2425 759 2471 se
774 2409 920 2471 caedibus
933 2409 1084 2471 incendiis
1096 2409 1195 2471 ruinis

215 2493 387 2569 direptione
396 2494 496 2565 urbis;
520 2493 1194 2568 coniugeslibernslnservitiumabstractos,

214 2573 298 2635 bona
311 2574 463 2650 adempta
478 2583 508 2634 et
522 2575 606 2650 quod
620 2591 657 2636 se
670 2582 740 2637 ante
751 2575 853 2638 omnia
862 2585 992 2652 moveat,
1007 2578 1121 2653 templa
1131 2583 1196 2638 tola

215 2658 292 2718 urbe
311 2657 443 2731 spoliata
463 2658 659 2720 ornamentis.
696 2660 857 2722 simulacra
876 2661 982 2735 deum,
1004 2661 1082 2721 deos
1102 2661 1195 2722 immo

216 2743 319 2817 ipsos,
341 2742 509 2802 convulsos
529 2757 568 2803 ex
588 2742 715 2805 sedibus
736 2744 802 2806 suis
817 2745 935 2806 ablatus
950 2760 1037 2816 essm
1059 2743 1195 2821 parietes

215 2833 386 2901 postesque
399 2826 555 2900 nudatos,
578 2843 658 2905 quos
672 2828 814 2901 adorent,
835 2829 876 2889 ad
891 2845 971 2904 quos
987 2835 1153 2905 precentur
1167 2837 1196 2890 et

216 2910 404 2986 supplicent,
432 2909 704 2974 Ambraciensibus
725 2927 901 2987 superesse.
938 2911 1016 2973 baec
1038 2912 1195 2988 querentis

215 2992 432 3069 interrogando
459 2995 621 3057 criminose
645 3012 685 3056 ex
710 2996 880 3071 composito
905 2999 1014 3059 consul
1037 2997 1078 3057 ad
1096 2998 1195 3072 plura,

217 3077 299 3138 velut
320 3093 382 3138 non
397 3094 454 3140 sua
471 3086 582 3153 sponte
596 3079 742 3153 dicenda,
763 3079 912 3141 eliciebat
948 3080 1040 3141 motis
1054 3079 1196 3155 patribus
1288 3147 1292 3162 ¹

216 3159 292 3219 alter
313 3163 419 3222 consul
443 3161 654 3223 c.1⁴'laminius
669 3163 710 3224 Μ.
724 3163 823 3224 Fulvii
843 3178 968 3225 causam
983 3163 1120 3239 excepit,
1144 3181 1197 3240 qu.

216 3250 350 3303 veterem
366 3245 445 3305 viam
459 3252 490 3305 et
504 3245 674 3306 obsoletam
688 3247 847 3323 ingressos
858 3247 1097 3309 Ambracienses
1109 3247 1197 3309 dixit

216 3327 262 3387 sic
279 3326 319 3386 Μ.
334 3327 510 3388 Marcellum
525 3329 563 3389 ab
579 3327 794 3408 Syracusanis,
809 3332 855 3392 sic
871 3331 907 3406 Q.
921 3332 1061 3394 Fulvium
1075 3347 1094 3391 a
1109 3331 1197 3392 Cam·

216 3411 306 3486 panis
326 3419 499 3474 accusatos.
532 3414 605 3489 quia
626 3415 734 3476 eadem
751 3430 848 3490 opera
860 3417 894 3476 Τ.
910 3415 1080 3490 Quinctium
1094 3431 1114 3475 a
1126 3415 1197 3476 Phi·

216 3492 300 3569 lippo
315 3510 396 3571 rege,
415 3495 464 3555 Μ’.
478 3495 610 3557 Acilium
625 3504 657 3559 ot
668 3498 702 3558 L.
719 3498 893 3574 Scipionem
908 3500 947 3560 ab
962 3498 1125 3575 Andocho,
1143 3499 1197 3560 Cn.
