2600 4000
295 240 556 302 crauaxxxrv.
580 240 775 304 careres.
798 241 952 318 [aenea]
1051 238 1111 305 171

134 390 330 469 Hegesianax
351 391 506 467 principes
526 391 630 467 regiae
643 391 804 466 legationis
820 398 915 451 erant.
944 408 984 472 ex
997 394 1035 454 iis
1049 393 1113 454 hle·

134 479 249 554 nippus
270 474 412 551 ignorare
434 490 469 535 se
491 474 583 550 dixit,
605 475 749 551 quidnam
770 473 910 551 perplexi
930 491 987 536 sua
1001 478 1112 551 legatio

134 560 275 637 haberet,
299 575 368 619 cum
388 559 566 635 simpliciter
579 560 620 620 ad
634 559 795 620 amicitiam
810 559 973 634 petendam
987 560 1113 635 iungen-

134 645 269 718 damque
283 643 461 705 societatem
476 643 642 704 venisseut
664 658 736 704 csse
746 650 847 705 autem
858 642 916 703 tria
925 657 1040 718 genera
1051 645 1113 704 loe·

135 729 258 802 derrun,
282 727 392 803 quibus
414 727 493 788 inter
512 742 549 788 se
570 727 801 803 paciscerentur
814 726 962 788 amicitiam
977 727 1114 789 civitates

133 825 303 887 regesquez
325 827 433 887 unum,
455 827 524 872 eum
545 811 626 871 bello
647 810 737 872 victis
752 811 927 872 dicerentur
939 812 1041 887 leges=
1061 810 1113 872 ubi

134 896 215 956 enim
230 895 332 956 omnia
346 895 374 954 ei
390 895 442 971 qui
456 895 549 956 umis
564 896 635 970 plus
652 902 762 970 posset
775 894 878 955 deditu
892 902 1012 971 essent,
1035 911 1115 971 quae

135 996 174 1040 ex
188 979 226 1039 iis
246 978 361 1039 habere
375 979 489 1052 victos,
513 978 625 1055 quibus
639 979 759 1039 multari
773 993 828 1039 eos
843 979 929 1053 velit,
950 979 1050 1055 ipsius
1066 980 1114 1039 ius

134 1070 227 1139 atque
248 1061 404 1122 arbitrium
425 1078 513 1132 esse;
540 1064 683 1137 alterum,
709 1079 777 1123 cum
797 1077 888 1137 pares
909 1062 990 1124 bello
1013 1079 1114 1139 aequo

134 1146 261 1208 loedere
285 1145 317 1206 in
338 1161 447 1220 pacem
467 1153 559 1223 atque
578 1146 741 1206 amicitiam
760 1146 913 1208 venirene
942 1153 1013 1208 tunc
1035 1148 1114 1207 enim

134 1230 231 1306 repeti
250 1228 403 1305 reddique
417 1245 474 1305 per
488 1230 723 1292 conventionem
736 1245 803 1303 res,
825 1237 855 1291 et
869 1230 897 1291 si
911 1247 1038 1306 quarum
1052 1239 1113 1293 tur·

134 1315 206 1375 bata
218 1313 299 1374 bello
321 1314 484 1389 possessio
499 1314 553 1388 sit,
575 1329 628 1373 eas
643 1321 696 1375 aut
709 1329 749 1373 ex
764 1315 895 1375 termula
907 1314 982 1375 iuris
998 1315 1115 1391 antiqui

134 1405 187 1460 aut
200 1413 240 1458 ex
260 1398 356 1473 partis
370 1398 531 1477 utriusque
549 1398 711 1458 commodo
727 1397 887 1473 componi;
908 1400 1028 1460 tertium
1043 1414 1115 1461 esse

134 1497 242 1557 genus,
257 1498 326 1542 cum
341 1481 393 1558 qui
407 1498 571 1556 numquam
585 1481 693 1543 hostes
705 1482 823 1557 tuerint,
839 1482 879 1542 ud
890 1482 1052 1544 amicitiam
1063 1500 1114 1544 so·

134 1566 204 1626 ciali
217 1566 344 1626 loedere
359 1565 437 1627 inter
448 1582 483 1627 se
493 1566 807 1642 iungendamcoeant.
830 1581 886 1626 eos
899 1581 1001 1641 neque
1013 1566 1115 1625 dicere

134 1664 237 1725 neque
255 1650 396 1726 accipere
415 1652 516 1726 leges=
543 1649 576 1710 id
596 1651 677 1710 enim
695 1649 820 1710 victoris
841 1657 872 1710 et
883 1648 955 1707 victi
968 1663 1048 1708 esse.
1075 1664 1114 1709 ex

135 1749 174 1793 eo
194 1748 307 1808 genere
327 1750 396 1795 curu
409 1733 580 1796 Antiochus
600 1741 699 1805 esset,
720 1732 822 1792 mirari
837 1747 873 1791 se
888 1731 972 1806 quod
986 1732 1113 1792 Romani

23 1846 26 1855 =
135 1831 267 1893 acquum
281 1825 428 1879 censeant
440 1820 525 1893 leges
540 1819 569 1878 ei
584 1817 696 1889 dicere,
714 1831 792 1891 quas
803 1815 898 1875 Asiae
909 1814 1029 1876 urbium
1042 1814 1112 1875 libe-

134 1917 185 1962 ras
200 1909 231 1963 et
249 1901 408 1976 immunis,
431 1917 508 1977 quas
529 1900 746 1974 stipendiarias
762 1914 834 1959 esse
847 1899 957 1969 velina
977 1900 1106 1976 quasin

133 1993 214 2048 trare
229 1983 385 2061 praesidia
395 1984 480 2058 regia
490 1998 656 2059 regemque
666 1989 779 2044 vetent.
802 1982 1023 2061 cumPhilippo
1035 1984 1113 2045 enim

133 2071 226 2131 hoste
241 2081 366 2143 pacem,
387 2082 449 2127 non
468 2082 537 2127 cum
550 2066 704 2126 Antiocho
719 2068 818 2127 amico
833 2068 988 2129 societatis
1003 2069 1114 2129 loedus

134 2151 178 2211 ita
192 2149 393 2210 sanciendum
413 2164 493 2209 esse.
526 2148 631 2209 LVlll.
660 2148 700 2208 ad
720 2165 757 2209 ea
772 2148 930 2223 Quinctius
948 2151 1115 2225 „quoniam

135 2233 226 2294 vebis
248 2232 391 2293 distincte
412 2248 504 2308 agero
518 2232 591 2293 libet
605 2238 636 2292 et
648 2246 763 2307 genera
776 2232 999 2307 iungendarum
1013 2234 1115 2293 amici·

135 2319 245 2381 barum
259 2332 453 2392 enumerare,
468 2332 527 2392 ego
543 2331 668 2393 quoque
683 2316 761 2376 duas
779 2316 978 2378 condiciones
992 2331 1115 2393 ponam,

135 2409 222 2463 extra
244 2418 322 2478 quas
343 2403 455 2463 nullam
476 2416 548 2463 esse
567 2399 632 2476 regi
651 2399 794 2462 nuntietis
814 2400 962 2461 amicitiae
977 2416 1046 2462 cum
1060 2418 1116 2476 pe·

137 2487 210 2561 pulo
221 2485 359 2548 Romano
370 2485 551 2561 iungendae,
563 2501 665 2560 unam,
681 2485 708 2545 si
719 2500 778 2546 nos
789 2484 863 2545 nihil
875 2485 960 2560 quod
971 2486 1011 2546 ad
1021 2484 1116 2545 urbes

136 2570 230 2631 Asiae
250 2571 356 2632 attinet
377 2585 485 2631 curare
504 2570 592 2642 velit,
612 2576 647 2630 ut
661 2576 691 2630 et
705 2570 773 2644 lpse
788 2569 870 2631 omni
883 2569 1009 2645 Europa
1022 2568 1116 2629 absti-

135 2662 222 2723 neat;
244 2656 385 2729 alteram,
402 2654 428 2713 si
444 2669 479 2714 sc
494 2654 544 2714 ille
558 2653 654 2714 Asiae
668 2652 781 2715 linibus
795 2670 858 2713 non
873 2653 1028 2714 contiueat
1041 2653 1115 2714 etin

135 2735 290 2811 serapam
304 2738 515 2807 conscendat,
534 2744 570 2797 ut
582 2743 612 2797 et
624 2737 772 2798 Romanis
786 2737 834 2797 ius
850 2737 890 2797 sit
904 2737 998 2798 Asiae
1012 2737 1115 2797 civita·

136 2820 211 2880 tirnn
225 2820 373 2881 amicitias
385 2827 415 2879 et
426 2820 512 2891 tueri,
530 2836 607 2895 quas
617 2818 758 2895 habeant,
773 2827 804 2881 et
813 2836 912 2882 novas
924 2820 1115 2896 complecti.“

136 3004 214 3062 naa,
236 2987 383 3047 Thraciae
403 2994 434 3048 et
454 2987 639 3048 Chersonesi
658 2986 785 3049 urbibus
806 2989 904 3048 arceri
919 2988 1114 3060 Antiochum,

76 3077 82 3088 '
137 3087 218 3147 quae
233 3071 382 3133 Seleucus
402 3087 540 3148 proavus
564 3070 631 3132 eius
644 3071 831 3150 Lysimacho
851 3086 925 3146 rege
938 3071 1019 3132 bello
1034 3071 1115 3132 victo

137 3162 167 3216 et
180 3155 210 3215 in
225 3156 292 3216 acie
307 3170 399 3217 caeso
414 3172 472 3232 per
485 3171 636 3217 summum
651 3156 748 3217 decus
762 3164 851 3231 parta
863 3155 1034 3231 reliquerit,
1050 3154 1116 3231 pari

138 3253 206 3298 cum
220 3238 310 3300 laude
325 3240 432 3300 eadem
446 3240 485 3300 ab
496 3239 664 3300 Thracibus
679 3255 829 3316 possessa
840 3240 950 3316 partlm
961 3241 1054 3299 armis
1068 3254 1115 3297 re-

138 3324 252 3397 ceperit
265 3322 450 3398 Antiochus,
472 3325 582 3399 partim
603 3325 740 3396 deserta,
766 3324 845 3384 sicut
863 3323 963 3398 ipsam
976 3323 1115 3400 Lysima-

137 3403 250 3481 chiam,
275 3414 306 3467 et
328 3407 481 3468 revocatis
507 3406 675 3474 cultoribus
700 3406 953 3482 frequentaverit,
981 3412 1012 3465 et
1037 3420 1116 3478 quae

139 3493 232 3548 strata
251 3489 346 3548 ruinls
367 3497 460 3566 atque
478 3489 630 3549 incendiis
650 3499 751 3564 erant,
772 3490 945 3562 ingentibus
966 3485 1115 3562 impensis
