2600 4000
224 242 264 306 ta
378 240 493 301 LIBER
507 240 610 298 xllxl.
634 239 827 300 caparae.
851 241 886 318 [a.
900 240 1045 318 umam]

223 411 262 456 eo
283 409 375 454 cursu
395 392 502 452 hostes
523 391 553 450 in
574 391 724 466 proelium
739 397 896 451 venerunt.
932 391 1040 451 dextra
1053 391 1103 451 ala
1117 423 1153 436 ·-
1173 392 1205 454 in

223 480 288 538 alas
304 477 436 536 divisum
451 476 595 535 socialem
609 474 776 534 exercitum
789 472 923 535 habebat
935 509 971 518 -
984 474 1015 533 in
1026 475 1126 551 prima
1137 476 1206 537 acie

224 563 323 622 locata
343 567 406 629 est;
430 557 460 619 in
482 558 628 619 subsidiis
650 559 729 617 duae
743 559 899 618 Romanae
913 557 1061 633 legiones.
1090 559 1130 618 M.
1145 559 1205 624 Fu·

224 646 286 706 rius
308 646 435 704 dextrae
458 644 540 714 alae,
559 641 732 717 legionibus
752 641 793 700 Μ.
815 641 979 717 Caecilius,
1001 642 1155 718 equitibus
1169 642 1205 704 L.

223 729 366 790 Valerius
400 725 530 807 Flaccus
550 725 698 800 -legati
727 741 834 785 omnes
862 731 998 785 erant-
1024 727 1205 802 praepositi.

224 820 345 890 praetor
360 825 465 871 secum
480 810 560 869 duos
574 808 708 884 legatae,
730 809 760 869 C.
776 809 949 869 Laetorium
964 816 994 870 et
1006 808 1038 869 P.
1055 809 1206 886 Titinium,

224 897 370 968 babebat,
396 909 464 954 cum
490 891 601 968 quibus
627 893 863 969 circumspicere
884 901 914 955 et
934 893 1019 953 obire
1043 894 1083 952 ad
1106 895 1205 955 omnis

224 980 357 1040 bostium
378 976 495 1037 subitos
512 983 639 1037 conatus
655 984 771 1052 posset.
801 977 899 1052 primo
917 976 993 1036 Gelli
1008 978 1090 1038 omni
1107 979 1206 1039 multi·

225 1064 328 1123 tudine
343 1061 373 1120 in
387 1077 482 1121 unum
495 1062 597 1121 locum
613 1061 714 1121 conixi
729 1061 859 1121 obruere
875 1067 967 1137 atque
981 1062 1121 1123 obterere
1133 1078 1208 1123 sese

225 1147 362 1206 dextram
377 1145 464 1219 alam,
487 1160 567 1220 quae
583 1145 680 1220 prima
694 1152 766 1219 erat,
789 1153 951 1221 sperarunt
966 1161 1071 1220 posse.
1107 1147 1159 1207 ubl
1174 1147 1207 1206 id

226 1247 332 1305 parum
344 1228 539 1305 procedebat
553 1228 681 1289 cucuire
693 1245 711 1289 a
722 1229 867 1291 cornibus
878 1235 907 1288 et
919 1230 1060 1305 amplecti
1071 1229 1207 1291 hostium

224 1315 330 1388 aciem,
346 1313 430 1389 quod
441 1312 631 1372 multitudine
642 1313 794 1374 adversus
806 1329 922 1388 paucos
934 1314 1024 1374 laoile
1033 1314 1204 1388 videbatur,

226 1398 326 1458 conati
342 1402 422 1457 sunt.
443 1396 473 1456 id
485 1395 537 1456 ubi
548 1396 623 1457 vidit
635 1405 765 1472 praetor,
779 1405 813 1457 ut
824 1405 854 1458 et
865 1397 934 1473 ipse
946 1398 1085 1458 dilataret
1098 1398 1205 1473 aciem,

225 1482 302 1542 duas
317 1481 455 1555 legiones
471 1496 509 1540 ex
524 1479 672 1540 subsidiis
688 1481 796 1540 dextra
810 1483 958 1558 laevaque
973 1482 1055 1553 alae,
1079 1498 1158 1557 quae
1174 1482 1205 1541 in

224 1564 323 1642 prima
347 1565 413 1624 acie
433 1564 604 1639 pugnabat,
632 1564 815 1635 circumdem
844 1566 1014 1641 aedemque
1035 1566 1118 1639 [deo]
1139 1566 1204 1627 Iovi

226 1650 322 1721 vovit,
346 1648 373 1708 si
394 1663 432 1708 eo
454 1648 503 1707 die
523 1648 631 1708 hostes
647 1649 787 1709 fudisset.
820 1649 852 1708 L.
866 1649 992 1710 Valerio
1007 1648 1150 1724 imperat,
1173 1656 1207 1711 ut

226 1741 312 1809 parte
322 1748 385 1793 una
396 1732 525 1792 duarum
536 1730 690 1805 legionum
702 1733 829 1807 equites,
846 1735 941 1792 altera
952 1733 1108 1794 sociorum
1119 1735 1200 1809 equi·

226 1824 319 1878 tatum
333 1817 364 1876 in
380 1830 496 1876 cornua
515 1815 648 1875 hostiurn
669 1816 796 1888 emittat,
822 1833 879 1877 neo
895 1815 1022 1877 circuire
1037 1833 1093 1878 eos
1109 1818 1206 1878 aciem

226 1901 365 1976 patiatur.
394 1899 483 1959 simul
503 1904 533 1957 et
553 1898 637 1973 ipse,
660 1906 693 1960 ut
713 1907 905 1960 extenuatam
926 1900 1055 1960 mediam
1072 1900 1206 1962 diduclIs

226 1983 371 2045 cornibus
398 1981 493 2043 aciem
514 1981 669 2044 Gallorum
689 1982 780 2055 vidit,
807 1983 896 2059 signa
915 1982 1027 2045 inferre
1049 1986 1205 2047 conlectos

225 2068 333 2129 milites
346 2074 376 2128 et
386 2082 586 2143 perrumpere
598 2067 723 2128 ordines
734 2067 824 2128 iubet.
842 2074 872 2128 ct
882 2083 998 2128 cornua
1005 2070 1043 2130 ab
1051 2069 1207 2146 equitibus

224 2160 255 2213 et
268 2151 360 2213 medii
375 2168 394 2211 a
409 2151 511 2227 pedite
523 2151 614 2228 pulsi.
637 2168 673 2213 ac
683 2159 820 2228 repente,
835 2152 997 2212 cumomni
1010 2161 1097 2228 parte
1110 2155 1207 2215 caede

224 2236 339 2312 ingenti
353 2242 569 2311 sternerentur,
586 2236 662 2297 Galli
676 2245 763 2311 terga
777 2242 941 2310 verterunt,
956 2236 1090 2313 fugaque
1105 2237 1208 2299 ellusa

224 2328 366 2397 repetunt
377 2328 487 2382 castra.
509 2321 661 2394 rugientes
675 2327 855 2395 persecutus
868 2335 975 2395 eques,
987 2336 1060 2382 mox
1071 2328 1101 2382 et
1111 2321 1206 2397 legio·

225 2420 280 2465 nes
296 2406 453 2465 insecutae
465 2402 494 2461 in
510 2410 611 2463 castra
622 2404 766 2478 impeturn
778 2403 924 2464 lecerunt.
945 2403 1044 2466 minus
1057 2421 1113 2466 sex
1124 2406 1208 2465 milia

224 2488 379 2547 bominum
394 2486 465 2545 inde
480 2485 669 2559 effugerem
692 2501 784 2546 caesa
796 2494 848 2547 aut
862 2496 952 2563 capta
962 2505 1057 2564 supra
1069 2489 1208 2565 quinque

225 2577 255 2630 et
268 2570 391 2645 triginta
411 2569 492 2628 milia
513 2585 582 2628 cum
603 2568 699 2643 signis
716 2569 894 2631 militaribus
910 2573 1117 2648 septuaginta,
1139 2589 1207 2633 car·

226 2653 325 2728 pentls
342 2652 474 2727 Gallicis,
489 2654 582 2711 multa
597 2654 713 2728 praeda
727 2654 870 2731 oneratis,
888 2658 956 2731 plus
972 2656 1121 2717 ducentis.
1145 2657 1208 2718 Ha·

225 2737 330 2796 milcar
344 2737 407 2796 dux
421 2735 543 2796 Poenus
559 2751 596 2798 eo
612 2736 730 2812 proelio
747 2738 865 2814 cecidit,
882 2747 912 2800 et
927 2746 989 2801 tres
1004 2740 1207 2817 imperatores

225 2822 343 2882 nobiles
361 2820 524 2881 Gallorum.
556 2821 722 2882 Placentini
738 2823 849 2900 captivi
865 2825 905 2884 ad
920 2825 981 2885 duo
997 2825 1079 2884 milia
1092 2825 1205 2887 libero-

225 2921 291 2965 rum
307 2904 440 2979 capitum
453 2904 564 2966 redditi
580 2906 708 2967 colonis.
731 2907 821 2968 XXll.
845 2924 957 2984 magna
970 2907 1098 2969 victoria
1112 2910 1206 2970 laeta-

226 3005 287 3065 que
307 2990 424 3049 Romae
445 2989 509 3050 luit.
544 2990 650 3050 litteris
675 2991 784 3053 adlatis
810 2992 994 3068 supplicatio
1019 2993 1050 3051 in
1072 2992 1205 3053 triduum

226 3074 350 3133 decreta
373 3079 429 3134 est.
467 3074 675 3136 Romanorum
696 3076 913 3152 sociorumque
933 3076 972 3137 ad
993 3076 1054 3136 duo
1070 3075 1152 3136 milia
1166 3091 1208 3138 eo

226 3157 343 3233 proelio
359 3157 550 3233 ceciderunt,
573 3159 695 3235 plurimi
710 3160 837 3220 dextrae
851 3162 933 3236 alae,
949 3160 979 3219 in
997 3176 1090 3235 quam
1105 3160 1207 3236 primo

226 3248 340 3316 lmpelu
353 3240 401 3301 vis
416 3241 549 3303 hostium
563 3243 672 3318 ingens
685 3243 768 3303 illata
778 3251 834 3305 est.
854 3261 1038 3320 quamquam
1049 3260 1106 3319 per
1117 3260 1206 3320 prae

225 3333 320 3386 torem
338 3340 435 3401 prope
453 3325 634 3387 debellatum
649 3333 728 3400 erat,
751 3328 859 3388 consul
876 3344 1001 3404 quoque
1015 3328 1046 3388 C.
1060 3327 1205 3388 Aurelius

226 3410 385 3486 perlectis,
406 3424 485 3484 quae
499 3409 615 3470 Romae
629 3411 749 3486 agenda
763 3412 894 3486 luerant,
916 3413 1073 3488 protectus
1088 3411 1118 3471 in
1135 3411 1205 3471 (lal-
1287 3471 1288 3474 ,

226 3493 296 3555 tiam
309 3494 455 3555 victorem
470 3493 825 3569 exercitumapraetore
840 3495 968 3571 accepit.
