2600 4000
265 233 527 294 umsaxxxvr.
551 234 930 315 cAP.44.45.[a.c.1slt
1020 239 1082 305 aaa

102 394 171 447 vtus
182 383 390 460 indignatione
397 398 548 444 aecensus
561 384 716 460 praetoria
727 401 807 447 nave
816 386 847 446 in
859 387 966 449 hostes
975 391 1081 452 tendit.

100 470 253 531 adversus
267 483 359 543 quam
373 468 482 528 eadem
495 482 555 543 spe
568 467 658 543 duae,
674 484 755 545 quae
764 468 911 530 Punicam
925 487 1016 532 unum
1027 491 1081 535 na·

100 569 171 614 vem
187 551 456 626 circumvenerant,
472 566 542 612 eum
554 550 746 623 inferrentur,
763 551 920 615 demittere
933 570 1036 617 remos
1050 557 1081 616 in

101 651 213 713 squam
226 636 266 696 ab
280 642 412 711 utroque
426 636 522 696 latere
530 635 663 711 remiges
676 635 877 698 stabiliendae
888 638 976 699 navis
988 655 1082 700 causa

101 718 204 794 iussit,
220 726 251 780 et
262 717 294 779 in
308 717 503 780 advenientis
512 719 647 781 hostium
662 736 758 781 naves
773 721 888 781 terreas
902 737 1011 782 manus
1026 723 1081 782 ini-

100 819 186 879 cere,
207 809 238 863 et
256 802 309 864 ubi
331 818 466 878 pugnam
490 802 627 879 pedestri
646 802 775 864 similem
797 804 958 880 iecissent,
977 802 1081 866 memi-

101 887 187 950 nisse
199 887 358 948 Romanae
376 884 495 948 virtutis
519 902 577 947 uec
598 901 656 962 pro
679 885 755 949 viris
770 888 884 949 duoere
897 888 983 965 regia
997 905 1081 949 man·

101 971 190 1048 cipia.
225 970 309 1033 haud
329 972 422 1047 paulo
445 971 565 1032 facilius
586 987 678 1047 quam
697 977 769 1031 ante
787 972 867 1032 duae
880 988 989 1048 unam,
1009 980 1081 1035 tunc

100 1072 162 1118 una
175 1054 254 1115 duas
269 1069 365 1114 naves
381 1055 568 1130 expugnavit
582 1055 735 1131 cepitque.
758 1061 789 1115 et
802 1055 862 1115 iam
875 1057 993 1117 classes
1004 1074 1080 1133 quo·

101 1155 162 1216 que
182 1138 320 1213 undique
341 1145 571 1212 concurrerant,
592 1146 623 1200 et
643 1138 761 1214 passim
777 1139 936 1215 permixtis
951 1141 1080 1202 navibus

100 1221 302 1300 pugnabatur.
337 1221 506 1297 Eumenes,
536 1222 588 1298 qui
617 1227 797 1296 [extremus]
824 1224 989 1286 commisso
1015 1240 1080 1286 eer-

99 1308 212 1369 tamine
225 1305 405 1380 advenerat,
424 1313 459 1367 ut
472 1305 685 1367 animadvertit
700 1308 821 1367 laevum
836 1321 933 1368 cornu
947 1307 1079 1372 hostium

100 1392 139 1452 ab
153 1389 240 1450 Livio
255 1389 423 1464 turbatum,
444 1390 584 1451 dextrum
599 1390 683 1465 ipse,
704 1390 757 1451 ubi
772 1406 872 1466 aequa
886 1407 991 1468 pugna
1005 1401 1078 1464 erat,

101 1474 225 1535 invadit.
260 1472 350 1533 xlv.
382 1488 484 1548 neque
508 1473 550 1533 ita
568 1473 663 1535 multo
687 1479 762 1549 post
781 1475 911 1549 primum
932 1475 971 1536 ab
991 1478 1078 1536 laevo

101 1574 198 1620 cornu
218 1557 292 1632 iuga
310 1557 421 1633 coepit
456 1557 665 1636 Polyxenidas
687 1559 767 1618 enim
783 1566 817 1619 ut
830 1557 940 1619 virtute
953 1556 1080 1618 militum

101 1640 183 1704 haud
204 1640 296 1701 dubie
315 1656 351 1701 se
372 1641 512 1716 superari
531 1641 622 1715 vidit,
644 1641 773 1702 sublatis
794 1640 959 1703 dolonibus
981 1639 1081 1701 effuse

100 1727 207 1801 lugere
225 1725 368 1796 intendit;
394 1740 468 1786 mox
487 1726 570 1786 idem
583 1733 614 1787 et
629 1724 682 1800 qui
698 1738 796 1799 prope
810 1731 922 1782 terram
936 1738 1006 1783 cum
1019 1722 1078 1782 Eu·

103 1824 189 1871 mene
203 1815 418 1871 conumerant
431 1817 584 1871 certamen
598 1809 747 1869 iecerunt.
780 1806 910 1866 Romani
925 1813 957 1867 et
968 1805 1078 1866 Eume·

100 1909 172 1969 nes,
195 1893 298 1969 quoad
318 1893 463 1953 suficere
480 1892 613 1966 remiges
633 1895 800 1966 potuerunt
819 1896 850 1950 et
869 1890 900 1948 in
922 1904 981 1965 spe
994 1899 1080 1950 erant

100 1977 227 2040 extremi
248 1975 377 2051 agminis
398 1974 544 2048 vexandi,
570 1973 645 2036 satis
666 1971 864 2048 pertinaciter
883 1971 981 2035 seouti
999 1981 1079 2036 sunt

99 2070 266 2139 postquam
287 2057 440 2117 celeritate
460 2057 598 2131 navium,
622 2063 732 2132 utpote
752 2060 880 2135 levium,
900 2075 975 2122 suas
997 2074 1077 2121 com-

100 2149 203 2204 meatu
224 2148 352 2203 onustas
372 2140 455 2200 eludi
477 2141 591 2200 frustra
610 2140 764 2201 tendentis
779 2140 934 2217 viderunt,
955 2145 1079 2205 tandem

101 2225 291 2298 abstiterunt,
305 2223 452 2284 tredecim
466 2222 565 2299 captis
579 2222 709 2284 navibus
722 2238 791 2285 oum
805 2225 897 2288 milite
908 2241 945 2286 ac
955 2225 1079 2302 remige,

101 2311 212 2372 decem
227 2306 386 2369 demersis.
419 2308 575 2370 Romanae
594 2305 705 2368 classis
720 2324 782 2368 uua
795 2309 910 2371 Punica
923 2310 1026 2385 navis,
1048 2310 1079 2370 in

101 2393 201 2471 primo
216 2391 380 2453 certamine
393 2391 432 2451 ab
448 2391 567 2452 duabus
583 2390 797 2463 circumventa,
813 2391 912 2467 periit
946 2392 1078 2469 Polyxe-

101 2477 190 2539 nidas
210 2492 273 2538 nou
289 2473 376 2552 prius
396 2492 486 2551 quarn
506 2474 538 2535 in
553 2481 645 2550 portu
657 2474 773 2551 Ephesi
788 2477 878 2552 fugae
891 2477 984 2537 linem
998 2474 1079 2538 lecit.

11 2586 12 2631 t
100 2560 229 2625 Romani
250 2576 288 2622 eo
304 2559 368 2634 die,
390 2560 472 2620 undo
486 2574 614 2634 egressa
628 2559 715 2635 regia
729 2560 840 2621 classis
854 2568 934 2635 erat,
958 2576 1079 2621 manse·

101 2652 186 2716 runt,
219 2651 346 2722 postero
366 2643 417 2703 die
435 2644 556 2703 hostem
575 2643 721 2719 persequi
741 2644 943 2705 intenderunt.
976 2644 1080 2705 medio

101 2731 167 2791 iere
188 2729 219 2789 iu
241 2744 334 2789 cursu
355 2726 464 2787 obviae
485 2728 572 2786 luere
591 2724 629 2786 iis
651 2725 789 2803 quinque
810 2735 841 2787 et
861 2727 967 2803 viginti
981 2734 1080 2789 tectae

100 2811 241 2876 Rhodiae
255 2825 351 2871 naves
367 2824 436 2870 cum
447 2809 634 2871 Pausistrato
650 2811 807 2883 praelecto
823 2811 941 2871 classis.
962 2810 1011 2870 his
1026 2811 1076 2870 ad·

102 2896 229 2970 iunctis,
254 2892 411 2970 Ephesum
430 2892 552 2953 hostem
571 2892 726 2968 persecuti
746 2899 816 2953 ante
837 2893 948 2953 ostium
969 2901 1078 2969 portus

100 2978 168 3043 acie
193 2978 341 3040 instructa
365 2983 521 3038 steterunt.
557 2981 722 3050 postquam
743 2976 970 3037 confessionem
989 2976 1078 3037 victis

102 3064 178 3126 satis
200 3066 435 3138 expresserunt,
455 3058 567 3121 Rhodii
588 3057 788 3120 'etEumenes
811 3059 920 3120 domos
943 3060 1077 3130 dimissi;

100 3146 229 3210 Romani
245 3145 350 3208 Chium
370 3149 525 3220 petentes,
549 3141 787 3203 Phoenicuntem
809 3144 937 3217 primum
958 3151 1078 3220 portum

18 3280 19 3285 ,
101 3230 288 3309 Erythraeae
303 3235 402 3288 terrae
417 3227 632 3303 praetervecti,
654 3233 745 3287 nocte
760 3226 883 3288 ancoris
897 3226 999 3300 iactis,
1023 3245 1077 3304 po-

104 3322 186 3376 stero
211 3315 261 3373 die
285 3313 316 3372 in
340 3312 470 3372 insulam
494 3312 532 3371 ad
555 3310 655 3385 ipsam
677 3311 782 3371 urbem
804 3311 995 3373 traiecerunt.
1026 3310 1077 3372 ubi

103 3412 222 3475 paucos
244 3396 309 3456 dies
329 3396 444 3470 remige
457 3395 589 3454 maxime
601 3393 769 3455 reficiendo
785 3396 892 3455 morati
906 3395 1078 3455 Phocaeam

102 3481 277 3543 tramittunt.
300 3477 340 3538 ibi
354 3478 467 3539 relictis
482 3479 521 3537 ad
535 3475 723 3552 praesidium
736 3476 822 3537 urbis
834 3485 978 3552 quattuor
990 3474 1078 3551 quin-

821 3563 874 3619 1⁷*
