2600 4000
161 304 164 311 ⁸
201 227 263 293 aro
321 217 571 288 nrau‘axxnu
595 223 678 305 cnr.
692 230 847 287 aaron.
862 230 898 297 [ι.
912 228 1058 302 ωσι]
1160 179 1163 183 ’

201 395 236 443 ιιι
251 379 303 457 qui
318 395 407 455 spem
421 392 542 440 ornnem
556 377 587 437 ln
602 392 639 438 eo
654 384 688 438 ut
707 374 877 452 immoviso
898 375 1109 450 opprimerent
1126 375 1183 437 ha·

202 465 355 536 buimont,
371 463 411 523 ad
422 462 535 523 iustum
544 461 657 521 bellum
669 459 992 536 oppugnationemque
1003 458 1090 519 urbis
1105 461 1184 521 marl

201 560 238 610 ae
261 557 343 610 terra
366 546 500 607 munitae
523 544 762 620 haudquaquam
788 559 881 619 pares
907 543 1031 604 domum
1050 543 1182 605 rediere

201 632 403 709 Euthymidas
429 636 594 706 postquam
623 635 726 688 eastra
749 626 943 703 popularium
968 627 1007 687 ad
1029 625 1183 703 Salganea

200 732 273 779 esse
289 716 507 792 profectosque
517 713 646 774 Aetolos
662 711 792 786 audivit,
808 710 920 788 etipse
934 709 1182 771 aThebisAthe-

203 818 260 862 nas
275 799 381 868 rediit;
400 804 431 860 et
443 797 623 858 Herodorus
634 811 704 856 curu
714 811 772 871 par
781 795 900 871 aliquot
910 794 977 855 dies
992 795 1126 856 intentus
1141 793 1182 854 ab

201 885 343 946 Atalante
356 881 478 956 signum
494 881 682 957 nequiquam
703 885 931 954 exspectasset,
953 878 1050 939 missa
1069 893 1180 954 specu-

202 967 311 1029 latoria
324 980 418 1039 nave,
438 964 560 1041 utquid
574 979 679 1025 morae
700 969 785 1024 esset
803 964 910 1036 selret,
931 969 1096 1037 postquam
1116 977 1184 1022 rem

203 1052 349 1112 omissam
370 1050 409 1109 ab
429 1048 524 1109 sociis
544 1046 838 1123 vidit,‘'lhronium‚
864 1045 947 1107 unde
968 1052 1109 1121 venerat,
1133 1061 1183 1105 re-

203 1133 286 1210 petit
426 1170 427 1173 ¹
916 1196 919 1203 ¹

285 1210 416 1275 XXXIX.
441 1214 608 1289 ¹Quinctius
630 1229 755 1290 quoque
775 1214 824 1274 his
844 1212 956 1273 auditis
978 1212 1016 1272 ab
1037 1211 1184 1274 Corintho

202 1297 329 1361 veniens
344 1298 490 1370 navibus,
507 1298 538 1357 in
553 1298 706 1359 chalcidis
720 1297 835 1373 Euripo
849 1294 979 1357 Eumeni
992 1296 1057 1371 regi
1072 1311 1183 1357 occur-

201 1381 249 1444 rit.
281 1382 396 1458 placuit
415 1381 600 1456 quingentos
623 1381 733 1441 milites
759 1379 904 1457 praesidii
930 1396 1025 1441 causa
1049 1378 1184 1455 relinqui

203 1465 346 1529 chalcide
359 1464 397 1526 ab
411 1465 547 1525 Eumene
560 1479 650 1543 rege,
671 1464 773 1541 ipsum
785 1464 923 1526 Athenas
937 1465 991 1524 ire.
1013 1462 1193 1540 Quinctius·

203 1567 266 1629 quo
280 1551 440 1626 protectus
460 1553 540 1623 erat,
560 1548 782 1608 Demetriadem
804 1547 972 1620 contendit,
993 1546 1183 1608 ratuschal·

193 1635 302 1697 cidem
316 1634 472 1695 liberatam
486 1630 631 1694 momenti
644 1631 762 1708 aliquid
775 1634 859 1708 apud
869 1632 1028 1707 Magnetas
1040 1631 1079 1691 ad
1090 1646 1182 1707 repe-

202 1719 324 1781 tendam
344 1716 522 1779 societatem
542 1717 712 1778 Romanam
737 1716 893 1778 iacturam.
926 1723 957 1776 et
981 1723 1015 1776 ut
1034 1713 1183 1791 praesidii

204 1803 320 1878 aliquid
339 1808 425 1863 esset
447 1816 524 1862 suae
548 1799 644 1877 partis
670 1798 859 1874 hominibus,
884 1800 1022 1861 Eunomo
1047 1795 1182 1875 praetori

193 1886 419 1947 thessalorum
433 1885 572 1961 scripsit,
595 1890 628 1944 ut
640 1892 772 1944 armaret
791 1884 992 1957 iuventutem,
1012 1890 1043 1944 et
1055 1880 1182 1942 Villium

203 1970 243 2030 ad
262 1968 484 2030 Demetriadem
504 1966 723 2045 praemisitad
743 1967 936 2045 temptandos
958 1967 1092 2042 animos,
1117 1982 1181 2027 non

202 2053 305 2128 aliter,
325 2051 387 2113 uisi
399 2068 471 2129 pars
487 2054 591 2129 aliqua
610 2052 769 2113 inclinaret
788 2054 828 2113 ad
844 2058 1018 2128 respectum
1032 2050 1182 2128 pristinae

203 2135 368 2213 societatis,
379 2152 444 2197 rem
455 2137 672 2212 adgressurus.
704 2137 813 2198 Villius
826 2136 1037 2212 quinqueremi
1051 2150 1130 2195 nave
1139 2135 1182 2196 ad

203 2221 315 2283 ostium
329 2231 438 2297 portus
449 2227 497 2283 est
507 2221 657 2283 invectus.
677 2237 715 2283 eo
728 2220 885 2282 multitudo
896 2220 1070 2296 Magnetum
1081 2217 1183 2281 omnis
1272 2262 1275 2268 ,

205 2321 272 2371 cum
287 2321 323 2367 se
338 2305 514 2380 effudisset,
530 2302 682 2382 quaesivit
695 2305 821 2379 vimus,
840 2310 940 2365 utrum
955 2305 996 2365 ad
1009 2303 1126 2364 amicos
1137 2316 1182 2363 ‘an

202 2390 243 2451 ad
257 2389 356 2450 hostis
377 2404 449 2449 sese
468 2389 594 2449 venisse
608 2390 745 2456 madent.
772 2388 934 2464 respondit
946 2386 1194 2465 Magnetarches·

201 2471 395 2550 Eurylochus
407 2470 448 2530 ad
459 2471 576 2533 amieos
587 2470 713 2531 venisse
724 2487 809 2532 eum:
832 2474 890 2534 sed
904 2472 1069 2533 abstineret
1079 2478 1181 2549 portu,

203 2561 235 2614 et
255 2554 368 2615 sineret
381 2553 540 2627 Magnetas
561 2553 592 2613 in
614 2555 782 2616 eoncordia
801 2563 832 2618 et
851 2557 993 2617 libertate·
1010 2571 1096 2630 esse,
1121 2558 1196 2615 nec'

202 2651 260 2713 per
274 2635 419 2710 colloquii
434 2635 570 2712 speciem
584 2636 804 2699 multitudinem
815 2640 1001 2701 sollicitaret
1024 2638 1182 2701 altercatio

202 2719 274 2780 inde
288 2736 351 2780 non
364 2734 466 2781 sermo
482 2719 551 2795 tuit,
568 2736 637 2783 eum
648 2723 850 2787 Romanusut
860 2724 996 2800 ingratos
1008 2722 1184 2798 increparet

201 2802 360 2878 Magnetas
386 2803 632 2883 imminentisque
657 2807 993 2883 praedicacionem,
1018 2806 1181 2868 multitudo

202 2885 395 2962 obstreperet
407 2904 489 2950 nuuc
503 2898 736 2962 senatum-nunc
748 2890 1116 2965 Quinotiumaccusando·
1139 2890 1182 2950 ita

77 3030 79 3034 ,
201 2969 285 3032 irrito
298 2970 421 3047 incepto
436 2973 546 3035 Villius
560 2975 601 3034 ad
615 2974 785 3049 Quinctium
808 2990 880 3036 sese
897 2975 1021 3051 recepit.
1044 2981 1075 3037 at
1088 2974 1180 3049 Quin-

202 3051 280 3114 ctius
301 3054 406 3116 cundo
427 3056 468 3116 ad
487 3064 659 3133 praetorem
679 3058 791 3132 misso,
816 3067 851 3120 ut
870 3060 1031 3121 reduceret
1055 3058 1182 3119 domum

203 3137 327 3212 copiae,
342 3138 411 3214 ipse
425 3141 556 3201 navibus
572 3140 747 3203 Corinthum
761 3140 860 3203 rediit
874 3162 878 3170 ·

285 3219 345 3281 XL.
367 3222 530 3284 Abstulere
550 3239 600 3284 me
620 3226 704 3287 velut
723 3225 763 3286 de
783 3225 883 3302 spatio
899 3225 1044 3287 Graeciae
1057 3240 1110 3286 res
1124 3224 1180 3285 im-

202 3303 314 3364 mixtae
332 3305 493 3381 Romanis‚
518 3323 580 3368 non
606 3308 679 3384 quia
702 3310 792 3385 ipsas¹
810 3325 924 3385 operae
944 3308 1074 3387 pretium
1095 3314 1182 3370 esset

203 3387 409 3463 perscribere
424 3390 482 3449 sed
495 3390 568 3465 qula
582 3406 697 3453 causae
710 3409 779 3453 eum
793 3391 945 3455 Antiocho
963 3394 1085 3454 luerunt
1096 3391 1180 3452 belli.

203 3471 381 3533 consulibus
401 3472 569 3548 designatis
583 3506 625 3518 -—
640 3475 712 3535 inde
723 3479 864 3553 ‘namque
884 3474 1073 3537 deverteram
1087 3508 1131 3521 -
1144 3474 1179 3535 t.
