2600 4000
259 282 381 376 nialla
389 282 551 342 xxxvlll.
575 282 658 341 enit
673 284 737 344 aa.
758 289 795 355 [a.
808 290 840 343 c,
854 290 915 356 rae]
949 304 976 340 κ
1014 284 1076 349 321

96 435 198 497 modia
181 450 219 496 o
234 434 361 495 interce
376 432 519 493 distantia
533 432 707 507 intervaNo,
722 450 817 495 unum
832 436 992 497 castellum
1005 436 1075 502 locu

95 520 180 581 edito
201 521 307 579 eontra
326 531 429 578 arcem
450 514 591 578 obiecit
607 533 645 578 ea
666 515 769 577 omnia
783 518 864 579 vallo
880 524 973 604 atque
989 520 1076 582 losse

81 603 139 666 ita
152 602 279 677 iungere
299 606 401 676 parat,
423 616 462 660 ne
480 598 585 662 exitus
596 600 725 678 inclusis
739 602 778 662 ab
791 602 869 663 urbe
883 617 962 663 neve
976 602 1077 666 aditus

95 687 173 749 ioris
186 687 225 746 ad
240 684 353 755 auxilia
366 682 599 747 intromittenda
606 692 700 746 esset.
736 686 804 745 adi
790 688 900 746 lamam
917 702 1077 762 oppugna·
1113 691 1118 694 “

50 777 53 781 ’
96 770 189 834 bouis
202 769 385 838 Ambraciae
403 768 566 852 Stratum
558 785 618 830 ram
638 769 740 838 edicto
761 769 905 830 Nicandri
925 769 1076 847 praetoris

96 854 425 924 convenerantAetoli.
445 852 632 929 inde'primo
647 851 747 929 copiis
762 852 904 915 omnibus
919 855 959 915 ad
973 853 1076 929 prohi-

97 938 228 1000 bcndam
249 936 443 999 obsidionem
462 938 569 999 venire
589 936 621 998 in
642 938 744 998 animo
761 939 869 999 iuerat.
905 939 975 999 dein
992 944 1074 1014 post·

96 1038 189 1100 quarn
203 1021 310 1083 urbem
324 1020 384 1081 iam
398 1025 510 1098 magna
523 1037 563 1083 ex
577 1028 666 1097 parte
680 1021 826 1097 operibus
841 1023 980 1099 saeptam
993 1023 1077 1083 tide·
1099 1093 1101 1096 v

96 1113 179 1182 runt,
199 1106 395 1185 Epirotarum
413 1112 498 1167 trans
519 1104 633 1167 flumen
654 1107 724 1167 loco
745 1106 838 1182 plano
861 1114 963 1168 castra
976 1106 1078 1183 posita
1186 1112 1205 1193 J

40 1243 43 1248 ,
95 1206 177 1264 asae,
193 1188 332 1250 dividere
346 1187 455 1265 copias
470 1190 594 1265 placuit.
628 1205 698 1251 curn
711 1190 793 1250 mille
807 1190 960 1266 expeditis
973 1191 1076 1267 Eupo·

57 1305 61 1312 ·
97 1272 194 1336 lamus
208 1272 402 1334 Ambraciam
423 1273 579 1350 proiectus
599 1290 658 1350 per
669 1274 805 1335 nondum
821 1277 986 1337 commissa
1000 1276 1078 1336 inter

96 1374 132 1420 se
146 1356 332 1420 munimenta
344 1357 452 1418 urbem
467 1356 597 1440 intravit
618 1357 772 1419 Nicandro
787 1374 856 1420 curu
871 1366 974 1421 cetera
985 1375 1077 1437 manu
1157 1388 1159 1390 >

37 1521 41 1526 ᾖ
96 1443 198 1519 primo
209 1440 404 1517 Epirotarum
424 1448 527 1502 eastra
543 1449 634 1503 nocte
648 1442 777 1519 adgredi
791 1442 954 1505 consNium
968 1444 1076 1517 luerat,

95 1528 178 1587 haud
203 1522 284 1587 iacili
305 1526 344 1586 ab
367 1525 511 1587 Romanis
532 1525 662 1599 auxilio,
690 1526 763 1604 quia
783 1526 898 1589 flumen
918 1529 1077 1589 intereram

95 1611 207 1672 deinde
215 1610 423 1685 periculosum
436 1611 590 1688 incaptum
600 1620 698 1688 rums,
707 1626 747 1671 ne
762 1629 842 1688 quae
857 1612 1005 1671 sentirent
1016 1612 1076 1672 Ro·

95 1693 178 1755 mani
197 1702 228 1755 et
246 1709 410 1770 regressus
424 1695 497 1756 inde
517 1696 547 1755 in
569 1703 633 1757 tuto
654 1711 716 1755 non
738 1704 837 1766 esset,
860 1693 1022 1755 deterritus
1039 1693 1078 1754 ab
1135 1752 1139 1761 ,
1190 1697 1191 1700 ’

95 1778 157 1853 hoc
170 1775 300 1840 consilio
314 1779 355 1848 ud
370 1779 619 1856 depopulandam
628 1779 835 1839 Acarnaniam
849 1776 906 1837 iter
919 1777 1077 1838 convertit.

96 1863 134 1922 V.
157 1863 265 1924 consul
287 1862 346 1923 iam
366 1863 575 1935 munimentis,
599 1860 712 1937 quibus
733 1858 902 1936 saepienda
914 1861 989 1922 urbs
1003 1869 1079 1936 erat,
1126 1912 1128 1915 ι

97 1947 156 2008 lam
177 1945 338 2022 operibus,
365 1961 446 2020 quae
465 1945 631 2005 admovere
651 1944 746 2005 muris
768 1944 911 2022 parabat,
933 1946 1077 2022 perlectis

95 2030 235 2104 quinque
254 2028 345 2087 simul
365 2028 442 2087 locis
462 2026 592 2089 moenia
604 2035 653 2088 est
667 2028 846 2103 adgressus.
874 2030 931 2090 tria
953 2031 1078 2107 paribus

96 2109 264 2173 intervallis
292 2108 429 2171 faciliore
454 2110 537 2171 aditu
557 2127 576 2170 a
598 2127 707 2186 campo
733 2113 885 2174 adversus
909 2114 1077 2193 Pyrrheum
1114 2125 1116 2128 ·

98 2193 183 2270 quod
197 2198 311 2257 vocant
324 2193 474 2265 admovit,
493 2209 588 2263 unum
602 2209 620 2254 e
633 2194 762 2270 regione
775 2197 969 2273 Aesculapii,
984 2213 1077 2259 unum

97 2277 248 2338 adversus
274 2291 386 2336 arcem.
420 2277 567 2340 arietibus
591 2295 697 2340 muros
723 2279 894 2357 quatiebat,
920 2280 1078 2342 asseribus
1193 2336 1200 2347 .

96 2361 215 2423 dulcatis
237 2360 416 2436 detergebat
435 2361 556 2460 pinnas.
590 2356 767 2440 oppidanos
790 2366 887 2463 primo
908 2366 993 2427 etad
1008 2380 1078 2440 spe

96 2445 175 2508 ciem
191 2452 222 2507 et
236 2445 275 2505 ad
290 2442 369 2506 ictus
382 2447 535 2507 moenium
557 2458 625 2509 cum
645 2449 771 2510 terribili
793 2447 896 2511 sonitu
909 2448 1010 2512 editos
1024 2466 1064 2525 pa

94 2545 153 2593 vor
166 2546 203 2591 ac
217 2528 379 2605 trepidatio
395 2529 485 2605 cepit
507 2530 620 2594 deinde
633 2539 667 2595 ut
681 2541 803 2609 praeter
816 2550 904 2610 spem
920 2542 1002 2596 stare
1014 2550 1077 2593 mu·

94 2631 148 2676 ros
156 2613 310 2687 viderunt
322 2614 460 2676 collectis
472 2632 580 2678 rursus
592 2617 701 2678 animis
712 2618 742 2678 in
750 2619 1078 2681 arietcstollenonibus

95 2698 274 2759 libramenta
294 2696 410 2772 plumbi
430 2708 482 2760 eut
496 2715 642 2762 saxorum
658 2702 819 2778 stipitesve
832 2704 979 2765 robustos
993 2703 1078 2763 incu-

96 2781 225 2851 tiebant3
246 2780 358 2852 falces,
374 2783 498 2844 ancoris
516 2784 624 2844 ferreis
640 2786 757 2847 iniectis
771 2786 803 2847 in
819 2787 994 2848 interiorem
1009 2803 1077 2862 par·
1101 2824 1105 2832 ·

94 2874 156 2926 mm
170 2862 248 2923 muri
264 2862 417 2937 trahentes
433 2881 579 2942 asserem,
595 2869 858 2945 praefringebant;
882 2871 996 2931 adhoc
1011 2886 1078 2932 eru·

95 2946 252 3025 ptionibus
277 2948 436 3009 nocturnis
461 2947 493 3009 ln
512 2957 591 3012 cust
578 2952 680 3013 todias
705 2969 833 3029 operum
858 2961 889 3014 et
909 2953 1056 3015 diumis‘
1043 2971 1076 3039 un
1163 3024 1164 3027 Ἴ

42 3096 45 3099 ,
95 3033 244 3094 stationes
265 3032 344 3092 ultro
359 3038 506 3094 terrorem
520 3035 700 3097 inferebant

179 3117 212 3176 ln
228 3115 288 3176 hoc
303 3121 384 3176 statu
398 3132 450 3178 res
465 3118 505 3179 ad
517 3116 715 3181 'Ambraciam
730 3137 798 3182 cum
814 3121 952 3195 essent,
944 3138 1003 3183 ram
1016 3126 1076 3184 Ae-

95 3199 149 3260 toli
170 3199 410 3275 apopulatione
433 3202 628 3264 Acarnaniae
655 3204 788 3268 Stratum
812 3206 974 3283 redierant.
1007 3206 1078 3268 inde
1152 3279 1155 3284 ,

94 3282 246 3343 Nicander
259 3290 385 3358 praetor
398 3299 486 3360 spem
502 3296 611 3349 nactus
626 3291 815 3351 solvendae
806 3298 929 3367 incepto
941 3291 1012 3351 lorti
1024 3290 1075 3351 ob

95 3352 239 3442 aldionis,
263 3366 463 3433 Nicodamum
489 3373 644 3447 quendam
669 3389 738 3434 cum
757 3373 877 3437 Aetolis
903 3372 1077 3449 quingentis
1177 3378 1179 3381 ’

96 3411 287 3510 Ambraciam
307 3451 482 3515 intromittit.
511 3462 633 3516 noctem
655 3465 768 3517 certam
787 3467 981 3532 tempusque
977 3454 1077 3516 etiam

87 3532 194 3595 uectis
209 3531 378 3608 constituit,
397 3552 459 3610 qno
475 3545 505 3598 et
519 3538 560 3598 illi
575 3537 615 3599 ab
629 3539 705 3601 urbe
719 3555 816 3614 opera
829 3539 978 3612 hostium,
995 3553 1074 3636 qnae

135 3617 395 3678 r'.rnrrnasIV.
624 3683 627 3689 ,
693 3693 697 3699 Ι
833 3631 863 3682 al
