2600 4000
323 232 440 294 LIBER
452 232 558 291 xxxi.
578 232 663 292 cAP.
679 239 722 294 14.
736 241 780 294 15.
801 239 838 307 [a.
854 239 887 292 C.
898 239 962 305 200]
1091 232 1131 295 13

150 382 390 458 haudquaquam
411 380 505 456 digna
530 398 640 455 causa,
665 382 739 443 dum
753 399 792 443 ex
807 390 911 443 vetere
925 384 1046 444 iortuna
1059 382 1132 444 nihil

148 473 273 543 praeter
286 465 406 527 animos
421 474 555 527 seruant.
588 468 768 527 Acarnanes
783 465 845 526 duo
865 464 993 527 iuvenes
1008 483 1064 543 per
1077 466 1132 528 ini·

148 549 262 613 tiorunr
276 548 344 611 dies
358 566 422 611 non
436 548 544 612 initiati
558 551 705 626 templum
717 548 847 622 Cereris,
863 548 1071 626 imprudentes
1085 567 1133 612 re-

148 632 284 710 ligionis,
298 649 368 695 cum
383 642 486 695 cetera
499 635 588 695 turba
602 632 736 710 ingressi
752 641 833 694 sunt.
855 632 946 693 tacite
961 650 1017 694 eos
1032 650 1134 696 sermo

148 716 294 793 prodidit,
310 718 446 778 absurde
460 719 613 792 quaedam
627 715 874 794 percunctantis;
890 716 1078 792 deductique
1094 719 1135 778 ad

147 800 302 864 antistites
314 800 429 876 tempti,
443 818 513 862 cum
526 803 628 878 palam
643 811 729 863 esset
741 818 798 877 per
812 817 949 862 errorem
962 800 1133 876 ingressos,

146 894 305 961 amquam
320 886 360 947 ob
373 883 532 947 infandum
547 887 651 947 scelus
662 884 813 947 interfecti
824 892 904 946 sunt.
925 884 959 946 id
970 891 1032 946 tam
1043 884 1135 946 foede

147 980 242 1045 atque
256 967 407 1030 hostiliter
421 985 498 1044 gens
512 970 709 1030 Acarnanum
723 971 836 1030 lactum
846 970 887 1030 ad
896 968 1069 1045 Philippum
1081 969 1134 1028 de·

146 1053 231 1126 tulit,
255 1051 492 1128 impetravitque
510 1052 552 1113 ab
571 1069 625 1128 eo,
653 1061 686 1113 ut
700 1052 779 1114 datis
793 1053 998 1115 Macedonum
1011 1050 1134 1113 auxiliis

147 1136 262 1198 bellum
277 1152 311 1196 se
330 1135 444 1197 inlerre
456 1134 697 1198 Atheniensibus
711 1145 875 1213 pateretur.
908 1137 959 1197 hic
980 1135 1135 1197 exercitus

147 1221 248 1297 primo
261 1229 374 1281 terram
387 1218 520 1281 Atticam
534 1222 615 1281 terro
630 1219 756 1297 ignique
771 1221 977 1296 depopulatus
990 1238 1060 1282 cum
1069 1236 1134 1282 om

148 1304 198 1366 nis
213 1302 336 1380 generis
351 1304 468 1380 praeda
482 1303 513 1363 in
527 1304 731 1365 Acarnaniam
745 1304 844 1366 rediit.
879 1311 910 1364 et
923 1303 1050 1366 irritatio
1068 1302 1134 1379 qui·

148 1389 221 1449 dem
234 1386 407 1449 animorum
422 1403 460 1447 ea
473 1386 571 1463 prima
584 1388 649 1450 luit.
683 1398 795 1465 postea
818 1387 933 1449 iustum
951 1388 1066 1449 bellum
1081 1387 1133 1448 de·

149 1471 241 1533 cretis
256 1469 389 1533 civitatis
403 1472 482 1532 ultro
498 1471 662 1533 indicendo
678 1473 801 1533 lactmn.
834 1473 955 1533 Attalus
976 1471 1057 1533 enim
1077 1487 1131 1532 rex

150 1553 325 1631 Rhodiique
339 1554 494 1631 persecuti
509 1557 669 1618 cedentem
684 1555 716 1616 in
732 1555 947 1617 Macedoniam
960 1555 1132 1631 Philippum

150 1656 220 1701 cum
233 1638 385 1716 Aeginam
398 1639 573 1714 venissent,
598 1657 655 1701 rex
668 1640 828 1700 Piraeeum
847 1640 1046 1700 renovandae
1061 1653 1132 1698 con-

148 1723 380 1799 llrrnandaeque
402 1739 471 1785 cum
484 1722 728 1785 Atheniensibus
749 1720 908 1785 societatis
930 1739 1025 1783 causa
1044 1721 1134 1782 traie-

149 1807 199 1868 cit.
234 1805 342 1869 civitas
358 1806 457 1869 omnis
473 1807 595 1869 obviam
609 1807 712 1870 effusa
726 1823 796 1868 cum
811 1805 994 1881 coniugibus
1009 1822 1046 1866 ac
1060 1804 1134 1866 libe

150 1890 207 1964 ris,
234 1891 412 1953 sacerdotes
433 1908 503 1952 cum
523 1890 696 1968 insignibus
708 1889 784 1956 ‚suis
798 1889 961 1953 intrantem
975 1891 1083 1951 urbem
1097 1904 1135 1951 ac

150 1973 182 2036 di
195 1990 294 2052 prope
308 1974 370 2051 ipsi
383 1974 476 2037 exciti
491 1974 618 2037 sedibus
633 1975 699 2037 suis
714 1983 909 2052 acceperunt.
931 1975 997 2035 XV.
1012 1973 1044 2035 in
1060 1989 1134 2035 con-

146 2058 266 2122 tionem
279 2061 435 2134 extemplo
452 2059 586 2133 populus
600 2067 748 2134 vocatus,
762 2068 797 2119 ut
809 2076 866 2119 rex
880 2075 961 2133 quae
974 2060 1068 2121 vellet
1082 2073 1135 2118 co·

149 2158 219 2202 ram
242 2149 362 2215 agerem
388 2139 503 2200 deinde
523 2156 563 2199 ex
583 2140 730 2214 dignitate
748 2139 848 2214 magis
871 2140 973 2201 visum
999 2139 1136 2200 scrihere

151 2239 224 2285 eum
238 2224 278 2284 de
293 2221 404 2298 quibus
418 2221 589 2294 videretur,
612 2238 704 2296 quam
724 2231 919 2297 praesentem
936 2231 989 2284 aut
1001 2224 1137 2282 releren-

152 2306 202 2368 dis
217 2304 283 2369 suis
296 2306 327 2367 in
343 2305 498 2367 civitatem
511 2304 672 2366 beneficiis
688 2307 888 2379 erubescere,
915 2312 969 2366 aut
982 2304 1135 2381 significa-

148 2390 285 2453 tionibus
296 2389 632 2465 acclamationibusque
644 2388 844 2452 multitudinis
856 2388 1070 2452 adsentatione
1081 2388 1136 2450 im·

151 2476 273 2536 modica
286 2476 438 2551 pudorem
453 2472 618 2536 onerantis.
654 2473 686 2534 in
700 2473 808 2536 littoris
828 2485 943 2548 autem,
961 2491 1042 2551 quae
1062 2473 1134 2536 mis-

151 2575 205 2620 sae
220 2557 251 2618 in
266 2559 442 2621 contionem
461 2558 670 2634 recitataeque
684 2568 770 2634 sunt,
799 2559 1048 2622 commemoratio
1069 2566 1132 2622 erat

151 2643 369 2705 beneficiorum
384 2642 515 2719 primmn
529 2642 561 2702 in
576 2641 729 2724 civitatem
744 2660 879 2719 suorum,
895 2643 1008 2706 deinde
1022 2661 1132 2719 rerum.

150 2742 229 2802 quas
244 2729 395 2789 adversus
409 2726 582 2802 Philippum
596 2726 757 2803 gessisset,
768 2728 809 2789 ad
820 2736 1010 2804 postremum
1022 2728 1132 2788 adhor-

150 2808 223 2871 tatio
237 2811 424 2888 capessendi
437 2809 518 2883 belli,
535 2811 607 2871 dum
619 2827 664 2884 se,
680 2812 752 2872 dum
765 2810 915 2886 Rhodios,
930 2819 995 2873 tum
1010 2810 1135 2887 quidem

150 2894 222 2954 dum
237 2894 328 2957 etiam
340 2896 499 2957 Romanos
513 2894 671 2956 haberent.
692 2894 881 2971 nequiquam
894 2904 1014 2972 postea,
1030 2896 1058 2955 si
1071 2904 1135 2957 tum

150 2988 337 3054 cessassent,
353 2977 604 3055 praetenuissam
618 2978 816 3040 occasionem
831 2978 1037 3056 quaesituros.
1050 2980 1135 3041 Rho·

149 3059 192 3122 dii
207 3062 320 3124 deinde
334 3062 427 3139 legati
440 3060 536 3124 auditi
550 3071 636 3136 sunt3
658 3080 788 3137 quorum
808 3080 919 3124 recens
939 3070 1005 3124 erat
1018 3063 1133 3125 benefi-

150 3144 246 3220 cium,
276 3147 361 3224 quod
380 3163 477 3208 naves
492 3149 601 3223 longas
619 3157 764 3223 quattuor
778 3147 1012 3208 Atheniensium
1026 3156 1134 3224 captas

150 3246 250 3306 nuper
273 3231 312 3291 ab
331 3229 556 3292 Macedonibus
577 3239 840 3308 recuperatasque
853 3230 1043 3293 remiserant.
1078 3228 1134 3290 ita·

151 3330 211 3387 que
224 3313 340 3391 ingenti
355 3332 513 3377 consensu
525 3315 639 3377 bellum
660 3317 812 3376 adversus
833 3314 1006 3390 Philippum
1027 3315 1133 3374 decre·

150 3406 223 3458 tum.
266 3398 403 3461 honores
422 3400 489 3474 regi
509 3398 642 3475 primurn
656 3400 759 3460 Attalo
773 3397 944 3471 immodici,
971 3396 1084 3457 deinde
1104 3402 1136 3454 et

149 3480 279 3544 Rhodiis
293 3481 398 3543 habiti.
419 3491 484 3544 tum
498 3481 630 3557 primum
643 3481 757 3544 mentio
772 3482 865 3542 inlata
880 3479 1025 3548 detribu,
1041 3492 1133 3550 quarn
