2600 4000
223 219 286 283 298
328 218 444 279 hlBER
457 218 604 278 xlhlVll.
627 216 711 277 CAP.
725 223 879 278 eruam
901 222 937 289 [a.
955 219 988 273 u.
1003 236 1027 273 c.
1042 221 1106 286 son]

223 372 317 444 naus,
338 371 484 447 augebat,
505 372 639 431 clamore
660 377 690 429 et
709 368 748 428 ab
769 368 829 428 alia
842 366 1100 429 circumstantium
1114 367 1211 431 turba

223 454 379 531 multiplici
394 453 524 515 adiecto.
556 453 599 514 lta
612 450 714 514 medio
728 450 898 513 interdura
913 448 998 510 acies
1013 464 1123 526 campo
1141 448 1210 512 exi-

223 547 335 616 guntur
355 537 538 614 quadrigam
560 543 724 611 amotoque
738 535 821 595 inani
835 531 981 608 ludibrio,
1004 541 1067 594 tum
1082 534 1211 595 demum

224 624 264 684 ad
284 623 396 684 lustum
417 621 568 696 proeium
590 620 679 695 signo
693 618 846 693 utrimque
861 618 932 678 dato
948 632 1133 679 concursum
1150 622 1210 678 est.

223 707 312 768 XLII.
342 712 474 767 ceterum
496 720 575 765 vana
590 703 642 763 illa
655 718 706 765 ros
720 717 813 763 verae
827 717 900 762 mox
914 698 1012 762 cladis
1027 715 1124 761 cansa
1140 699 1207 762 irrit

225 790 339 853 auxilia
353 789 433 850 enirn
446 787 645 860 subsidiaria,
668 800 749 863 quac
762 783 903 861 proxima
915 785 1017 846 locata
1030 792 1133 857 erant,
1152 801 1207 859 pa·

226 889 302 936 vora
317 878 349 934 et
362 871 609 934 consternatione
622 868 840 946 quadrigarum
854 869 966 941 territa,
984 875 1015 930 et
1028 866 1099 943 ipsa
1112 869 1145 928 in
1161 868 1209 930 lu-

225 973 295 1034 gam
305 971 398 1017 versa
407 955 560 1017 nudarunt
571 954 671 1017 omnia
682 967 783 1029 usque
794 953 834 1014 ad
845 951 1059 1027 cataphractos
1072 952 1206 1027 equites.

225 1040 265 1101 ad
290 1054 371 1114 quos
394 1053 462 1100 cum
484 1038 642 1115 dissipatis
667 1036 814 1120 subsidiis
835 1035 1029 1111 pervenisset
1048 1036 1208 1111 equitatus

224 1124 391 1197 Romanus,
409 1138 448 1183 ne
464 1122 591 1197 primum
607 1123 730 1200 quidem
744 1121 887 1195 impetum
901 1135 975 1195 pora
990 1134 1099 1181 eorum
1113 1118 1208 1180 susti·

224 1212 370 1267 noemam
390 1204 440 1266 alii
454 1205 515 1267 lusi
535 1213 620 1278 sunt,
644 1206 695 1266 alii
715 1211 841 1279 propter
854 1203 1031 1279 gravitatem
1046 1208 1207 1278 legumen·

202 1351 203 1354 ,
224 1295 324 1350 torum
343 1304 559 1364 armorumque
581 1287 724 1365 oppressi
739 1295 819 1349 sunt
847 1292 942 1349 toturn
957 1285 1069 1347 deinde
1082 1287 1208 1347 laevum

225 1387 322 1433 cornu
334 1371 504 1442 inclinavita
523 1381 554 1434 et
566 1373 695 1434 turbatis
710 1371 908 1433 auxiliaribus
921 1369 973 1447 qui
983 1370 1061 1431 inter
1070 1371 1209 1445 equitem

225 1463 256 1517 et
277 1470 357 1532 quos
379 1455 535 1530 appellant
554 1455 746 1531 phalangitas
766 1463 866 1529 erant,
888 1469 989 1530 usque
1010 1454 1051 1514 ad
1071 1452 1207 1516 mediam

225 1540 322 1601 aciem
336 1546 435 1601 terror
449 1539 596 1615 pervenit.
622 1539 664 1599 ihi
677 1538 768 1600 simul
782 1538 948 1614 perturbati
964 1537 1089 1600 ordines
1106 1543 1138 1598 et
1151 1537 1205 1598 ina

226 1623 348 1699 peditus
367 1622 539 1684 intercursu
560 1637 687 1684 suorum
705 1637 783 1683 usus
797 1624 1031 1699 praelongarum
1045 1620 1207 1683 hastarum

225 1740 269 1753 -
279 1708 395 1768 sarisas
409 1705 595 1768 Macedones
607 1712 720 1767 vocant
729 1737 786 1779 -‚
802 1705 930 1767 intulere
945 1704 1034 1781 signa
1044 1704 1206 1769 Romanae

226 1790 378 1866 legiones,
400 1798 431 1851 et
445 1791 506 1867 pila
517 1790 548 1851 in
565 1789 759 1866 perturbatos
774 1789 944 1851 coniecere.
978 1805 1017 1850 ne
1032 1788 1204 1864 interposia

226 1872 348 1948 quidem
370 1874 524 1949 elephanti
538 1874 662 1935 militem
675 1874 845 1934 Romanum
860 1872 1069 1946 deterrebant,
1090 1873 1204 1934 adsue·

226 1965 288 2018 lum
302 1956 362 2016 iam
377 1956 415 2017 ab
428 1957 541 2019 Africis
555 1957 644 2020 hellis
659 1964 689 2020 ot
702 1956 797 2018 vitare
812 1955 956 2032 impetum
970 1956 1095 2028 beluac,
1118 1962 1202 2018 etex
1297 1943 1298 1970 ¹

225 2048 402 2101 uanaverso
417 2048 468 2103 aut
482 2042 552 2117 pilis
567 2042 739 2116 incessere,
760 2047 813 2102 aut
825 2039 852 2101 si
867 2040 995 2118 propius
1009 2037 1116 2101 subire
1130 2056 1203 2116 pos·

225 2129 288 2198 set,
308 2124 411 2198 madio
431 2140 543 2187 nervos
561 2125 705 2187 incidere.
738 2123 798 2185 ianr
813 2124 913 2185 media
927 2121 1010 2185 acies
1024 2124 1090 2184 iere
1105 2123 1204 2184 omnia

224 2224 244 2267 a
257 2209 356 2270 fronte
370 2215 525 2285 prostrata
535 2214 609 2282 erat
625 2217 657 2270 et
666 2205 806 2271 subsidia
817 2206 972 2269 circumita
983 2205 1021 2268 ab
1034 2213 1123 2280 tergo
1136 2222 1203 2269 cae-

224 2291 389 2368 debantur,
410 2308 479 2355 cum
499 2292 529 2351 in
550 2299 638 2369 parte
658 2292 717 2354 alia
730 2293 832 2367 lugam
844 2306 970 2352 suorum
984 2297 1014 2351 et
1029 2305 1131 2365 prope
1145 2291 1204 2352 ianr

224 2376 264 2435 ad
285 2374 355 2452 ipsa
375 2382 476 2437 castra
495 2377 658 2437 clamorem
679 2375 854 2451 paventium
874 2389 1033 2450 accepere.
1068 2388 1203 2451 namque

222 2458 393 2519 Antiochus
408 2475 427 2517 a
442 2459 549 2519 dextro
572 2474 681 2532 cornu,
703 2475 771 2520 eom
787 2457 829 2519 ibi
843 2458 957 2520 fiducm
971 2455 1104 2519 fluminis
1120 2459 1203 2519 nulla

224 2538 364 2600 subsidia
374 2547 513 2601 cerneret
524 2548 645 2614 praeter
657 2547 800 2616 quattuor
809 2549 924 2604 turmas
936 2541 1081 2617 equitum,
1096 2549 1201 2614 eleas,

223 2622 296 2681 dom
316 2622 471 2697 applicant
485 2637 521 2681 se
534 2623 616 2697 suis,
636 2624 735 2698 ripam
749 2626 908 2699 nudantis,
929 2626 1075 2702 impetum
1088 2625 1121 2685 in
1134 2640 1204 2686 cam

224 2712 340 2780 partem
362 2721 431 2766 cum
452 2706 573 2768 auxiliis
593 2714 624 2769 et
639 2708 834 2784 cataphracto
849 2709 986 2785 equitatu
999 2707 1080 2770 lecit.
1111 2724 1204 2771 neca

224 2791 322 2851 tronto
336 2795 450 2852 tanturn
465 2789 605 2865 instabat,
620 2792 677 2853 sed
692 2790 849 2855 circumito
861 2810 879 2854 a
890 2791 1016 2854 flumine
1030 2807 1130 2854 cornu
1142 2791 1203 2853 iam

223 2872 262 2933 ab
282 2874 377 2935 latere
393 2875 537 2951 urgebat,
558 2875 657 2938 donec
675 2877 769 2951 iugari
790 2878 909 2951 equites
923 2876 1068 2952 primum,
1089 2875 1203 2937 deinde

223 2957 353 3031 proximi
377 2958 513 3033 peditum
532 2957 633 3022 eliuso
654 2974 747 3022 cursu
768 2961 807 3020 ad
828 2967 929 3022 castra
948 2960 1100 3036 compulsi
1121 2967 1202 3021 sunt

222 3039 323 3099 XLlll.
348 3050 490 3117 praeerat
508 3042 617 3104 eastris
631 3042 672 3102 M.
686 3044 833 3106 Aemilius
847 3044 987 3107 tribunus
1001 3044 1142 3117 militum,
1159 3041 1200 3102 lt

222 3122 330 3199 Lepidi
348 3123 445 3198 iilius,
468 3127 520 3200 qui
540 3133 613 3200 post
632 3142 751 3201 paucos
772 3144 869 3190 annos
890 3128 1028 3203 pontifex
1049 3126 1200 3188 maximus

223 3208 322 3267 lactus
343 3214 399 3267 est.
430 3224 491 3282 qua
511 3208 613 3283 lugam
634 3208 778 3270 cernebat
797 3224 938 3284 suorum,
959 3228 1029 3274 cum
1044 3208 1201 3286 praesidio

224 3289 305 3349 omni
326 3291 472 3359 occurrit3
503 3298 534 3352 et
546 3299 629 3354 stare
643 3293 758 3367 primo,
780 3294 892 3355 deinde
905 3295 1007 3356 redire
1020 3295 1050 3355 in
1065 3309 1199 3371 pugnam

222 3371 346 3433 iubebat
364 3388 510 3446 pavorem
531 3381 561 3435 et
575 3380 696 3449 turpem
710 3376 810 3450 lugam
826 3378 1007 3453 increpansa
1032 3377 1133 3439 minae
1147 3392 1199 3437 ex·
1291 3370 1292 3391 ³

222 3454 293 3516 inde
307 3461 401 3540 erant
416 3454 446 3516 in
460 3457 627 3530 perniciem
637 3473 724 3518 suam
739 3472 851 3519 caecos
859 3475 959 3533 ruere,
974 3461 1004 3520 ni
1016 3460 1099 3522 dicto
1108 3475 1195 3536 pare
