2600 4000
219 210 283 276 att
344 211 633 272 tmnnmvm
656 212 855 275 clamne.
878 217 1076 285 [suasca
1110 174 1113 180 ’

220 365 330 430 mullos
342 363 420 423 alios
430 363 534 437 regios
546 362 650 436 duces,
664 361 715 436 qui
727 360 1000 436 impemtorPunici
1013 361 1085 421 belli
1097 362 1201 424 luerit.

219 455 250 509 et
262 447 375 508 bellum
390 445 514 522 quidem
527 446 569 506 ita
580 453 701 520 gestum
715 460 797 517 esse,
810 451 844 505 ut
856 460 897 504 ne
910 445 1060 506 fortunam
1074 446 1204 519 quidem

220 529 386 612 quisquam
404 528 555 591 cuminam
575 528 692 603 possit:
714 529 836 604 inpane
855 526 968 588 crimen
984 527 1107 603 quaem
1131 545 1204 590 eam

220 615 281 675 dici
301 611 436 675 venisse.
467 613 518 673 hic
532 614 639 674 decem
653 614 771 687 togatos
786 612 876 672 simul
889 612 992 686 argui,
1014 629 1147 687 quorum
1162 630 1202 674 ex

220 696 350 761 consilio
371 698 441 758 data
461 712 523 773 pax
538 703 632 757 esset.
667 711 853 771 quamquam
867 695 1022 755 exstitisse
1036 710 1076 755 ex
1091 697 1203 757 decem
1250 695 1254 701 '
1288 709 1296 722 ·

220 783 328 858 legatis
344 780 400 856 qui
412 780 465 842 Co.
480 780 623 841 Manlium
637 785 834 842 accusarent:
854 785 1034 840 tamennon
1048 781 1144 841 modo
1161 782 1202 840 ad
1272 821 1276 828 -

221 863 354 928 criminis
374 865 481 938 fldem,
502 865 559 925 sed
580 879 619 924 ne
638 864 679 924 ad
698 880 813 924 moram
836 862 958 938 quidem
972 862 1116 938 triumphi
1131 879 1202 923 eam

221 949 447 1012 accusationem
460 948 604 1009 valuisse.
629 948 704 1009 LllL
725 955 758 1008 at
769 947 893 1007 hercule
906 946 936 1005 tn
952 944 1099 1026 Scipione
1112 947 1202 1022 leges
1215 984 1218 989 -
1291 976 1297 1014 ι

220 1034 306 1110 ipsas
318 1033 413 1110 pacis,
424 1039 459 1093 ut
468 1032 592 1093 nimium
604 1031 852 1093 accommodatas
859 1029 1021 1104 Antiocho,
1034 1037 1201 1106 suspectas

221 1132 309 1177 esses
331 1118 480 1190 integrum
502 1117 582 1176 enim
603 1115 631 1175 ei
651 1130 778 1190 regnum
797 1114 950 1175 relicuum:
979 1114 1082 1174 omnia
1094 1115 1200 1189 possi·

221 1200 295 1260 dere
315 1214 386 1259 eum
405 1199 518 1260 victum
539 1214 619 1275 quae
640 1206 711 1259 ante
730 1199 843 1259 bellum
854 1198 922 1258 eius
937 1197 1065 1267 tuerint;
1087 1197 1152 1257 auri
1167 1204 1200 1257 et
1230 1197 1239 1212 '

220 1283 338 1356 argenti
353 1297 423 1342 cum
438 1282 499 1341 vim
514 1298 656 1358 magnam
670 1281 837 1357 habuisset,
852 1280 926 1342 nihil
936 1278 968 1340 in
981 1281 1137 1356 publicam
1147 1297 1197 1341 re-

220 1368 321 1439 latum,
339 1380 430 1426 omne
443 1365 473 1423 in
487 1366 640 1440 privatum
654 1362 787 1428 vers'um.
808 1381 846 1426 an
859 1380 919 1429 non
929 1369 1052 1439 praeter
1062 1366 1199 1427 omnium
1286 1419 1289 1426 .

107 1485 111 1492 ·
221 1450 329 1510 ocules
349 1455 464 1510 tantum
485 1450 550 1508 auri
570 1451 750 1527 argentique
770 1450 800 1509 in
814 1448 965 1525 triumpho
983 1449 1016 1508 L.
1032 1447 1199 1525 Scipionis,

221 1539 366 1610 quantum
381 1548 443 1593 non
455 1531 562 1591 decem
573 1532 641 1592 aliis
651 1533 822 1610 triumphis,
837 1533 865 1594 si
876 1547 967 1592 omne
976 1530 1008 1592 in
1018 1548 1112 1592 unum
1126 1549 1196 1593 oon

219 1618 349 1693 feratur,
378 1616 417 1677 sit
436 1616 552 1676 latumt
580 1631 650 1675 nam
674 1615 748 1692 quid
773 1617 812 1677 de
832 1616 945 1677 finibus
968 1615 1055 1690 regni
1076 1616 1200 1676 dicamt

194 1697 198 1706 ’
218 1701 324 1761 Asiam
347 1715 468 1763 omnem
488 1705 519 1760 ot
534 1697 674 1776 proxima
687 1699 831 1775 Europae
850 1699 989 1761 tenuisse
1001 1699 1197 1761 Antiochum.
1222 1759 1224 1762 .

220 1799 257 1844 ea
272 1792 385 1860 quanta
399 1785 484 1859 regio
500 1783 585 1845 orbis
598 1790 743 1844 terrarum
758 1783 812 1857 sit,
827 1800 846 1843 a
859 1783 960 1845 Tauro
973 1789 1077 1845 monte
1090 1784 1120 1843 io
1135 1785 1197 1843 Aess
1284 1827 1296 1844 .

219 1883 326 1943 gaeum
342 1883 442 1943 usque
457 1868 631 1944 prominens
645 1883 745 1943 mare,
760 1873 836 1942 quot
848 1883 909 1928 noo
924 1868 1018 1928 urbes
1032 1867 1121 1927 modo
1137 1868 1196 1926 sed
1273 1853 1276 1858 ’
1293 1851 1297 1900 't

219 1958 326 2027 gentes
341 1952 554 2027 amplectatur,
572 1967 679 2014 omnes
694 1952 782 2014 scire.
815 1951 895 2012 hanc
908 1951 1063 2028 regionem
1077 1950 1196 2011 dierum

219 2038 290 2111 plus
310 2036 430 2110 triginta
450 2035 481 2094 iu
502 2035 736 2112 longitudinem,
758 2037 865 2097 decem
886 2035 967 2097 inter
981 2037 1043 2096 duo
1056 2035 1152 2095 maria
1166 2035 1198 2094 in
1290 2090 1296 2106 ,

219 2117 407 2183 latitudinem
427 2126 579 2196 patentem
601 2136 702 2196 usque
722 2120 761 2180 ad
775 2120 866 2180 Tauri
879 2120 991 2182 montis
1001 2119 1077 2195 iuga
1090 2120 1197 2181 Aulio

187 2226 191 2233 ·
219 2202 277 2265 oho
294 2203 482 2279 ademptam,
504 2206 634 2280 expulso
649 2204 680 2264 in
696 2204 830 2266 ultimum
845 2205 989 2279 angulum
1003 2202 1088 2264 orbis
1103 2209 1197 2263 terra·

218 2302 294 2348 mm.
316 2288 404 2364 quid,
419 2287 447 2347 si
461 2288 591 2362 gratuita
604 2305 666 2365 pax
684 2294 783 2363 esset,
804 2290 874 2363 plus
888 2287 979 2348 adimi
994 2287 1023 2347 ei
1036 2287 1197 2362 potuisset

220 2369 359 2447 Philippo
380 2370 462 2432 victo
476 2370 702 2447 Macedoniam,
723 2371 832 2431 Nabidi
845 2371 1108 2434 Lacedaemonem
1128 2370 1196 2431 reli-

221 2462 308 2530 ctam,
324 2470 382 2514 nee
397 2454 536 2528 Quinctio
552 2455 664 2515 crimen
678 2454 863 2531 quaesitum:
885 2470 947 2515 non
958 2453 1038 2521 enim
1049 2454 1196 2516 habuisse
1293 2512 1295 2515 ,

221 2551 289 2595 cum
310 2538 487 2615 Africanum
513 2539 649 2598 tratrem=
683 2538 774 2609 euius,
790 2539 887 2614 gloria
906 2538 1059 2614 prodesse
1078 2539 1111 2598 L.
1131 2538 1194 2599 Sci-

218 2619 303 2692 pioni
318 2616 491 2691 debuisset,
516 2619 661 2681 invidiam
675 2621 830 2683 nocuisse.
858 2629 972 2683 tnnmm
986 2623 1052 2683 auri
1067 2622 1195 2697 argenti·

219 2717 279 2781 que
293 2701 456 2762 iudicatum
472 2716 542 2763 esse
559 2703 589 2763 in
605 2705 730 2766 donnum
741 2705 774 2765 L.
792 2704 945 2782 Scipionis
960 2705 1084 2780 illatum,
1100 2722 1188 2781 quan

219 2792 281 2845 tum
295 2783 426 2846 venditis
442 2787 582 2848 omnibus
593 2788 684 2850 bonis
696 2789 792 2864 redigt
804 2804 864 2850 non
875 2796 993 2865 posset.
1014 2789 1047 2849 id
1058 2788 1110 2849 ubi
1121 2805 1195 2864 ergo

218 2884 290 2931 esse
300 2868 418 2946 regium
430 2886 546 2948 aurum,
559 2872 611 2932 ubi
622 2880 667 2935 tot
677 2873 861 2935 hereditates
872 2880 1038 2949 acceptast
1050 2874 1081 2933 in
1093 2873 1194 2947 domo,

220 2969 312 3027 quam
332 2962 471 3030 sumptus
491 2971 553 3018 nan
568 2956 780 3032 exhauserim,
799 2965 921 3019 exstare
935 2957 1082 3035 debuisse
1096 2972 1196 3017 novae
1217 2981 1219 2985 ·
1262 2969 1267 2977 ·

215 3033 358 3097 'fortunae
373 3037 535 3099 cumulum.
556 3048 587 3101 at
599 3042 678 3101 enim
691 3041 776 3119 quod
787 3056 826 3100 ex
838 3040 928 3103 bonis
939 3040 1038 3116 redigi
1049 3056 1110 3102 non
1123 3056 1194 3115 pos·

219 3117 266 3192 sit,
281 3134 321 3180 cx
336 3136 467 3197 corpore
482 3129 513 3182 et
526 3129 611 3198 tergo
629 3140 686 3199 per
698 3125 892 3186 trexauonem
906 3134 937 3187 et
951 3124 1149 3187 contumelias
1160 3124 1194 3184 L.
1289 3132 1291 3137 ’

220 3200 373 3278 Scipionis
389 3205 536 3281 potituros
552 3205 702 3283 inimicos,
717 3216 751 3269 ut
764 3209 794 3268 in
810 3225 934 3271 carcere
947 3207 1027 3279 inter
1040 3209 1125 3270 iures
1139 3223 1193 3268 no·

219 3292 342 3347 eturnos
358 3295 388 3348 et
402 3289 537 3351 latrones
547 3290 594 3349 vir
605 3290 794 3352 clarissimus
805 3292 984 3368 includatur,
1000 3298 1030 3354 et
1041 3293 1071 3353 in
1083 3292 1194 3352 robore

218 3378 248 3431 et
261 3370 394 3432 tenebris
410 3373 555 3447 exspiret,
571 3374 684 3435 deinde
697 3377 798 3437 nudus
814 3383 884 3437 ante
894 3392 1054 3449 carcerom⁸
1063 3374 1193 3451 proicia·
1289 3450 1290 3455 ἵ

219 3456 274 3511 tur.
297 3470 357 3515 non
371 3454 403 3516 id
418 3455 576 3517 corneliae
591 3458 689 3534 magis
704 3460 835 3519 tantillae
850 3476 941 3535 quam
955 3459 1023 3520 urbi
1036 3461 1193 3520 Romanae
1285 3474 1290 3489 ·’
