2600 4000
285 212 515 276 umsnxrrm.
539 215 735 279 cauma.
758 220 915 297 [sonno]
1055 217 1099 280 aa

116 371 222 442 ltaque
242 367 395 426 revocatis
418 367 470 442 qui
491 367 700 429 discurrerant
720 368 760 427 ad
776 369 987 443 praedandum
1000 370 1093 431 militi-

117 450 176 510 bus
197 450 415 525 instructisque
437 451 478 509 ad
496 453 740 526 oppugnandum
754 452 912 512 castellum
924 453 1099 515 Eleusinem

116 535 275 609 proiectus
297 550 365 593 cum
386 535 487 594 multis
502 535 574 594 inde
587 534 768 594 vulneribus
783 536 928 610 recessit,
944 536 1095 611 Philippo·

118 632 180 693 que
196 633 230 676 se
245 617 378 677 venienti
393 633 433 676 ex
447 617 565 678 Achaia
580 617 746 679 coniunxit.
773 625 921 693 temptata
935 627 965 680 et
978 619 1016 679 ab
1031 621 1100 696 ipso

115 715 192 774 rege
207 702 394 776 oppugnatio
410 702 547 762 eiusdem
564 703 681 762 castelli
695 708 751 763 est
773 703 832 762 sed
843 704 1101 765 navesRomauae

117 801 136 845 a
150 783 276 845 Piraeeo
291 785 449 845 venientes
464 784 734 861 intromissumque
748 787 937 861 praesidium
952 788 1102 848 absistere

118 869 242 944 incepto
259 874 433 942 coegerunt
456 869 556 929 diviso
573 869 685 929 deinde
700 867 844 946 exercitu,
859 886 915 930 rex
930 887 1000 931 cum
1014 878 1101 948 parte

115 952 281 1012 Philoclem
297 951 433 1013 Athenas
448 952 549 1027 mittit,
572 968 641 1014 cum
656 960 744 1028 parte
757 954 915 1014 Piraeeum
931 956 1048 1032 pergit,
1068 965 1102 1017 ut

118 1038 190 1097 dum
210 1035 361 1097 Philocles
389 1037 551 1097 subeundo
571 1052 692 1111 muros,
718 1044 749 1098 et
768 1038 980 1099 comminanda
1001 1056 1100 1116 oppu-

117 1120 263 1196 gnatione
279 1120 448 1181 contineret
462 1120 538 1181 urhe
552 1119 772 1196 Athenienses,
793 1120 855 1198 ipsi
867 1121 1026 1184 Piraeeum
1039 1122 1101 1184 levi

118 1220 186 1264 cum
198 1204 356 1280 praesidio
367 1204 506 1265 relictum
513 1205 709 1280 expugnandi
721 1207 848 1268 facultas
856 1212 949 1267 esset.
965 1215 1100 1268 ceterum

117 1287 214 1349 nihilo
230 1288 258 1348 ei
268 1287 386 1348 Piraeei
402 1304 493 1363 quam
503 1287 657 1350 Eleusinis
673 1290 791 1350 facilior
804 1290 903 1350 isdem
918 1290 982 1349 tere
994 1291 1095 1351 deien-

118 1372 261 1433 dentihus
274 1372 463 1447 oppugnatio
475 1372 537 1433 iuit.
555 1372 708 1433 aPiraeeo
715 1373 853 1435 Athenas
863 1379 991 1448 repente
1002 1374 1098 1436 duxit.

117 1457 190 1515 inde
205 1456 367 1531 eruptione
382 1456 482 1517 subita
493 1456 629 1532 peditum
641 1457 840 1534 equitumque
851 1456 930 1517 inter
941 1458 1098 1532 angustias

117 1540 254 1600 semiruti
269 1541 356 1615 muri,
373 1540 425 1615 qui
439 1540 572 1601 brachiis
589 1542 711 1602 duobus
721 1542 880 1603 Piraeeum
890 1541 1019 1602 Athenis
1034 1541 1100 1601 iun-

117 1624 175 1698 git,
200 1624 361 1700 repulsus,
388 1623 504 1685 omissa
530 1626 760 1701 oppugnatione
780 1626 881 1699 urbis,
910 1624 1010 1684 diviso
1032 1639 1101 1684 cum

116 1706 252 1788 Philocle
265 1725 374 1769 rursus
395 1709 545 1784 exercitu,
568 1710 608 1769 ad
630 1725 723 1785 agros
745 1709 913 1771 vastandos
934 1709 1101 1782 proiectus,

118 1807 187 1851 cum
202 1793 334 1866 priorem
350 1793 579 1869 populationem
594 1794 746 1869 sepulcris
763 1794 845 1853 circa
861 1791 968 1852 urbem
980 1792 1100 1851 diruen-

118 1875 167 1935 dis
188 1876 393 1950 exercuisset,
416 1893 455 1935 ne
477 1877 551 1953 quid
571 1877 748 1939 inviolatum
765 1877 966 1952 relinqueret,
988 1876 1101 1952 templa

117 1959 219 2036 deum,
235 1976 314 2037 quae
325 1961 460 2037 pagatim
473 1969 593 2023 sacrata
604 1961 766 2037 habebant,
784 1960 863 2023 dirui
875 1967 968 2037 atque
978 1960 1100 2023 incendi

117 2043 218 2105 iussit.
243 2052 272 2105 et
287 2052 395 2105 ornata
408 2059 446 2104 eo
462 2059 576 2118 genere
591 2060 720 2119 operum
733 2045 844 2105 eximie
860 2052 941 2105 terra
955 2046 1058 2106 Attica
1072 2053 1102 2105 et

116 2128 212 2204 copia
233 2128 394 2188 domestici
416 2127 577 2186 marmoris
598 2133 629 2186 et
647 2127 776 2200 ingeniis
798 2127 948 2187 artificum
961 2128 1104 2201 praebuit

114 2209 193 2272 huic
219 2210 315 2269 iurori
339 2207 505 2268 materiam.
543 2224 644 2284 neque
669 2207 750 2268 enim
776 2209 898 2268 diruere
917 2211 1011 2270 modo
1035 2210 1104 2283 ipsa

115 2294 234 2368 templa
258 2308 294 2353 ac
319 2292 484 2352 simulacra
503 2298 641 2353 evertere
662 2291 737 2353 satis
758 2291 878 2366 habuit,
903 2291 961 2351 sed
984 2292 1103 2367 lapides

117 2392 260 2456 quoque,
286 2393 325 2438 ne
346 2375 455 2452 integri
475 2378 666 2438 cumularent
685 2376 805 2449 ruinas,
828 2375 926 2451 frangi
946 2375 1046 2438 iussit.
1074 2381 1104 2436 et

117 2470 286 2539 postquam
306 2478 367 2523 non
388 2466 448 2521 tam
463 2461 509 2522 ira
523 2461 633 2522 satiata
649 2477 741 2537 quam
755 2462 819 2521 irae
834 2462 1025 2522 exercendae
1039 2477 1102 2521 ma·

117 2546 196 2607 teria
210 2546 324 2622 deerat,
339 2562 414 2621 agro
429 2546 563 2607 hostium
577 2546 608 2606 in
619 2545 779 2607 Boeotiam
791 2544 936 2619 excessit,
950 2560 1008 2606 nec
1019 2544 1103 2606 aliud

119 2630 284 2706 quicquam
300 2631 425 2705 dignum
439 2630 586 2691 memoria
601 2631 631 2689 in
648 2628 777 2690 Graecia
791 2629 861 2704 egit.

202 2713 321 2774 XXVII.
351 2713 466 2774 Consul
488 2713 643 2789 Sulpicius
665 2729 703 2774 eo
723 2722 862 2788 tempore
881 2712 959 2772 inter
972 2714 1101 2787 Apollo-

121 2797 202 2858 niam
222 2813 258 2857 ac
278 2797 481 2876 Dyrrachium
504 2798 543 2858 ad
557 2800 677 2873 Apsum
698 2796 812 2858 flumen
832 2795 966 2856 habebat
985 2803 1101 2866 castra3

14 2941 15 2944 ,
120 2897 184 2959 quo
200 2882 380 2941 arcessitum
392 2882 425 2943 L.
438 2881 603 2957 Apustium
617 2882 749 2956 legatum
764 2898 833 2942 cum
845 2885 933 2957 parte
946 2878 1102 2955 copiarum

119 2966 161 3026 ad
176 2965 412 3041 depopulandos
427 2965 562 3026 hostium
577 2966 656 3026 fines
671 2965 767 3026 mittit.
790 2963 950 3040 Apustius,
967 2971 1103 3024 extrema

117 3049 320 3111 Macedoniae
341 3050 522 3124 populatus,
545 3049 699 3125 Corrhago
721 3056 751 3111 et
767 3048 900 3109 Geruuio
921 3052 952 3107 et
967 3045 1102 3122 Orgesso

119 3133 255 3195 castellis
270 3133 368 3208 primo
384 3133 498 3209 impetu
513 3133 610 3209 captis
626 3134 666 3193 ad
679 3132 898 3210 Antipatream,
915 3129 946 3190 in
961 3130 1102 3192 faucibus

118 3218 259 3292 angustis
275 3217 364 3277 sitam
377 3217 494 3293 urbem,
510 3218 602 3277 venit.
625 3232 662 3277 ac
673 3218 772 3293 primo
787 3221 935 3278 evocatos
945 3214 1102 3290 principes

120 3301 163 3362 ad
177 3301 372 3376 colloquium,
388 3308 423 3361 ut
435 3301 507 3361 fidei
520 3303 728 3362 Romanorum
743 3315 778 3361 se
789 3300 1017 3371 committerent,
1032 3312 1101 3374 per·

118 3385 214 3446 licere
234 3391 283 3445 est
304 3390 448 3458 conatus;
473 3385 585 3445 deinde
599 3383 652 3443 ubi
667 3383 925 3458 magnitudinem
940 3381 1102 3442 moenibus

119 3467 245 3544 situque
265 3467 350 3531 urbis
371 3466 438 3528 freti
459 3468 540 3528 dicta
560 3467 819 3544 aspernabantur,
844 3465 875 3525 vi
897 3471 989 3539 atque
1010 3460 1103 3521 arnus
