2600 4000
199 224 243 290 80
315 223 432 287 LIBER
444 222 562 283 XXXII.
585 220 669 281 cAP.
684 227 728 281 36.
743 228 786 283 36.
801 226 845 283 37.
868 227 906 293 [a.
921 226 958 279 U.
972 244 997 279 c.
1011 228 1076 294 555]

201 390 263 436 nou
277 372 423 443 reddere3
438 369 572 431 Achaeis
587 386 648 430 non
656 369 749 444 Argis
763 371 857 431 modo
867 370 925 431 scd
937 369 1027 431 attan
1035 372 1175 438 Corintho

200 472 370 519 cessurum.
406 454 481 517 nulli
496 452 631 514 omnium
644 454 768 529 placere
782 453 929 530 partium,
944 454 1057 530 quibus
1072 473 1176 521 cassu-

199 558 253 604 rus
268 549 320 601 aut
333 555 396 600 non
412 553 559 613 cosumus
575 545 675 610 essct,
698 535 877 598 destinatioa
898 540 970 613 plus
990 539 1073 601 cuim
1085 540 1176 604 amitti

199 625 230 685 in
251 624 291 686 iis
311 640 404 699 quam
424 620 557 698 acquiri3
579 637 637 682 nco
657 637 818 696 uunquam,
839 620 899 682 uisi
919 630 984 684 tota
996 624 1176 688 deduxisset
1277 686 1281 691 ,

200 707 328 769 Graecia
342 705 508 782 praesidia,
523 721 635 768 causas
650 704 849 767 ceramicum
863 706 980 768 deiore.
1105 769 1107 773 ,

281 792 415 853 XXXVI.
437 791 511 851 cum
530 789 608 850 hacc
628 796 695 850 toto
715 805 754 849 ex
772 788 903 851 conmho
919 790 1056 852 certatim
1070 808 1175 854 munes
1285 856 1296 884 1

200 875 450 948 vociferarentur,
466 874 506 933 ad
519 872 692 949 Philippum
706 889 832 949 quoque
845 874 956 949 procul
970 881 1102 937 stantem
1115 893 1176 937 vox

199 970 248 1022 cst
261 960 387 1035 perlata.
417 957 522 1033 itaque
533 955 699 1031 aQuincdo
710 956 795 1033 petit,
807 965 841 1018 ut
849 973 915 1017 rem
925 964 1019 1018 totam
1030 958 1061 1020 in
1072 968 1175 1034 poste-

198 1060 266 1104 rum
281 1044 362 1103 diem
376 1041 526 1111 differrem
541 1042 683 1117 proiecto
698 1046 751 1101 aut
763 1057 984 1117 personatuum
998 1058 1034 1103 sc
1044 1051 1098 1103 aut
1108 1060 1175 1118 per-

199 1125 323 1188 suaderi
338 1126 397 1188 sihi
410 1141 585 1202 passurum.
607 1124 678 1185 iitus
691 1126 730 1185 ad
741 1124 905 1186 Thronium
917 1125 1073 1200 colloquio
1084 1126 1175 1187 desti

180 1219 296 1272 natur.
328 1227 365 1271 eo
387 1219 504 1272 matura
518 1217 704 1271 conventum
718 1216 775 1270 est.
808 1209 850 1269 ibi
867 1205 1025 1285 Philippus
1046 1209 1175 1285 primum

199 1303 229 1357 et
243 1294 415 1370 Quinctium
429 1303 459 1356 et
474 1293 572 1355 omnis
597 1290 650 1368 qui
660 1293 789 1353 aderant
800 1308 921 1367 rogare,
935 1309 975 1353 ue
986 1309 1074 1368 spem
1087 1293 1174 1369 pacis

198 1380 321 1440 turbare
336 1379 457 1451 vehent,
473 1385 630 1454 postremo
643 1384 749 1453 petere
760 1384 891 1451 tempus
906 1393 968 1452 quo
980 1377 1098 1451 legatos
1110 1376 1175 1440 mih

199 1473 263 1524 tere
276 1464 406 1525 Romam
420 1463 460 1523 ad
476 1469 615 1523 senatum
629 1469 753 1536 possem
773 1468 826 1521 aut
838 1458 877 1521 iis
892 1459 1129 1522 condicionibus
1142 1478 1176 1522 sa
1264 1461 1266 1463 ’

199 1562 305 1625 pacem
320 1546 564 1623 imponatmum,
586 1553 638 1605 aut
657 1560 871 1620 quascumque
891 1552 1019 1607 senatum
1040 1544 1177 1606 dedisset

199 1634 283 1707 leges
297 1630 385 1707 pacis
400 1637 606 1706 accepturum.
641 1629 674 1688 id
689 1627 799 1690 ceteris
819 1628 1060 1705 haudquaquam
1074 1630 1176 1704 place
1294 1647 1295 1652 ¹

198 1717 265 1776 bat:
280 1731 341 1777 noc
353 1714 434 1776 enim
449 1713 533 1774 aiiud
547 1729 639 1790 quam
654 1727 770 1773 moram
791 1720 822 1773 et
842 1711 1021 1774 diladonem
1037 1713 1078 1773 ad
1092 1712 1175 1774 colli-

195 1799 315 1874 gendas
330 1798 413 1859 vires
429 1797 549 1873 quaeri:
572 1796 729 1871 Quinctius
750 1812 856 1857 verum
876 1795 910 1856 id
931 1798 1064 1858 futurum
1080 1795 1177 1858 fuisse

200 1883 310 1956 dicare,
326 1882 354 1941 si
368 1889 472 1941 acsias
482 1889 512 1941 et
522 1891 644 1956 tempus
655 1897 758 1941 rerum
768 1880 970 1954 gerendarum
983 1888 1083 1953 csset;
1095 1896 1177 1941 nunc

200 1965 298 2027 hieme
312 1964 446 2027 instante
460 1964 534 2026 nihii
550 1964 645 2026 amitti
659 1966 730 2026 dato
746 1964 847 2040 spatio
863 1965 903 2025 ad
923 1966 1043 2041 legatos
1058 1963 1176 2028 mitten·

200 2052 274 2111 dos=
287 2066 358 2111 uam
372 2064 477 2126 neque
490 2049 559 2111 sinc
568 2048 748 2111 auctoritate
763 2060 890 2110 senatus
900 2058 1000 2111 ratum
1011 2047 1177 2125 qucquam
1293 2046 1295 2133 i

198 2151 305 2197 eorum
320 2137 396 2209 iore,
412 2152 493 2211 quac
508 2151 577 2196 cum
591 2149 665 2210 ruge
678 2134 739 2210 ipsi
753 2133 954 2210 pepigissent,
970 2140 1002 2194 ct
1011 2131 1176 2209 explorari,
1294 2170 1295 2175 κ

198 2221 270 2281 dum
284 2220 367 2282 helio
382 2220 588 2280 necessariam
601 2218 735 2295 quietem
745 2218 815 2294 ipse
826 2217 925 2278 hiems
937 2217 1033 2288 durat,
1050 2223 1176 2278 senatus

197 2305 407 2365 auctoritatem
429 2319 534 2378 posse.
569 2303 601 2362 in
622 2303 703 2362 hanc
723 2300 905 2364 seutentiam
919 2309 951 2362 et
964 2300 1059 2362 ceteri
1074 2300 1175 2363 socio-

198 2401 264 2448 rum
288 2387 445 2462 principes
471 2394 707 2454 concesseruut3
732 2384 923 2461 indutiisque
942 2385 1022 2446 dau's
1043 2386 1074 2444 in
1095 2386 1176 2447 duos

197 2486 336 2543 menses,
363 2478 393 2529 et
417 2468 504 2544 ipsos
528 2468 649 2529 mittere
668 2470 807 2542 singulos
828 2471 948 2544 legatos
968 2469 1009 2529 ad
1035 2477 1177 2529 senatum

197 2553 404 2625 edocendum,
432 2567 473 2611 nc
492 2551 599 2611 haudc
622 2551 706 2627 regis
731 2561 907 2629 caperetur,
932 2551 1054 2628 placuit.
1087 2550 1176 2611 addi·
1294 2572 1295 2581 ¹

197 2644 259 2698 tum
283 2633 469 2696 indutiarum
496 2642 604 2710 pacto,
634 2643 668 2696 ut
691 2634 777 2710 nagia
801 2634 957 2713 praesidia
979 2632 1113 2697 Phocide
1137 2650 1176 2695 ac

196 2717 325 2780 Locride
346 2720 500 2793 extempio
522 2718 755 2781 deduceremur.
787 2728 818 2781 ct
835 2719 907 2795 ipsc
926 2718 1085 2794 Quinctius
1105 2735 1177 2781 eum

197 2802 352 2864 sociorum
379 2800 488 2877 iugatis
513 2804 748 2881 Amynandrum
769 2804 973 2864 Athamaniam
992 2820 1113 2878 regem,
1142 2810 1178 2864 ut

197 2885 333 2962 speciem
347 2884 492 2962 legationi
507 2887 651 2963 adiceret„
666 2895 698 2949 ct
711 2887 745 2962 9.
759 2886 886 2949 Fabium
900 2922 941 2934 -—
959 2888 1068 2949 uxoris
1083 2887 1176 2961 Quiu-

197 2966 247 3032 ctii
275 2970 392 3032 sororis
417 2970 500 3032 filius
527 2980 592 3033 crat
605 3004 650 3017 -·-
663 2979 694 3033 et
718 2970 752 3046 Q.
777 2969 918 3032 Fulvium
943 2978 975 3031 ct
999 2973 1060 3047 Ap.
1087 2972 1175 3032 cluu-

196 3053 278 3114 dium
293 3052 384 3115 misit.

278 3137 427 3200 XXXVII.
448 3138 488 3200 Ut
501 3145 626 3200 ventum
638 3139 768 3201 Romam
781 3147 846 3216 cst,
856 3139 943 3217 prius
959 3138 1116 3202 sociorum
1131 3138 1177 3198 le·
1293 3174 1296 3182 ‹

195 3219 256 3297 gaci
271 3238 362 3298 quam
376 3221 459 3298 regis
473 3220 569 3283 auditi
584 3229 664 3284 sunt.
675 3229 778 3285 cetera
788 3239 896 3287 corum
910 3223 1008 3287 oratio
1024 3219 1177 3286 conviciis

194 3304 277 3380 rogis
292 3314 474 3381 consumpta
488 3313 551 3367 cst:
566 3315 729 3368 munerum
741 3307 875 3371 maxime
889 3317 1032 3371 senatum
1045 3309 1176 3368 demon·
1294 3380 1295 3391 2

195 3389 321 3452 arando
335 3391 429 3452 mauis
442 3400 651 3468 tamaiumque
665 3390 805 3471 mm‘dais
815 3392 885 3454 cius
899 3392 1006 3466 situm,
1026 3400 1060 3453 ut
1075 3387 1176 3453 omni-

193 3475 251 3536 bus
266 3484 443 3552 appareret,
466 3474 493 3536 si
506 3475 730 3538 Detnctriadcm
751 3475 782 3535 in
795 3476 969 3552 Thessalia,
994 3473 1175 3537 Chalcidem
