2600 4000
269 222 384 284 LIBER
395 223 542 284 xxxvii.
566 226 647 285 CAP.
659 233 702 288 et.
714 233 758 287 35.
782 233 818 299 [a.
831 229 862 284 C.
877 234 939 300 190]
1033 228 1091 291 ‘291

113 383 215 440 casua
237 381 363 436 venerat
380 373 549 450 Byzantius
568 375 764 450 Heraclides,
793 375 832 435 de
852 392 930 451 pace
950 378 1093 440 adserens

114 458 272 529 mandatam
293 473 385 534 quam
399 458 619 533 impetrabilem
630 459 697 520 lore
708 474 848 534 magnam
859 460 887 519 ei
899 475 987 534 spem
998 464 1092 523 attulit

114 557 202 604 mora
222 548 252 602 et
271 541 422 602 canentia
436 541 660 616 Romanorum,
683 558 779 617 quos,
799 543 890 604 simul
904 544 1010 604 Asiam
1027 547 1091 606 atti-

115 625 249 701 gissent,
270 624 370 686 eliuso
391 623 513 701 minine
532 625 573 687 ad
587 630 688 686 castra
701 626 786 702 regia
799 627 897 688 ituros
912 626 1093 690 crediderat.

117 708 221 770 statuit
240 715 340 770 tamen
361 725 423 771 non
443 709 530 784 prius
548 710 707 772 consulem
721 710 807 772 adire
822 727 914 786 quam
927 710 960 771 P.
976 709 1092 788 Scipio-

116 807 201 863 nem;
223 791 309 854 etita
322 792 499 854 mandatum
508 792 547 853 ab
557 809 631 869 rege
642 801 717 854 erat
739 794 771 853 in
782 810 820 856 eo
831 795 995 855 maximam
1005 811 1093 872 spem

113 875 259 951 habebat,
281 882 495 952 praeterquam
516 877 602 952 quod
617 886 648 939 et
661 878 836 953 magnitudo
851 878 944 939 ammi
957 884 988 939 et
1002 880 1092 942 satie-

112 968 159 1021 tas
179 961 297 1035 gloriae
316 961 497 1037 placabilem
518 976 589 1022 eum
608 961 740 1024 maxime
759 962 904 1038 iaciebat,
926 970 1094 1039 notumque

112 1051 177 1108 erat
196 1044 354 1119 gentibus,
377 1045 430 1121 qui
451 1044 551 1107 victor
568 1045 619 1106 ille
639 1045 670 1105 in
684 1045 847 1122 Hispania,
868 1046 920 1120 qui
935 1046 1047 1107 deinde
1062 1045 1094 1122 in

112 1128 218 1192 Africa
237 1127 360 1204 luisset,
381 1128 471 1189 etiam
492 1130 576 1205 quod
593 1129 674 1190 lilius
689 1129 756 1192 eius
771 1138 878 1207 captus
893 1130 924 1190 in
939 1137 1093 1206 potestate

110 1213 193 1289 regis
208 1220 282 1276 erat.
309 1212 337 1274 is
352 1211 405 1274 ubi
419 1219 451 1274 et
464 1213 588 1289 qnando
603 1219 635 1275 et
648 1231 710 1290 quo
725 1229 802 1276 casu
816 1221 924 1290 captus
939 1213 992 1289 sit,
1014 1215 1093 1276 sicut

111 1299 261 1373 pleraque
276 1294 345 1369 alia,
362 1312 469 1372 parum
483 1297 561 1358 inter
574 1305 715 1361 auctores
728 1305 857 1360 constat.
878 1297 929 1358 alii
941 1297 1091 1374 principie

111 1381 192 1454 belli,
207 1379 379 1441 aChalcide
392 1379 503 1441 Oreum
517 1386 680 1458 petentem,
696 1382 935 1444 circumventum
950 1382 988 1444 ab
998 1382 1091 1459 regiis

113 1463 243 1525 navibus
264 1464 404 1535 tradunt3
426 1465 491 1537 alii,
513 1473 677 1543 postquam
697 1467 855 1529 transitum
868 1466 899 1526 in
913 1466 1020 1528 Asiam
1035 1477 1091 1527 est

113 1563 182 1609 eum
194 1553 291 1609 turma
301 1548 480 1623 Fregellana
489 1551 615 1612 missum
628 1551 821 1626 exploratum
832 1551 873 1611 ad
883 1549 969 1625 regia
979 1557 1088 1619 castra,

114 1632 213 1694 effuso
228 1632 350 1694 obviam
365 1632 583 1708 equitatorum
597 1634 847 1710 reciperetsese,
864 1633 895 1692 in
911 1648 948 1693 eo
963 1633 1089 1693 tumultu

114 1716 275 1792 delapsum
300 1732 339 1778 ex
360 1732 455 1794 equo,
482 1734 551 1780 cum
576 1718 698 1781 duobus
722 1716 876 1793 equitibus
897 1729 1092 1791 oppressum,

114 1800 156 1862 ita
168 1801 210 1863 ad
228 1816 333 1878 regem
354 1801 518 1864 deductum
538 1817 619 1863 esse.
651 1801 727 1861 illud
741 1800 817 1860 satis
832 1804 966 1873 constat,
987 1797 1016 1858 si
1029 1814 1091 1874 pax

113 1900 182 1945 enm
198 1886 314 1960 populo
329 1885 466 1946 Romano
485 1893 620 1944 maneret
632 1882 861 1957 hospitiumque
875 1882 1014 1956 privatim
1027 1883 1092 1956 rogi

113 1983 182 2030 oum
198 1967 395 2042 Scipionibus
410 1973 508 2039 esset,
529 1980 631 2042 neque
644 1964 800 2027 liberalius
816 1980 916 2042 neque
930 1964 1092 2042 benignius

112 2051 219 2113 baberi
239 2050 360 2124 colique
373 2049 614 2122 adolescentem,
637 2061 729 2124 quam
744 2051 843 2110 cultus
857 2055 919 2123 est,
942 2050 1092 2125 potuisse.

113 2134 154 2196 ob
167 2133 245 2195 baec
259 2148 329 2193 curn
342 2132 506 2194 adventum
519 2131 552 2191 P.
565 2131 718 2207 Scipionis
733 2133 852 2208 legatus
868 2139 1083 2208 exspectasset

114 2216 166 2278 ubi
181 2217 208 2278 is
222 2216 319 2290 venit,
341 2217 498 2277 consulem
510 2215 572 2276 adit
586 2216 737 2292 petitque,
759 2222 793 2276 ut
808 2216 949 2276 mandata
963 2215 1092 2276 audiret

6 2360 7 2365 ,
113 2301 233 2362 XXXV.
255 2298 406 2361 advocato
429 2299 579 2375 frequenti
594 2300 723 2361 oonsilio
738 2299 829 2375 legati
843 2298 939 2360 verbo
952 2304 1024 2360 sunt
1038 2314 1091 2359 au·

113 2385 184 2446 dita
213 2382 256 2458 is,
278 2383 380 2445 mullis
400 2392 470 2446 ante
491 2383 695 2459 legationibus
708 2384 895 2460 nequiquam
907 2382 986 2444 ultro
1001 2382 1089 2443 citro·

114 2482 175 2544 que
190 2468 229 2530 de
248 2465 460 2545 peremissis,
480 2484 550 2529 eam
563 2468 663 2544 ipsam
679 2468 821 2530 lldnciarn
836 2466 1017 2542 impetrandi
1031 2465 1090 2526 sib.

6 2570 7 2611 t
112 2567 184 2613 esse
199 2551 290 2626 dixit,
306 2553 392 2627 quod
406 2551 525 2629 priores
540 2553 630 2628 legati
644 2552 717 2612 nihil
732 2552 956 2626 impetrassent.
986 2548 1090 2628 Smyr-

112 2651 182 2696 nam
197 2636 277 2697 enim
291 2643 322 2696 et
335 2636 538 2711 Lampsacum
552 2644 582 2696 et
595 2635 813 2696 Alexandriam
824 2634 975 2696 Troadem
989 2640 1020 2694 et
1030 2633 1092 2709 Ly·

113 2718 291 2782 simachiam
302 2718 332 2777 in
342 2718 467 2794 Europa
477 2720 603 2780 iactatas
615 2718 645 2777 in
655 2719 714 2779 illis
725 2717 997 2793 disceptationibus
1010 2731 1092 2777 esse.

114 2817 243 2877 quarum
257 2800 453 2878 Lysimachia
471 2802 531 2862 iam
545 2801 682 2862 cessisse
695 2816 815 2875 regem,
836 2816 876 2860 ne
891 2799 964 2876 quid
978 2799 1093 2860 habere

114 2901 186 2947 cum
205 2884 236 2947 in
251 2884 376 2959 Europa
396 2884 548 2954 dicerent;
571 2899 624 2944 eas
645 2898 726 2960 quae
745 2883 776 2943 in
790 2884 866 2943 Asia
880 2883 941 2943 sint
955 2882 1093 2942 civitates

113 2968 238 3032 tradere
252 2975 390 3045 paratum
405 2983 485 3042 esse,
500 2975 531 3028 et
544 2967 570 3027 si
586 2983 665 3042 quas
680 2965 755 3027 alias
770 2965 908 3039 Romani,
924 2966 1009 3043 quod
1022 2980 1093 3026 sua-

115 3070 183 3115 rum
205 3052 334 3129 pardum
355 3052 481 3125 luerint,
504 3050 659 3112 vindicare
677 3050 718 3110 ab
735 3049 864 3126 imperio
885 3048 970 3123 regio
990 3046 1093 3108 velint.

115 3139 274 3213 impensae
287 3150 413 3212 quoque
426 3136 456 3196 in
467 3135 578 3196 bellam
590 3135 689 3196 iactae
699 3140 816 3209 partem
826 3131 980 3193 dimidiam
989 3145 1093 3207 regem

116 3228 338 3296 praestaturum
363 3220 479 3296 populo
507 3220 656 3280 Romano.
695 3217 755 3280 hae
780 3213 980 3279 condiciones
1008 3220 1094 3273 erant

114 3303 217 3381 pacis:
237 3304 357 3379 reliqua
370 3302 468 3367 oratio
484 3303 546 3378 init,
566 3310 600 3364 ut
612 3317 765 3364 memores
779 3316 881 3363 rerum
894 3298 1093 3359 humanarum

9 3400 10 3411 ²
113 3393 146 3448 et
159 3402 234 3447 suae
259 3386 399 3449 fortunae
423 3387 654 3447 moderarentur
679 3391 710 3445 et
728 3385 859 3445 ahenam
879 3398 919 3441 ne
938 3383 1091 3454 urgerent

114 3469 233 3533 inirent
243 3469 556 3546 Europaimperium3
578 3469 608 3528 id
625 3482 749 3544 quoque
763 3467 943 3607 immensum
959 3476 1046 3528 esse;
1062 3467 1092 3520 et

825 3559 837 3607 1
