2600 4000
198 217 257 283 tna
338 215 453 277 emsa
466 214 600 275 xxxru
623 214 818 277 careaco.
840 219 1033 288 [anemo]

194 367 409 433 aedificaverit.
442 366 516 444 quid
530 366 621 443 igitur
635 366 734 427 simile
748 381 835 440 csse,
851 382 890 427 ex
906 382 944 429 ea
957 367 1174 446 possessione,

193 456 235 517 ita
250 461 350 529 parta,
365 451 408 516 ita
420 457 616 526 recuperata,
632 450 744 511 deduci
757 450 957 525 Antiochum,
972 457 1002 512 et
1015 452 1177 514 Romanos

193 537 346 602 abstinere
359 534 450 606 Asia,
473 550 554 611 quae
574 549 740 610 numquam
761 549 867 595 eorum
880 535 992 596 luerit?
1010 534 1177 598 amicitiam

192 625 400 686 Romanorum
413 626 558 695 expetere
566 617 760 692 Antiochum,
775 618 833 679 sed
847 633 927 694 quae
937 618 1098 694 impetrata
1108 621 1176 696 glo·

192 708 256 768 riae
270 703 344 776 sibi,
360 719 423 766 non
437 702 550 779 pudori
563 700 612 763 sit
640 700 772 762 adhaec
786 701 944 777 Quinctius
958 703 1176 780 „quandoqui-
1296 684 1297 759 3

192 791 282 852 dem“
295 787 394 864 inquit
406 786 558 862 ‚honesta
570 802 748 862 pensamus,
767 786 847 847 sicut
861 793 914 846 aut
926 788 994 848 sola
1008 793 1062 849 aut
1075 787 1176 863 prima

193 880 275 935 certe
288 870 414 949 pensari
425 871 514 931 decet
525 868 656 946 principi
667 869 751 931 orbis
761 875 909 931 terrarum
918 871 1035 947 populo
1048 876 1079 931 et
1089 877 1176 945 tauto

192 958 267 1033 regi,
283 963 381 1016 utrum
394 954 518 1015 tandem
533 954 652 1016 videtur
665 952 834 1027 honestius,
855 953 968 1015 liberas
983 955 1063 1015 velle
1074 955 1177 1016 omnus

193 1054 273 1116 quae
292 1036 408 1113 nbiame
427 1042 500 1098 sunt
515 1037 660 1098 Graeciae
675 1037 775 1109 urbis,
796 1053 836 1098 an
850 1052 959 1099 servas
972 1044 1003 1099 et
1017 1037 1175 1114 vectigalis

194 1125 316 1183 laceret
337 1121 365 1182 si
380 1120 439 1181 sibi
452 1120 623 1183 Antiochus
638 1120 799 1197 pulchrum
813 1135 886 1182 esse
900 1128 1015 1196 censet,
1031 1137 1108 1197 quas
1122 1138 1175 1183 ur-

194 1208 249 1266 bes
265 1219 402 1280 proavus
417 1204 489 1264 belli
503 1205 569 1265 iure
582 1203 733 1278 hahuerit,
747 1220 825 1266 avus
840 1210 990 1281 paterque
1005 1221 1174 1282 numquam

196 1287 410 1364 usurpaverint
424 1303 481 1363 pro
497 1288 578 1362 suis,
599 1303 654 1348 eas
667 1294 807 1363 repetere
822 1288 853 1348 in
868 1289 1055 1364 servitutem,
1071 1298 1101 1350 et
1115 1305 1173 1364 po-

196 1374 285 1449 pulus
306 1372 464 1433 Romanus
489 1379 668 1447 susceptum
688 1372 892 1446 patrocinium
911 1372 1058 1433 libertatis
1081 1374 1175 1434 Grae-
1296 1344 1297 1385 ³

195 1472 300 1518 corum
314 1470 377 1516 non
391 1455 536 1518 deserere
550 1455 622 1514 ildei
637 1456 890 1533 constantiaeque
904 1471 981 1517 suae
995 1457 1079 1518 ducit
1091 1472 1175 1517 esse.
1296 1470 1297 1483 ¹

195 1540 274 1603 sicut
294 1557 313 1600 a
330 1539 473 1615 Philippo
495 1538 653 1599 Graeciam
673 1537 826 1614 liberavit,
849 1540 891 1601 ita
911 1547 942 1600 et
961 1540 1000 1600 ab
1019 1540 1174 1602 Antiocho

196 1626 328 1687 Graecas
342 1623 437 1684 Asiae
451 1622 543 1683 urbes
558 1621 688 1682 liberare
702 1621 732 1682 in
745 1622 845 1685 animo
857 1622 958 1684 habet.
982 1624 1174 1700 nequeenim

195 1709 225 1768 in
246 1707 406 1769 Aeolidem
430 1707 608 1781 Ioniamque
636 1705 776 1767 coloniae
800 1707 831 1766 in
857 1708 1034 1768 servitutem
1057 1707 1173 1784 regiam

195 1793 307 1852 missae
328 1798 413 1865 sunt,
431 1792 488 1852 sed
503 1790 607 1865 stirpis
622 1790 782 1865 augendae
797 1805 891 1853 causa
911 1791 1075 1868 gentisque
1090 1797 1169 1852 vetu-

196 1876 349 1939 stissimae
363 1889 419 1950 per
433 1874 539 1935 orbem
559 1881 707 1934 terrarum
724 1875 974 1951 propagandae.“
1007 1875 1082 1937 LIX.
1105 1890 1177 1936 cum

198 1957 361 2020 haesitaret
379 1956 589 2033 Hegesianax,
615 1972 673 2019 nec
697 1956 819 2020 infitiari
839 1966 947 2036 posset
967 1958 1174 2022 honestiorem

196 2057 320 2104 causam
339 2042 485 2103 libertatis
508 2058 599 2119 quam
620 2042 776 2104 servitutis
797 2043 934 2120 praetexi
954 2043 1057 2118 titulo,
1080 2045 1177 2120 „quin

196 2126 337 2189 mittimus
363 2126 549 2203 ambagest“
580 2127 679 2203 inquit
698 2127 730 2186 P.
753 2126 923 2204 Sulpicius,
950 2128 1003 2204 qui
1023 2128 1176 2189 maximus

196 2217 268 2274 natu
283 2226 322 2272 cx
337 2212 444 2272 decem
457 2212 566 2287 legatis
581 2219 655 2272 erat.
675 2213 821 2286 „alteram
835 2227 874 2272 ex
886 2210 1007 2273 duabus
1019 2211 1177 2274 condicio-

197 2295 302 2370 nibus,
323 2310 403 2372 quae
424 2295 517 2357 modo
539 2296 653 2357 diserte
673 2294 844 2369 aQuinctio
864 2296 943 2357 latae
963 2304 1048 2371 sunt,
1068 2294 1176 2372 legitez

196 2387 248 2442 aut
268 2379 471 2455 supersedete
491 2378 531 2438 de
551 2377 684 2438 amicitia
704 2382 827 2453 agere.“
861 2394 940 2454 „nos
960 2384 1057 2442 vero“
1077 2379 1177 2455 inquit

196 2464 358 2538 Menippus
372 2476 451 2536 „nec
463 2462 607 2521 volumus
622 2475 680 2521 nec
692 2476 860 2536 possumus
872 2462 989 2539 pacisci
1002 2462 1176 2540 quicquam,

196 2562 258 2620 quo
272 2559 399 2618 regnum
413 2542 556 2605 Antiochi
570 2543 752 2606 minuatur.“

277 2627 405 2688 Postero
426 2627 476 2688 die
492 2626 648 2701 Quinctius
664 2630 834 2705 legationes
848 2630 1011 2692 universas
1028 2630 1176 2691 Graeciae

195 2711 351 2787 Asiaeque
372 2726 440 2771 cum
461 2711 492 2772 in
507 2719 647 2774 senatum
661 2713 896 2788 introduxisset,
917 2723 951 2776 ut
964 2714 1079 2776 scirent
1093 2713 1175 2789 quali

196 2794 295 2856 animo
317 2796 451 2870 populus
465 2797 638 2873 Romanus,
660 2798 742 2874 quali
755 2797 926 2859 Antiochus
947 2813 1021 2875 erga
1036 2798 1175 2859 civitates

196 2878 341 2941 Graeciae
361 2888 481 2956 essent,
504 2883 658 2958 postulata
676 2888 707 2943 et
725 2881 808 2958 regls
829 2887 860 2943 et
873 2898 932 2944 sua
945 2882 1100 2958 exposuit.
1127 2896 1175 2941 re

195 2962 366 3025 nuntiarent
377 2964 548 3027 civitatibus
560 2966 625 3027 suis
638 2966 787 3043 populum
798 2965 978 3040 Romanum,
991 2983 1054 3043 qua
1064 2966 1176 3026 virtute

196 3061 318 3123 quaque
333 3047 394 3109 fldc
408 3049 575 3111 libertatem
590 3065 696 3111 eorum
712 3048 884 3125 aPhilippo
899 3048 1109 3125 vindicaverit,
1124 3064 1174 3109 ea·

194 3130 264 3190 dem
289 3131 327 3191 ab
348 3132 516 3208 Antiocho,
541 3133 600 3193 nisi
624 3134 756 3194 decedat
773 3132 914 3209 Europa,
940 3133 1174 3206 vindicaturum.

193 3220 256 3274 tum
267 3213 432 3292 Menippus
444 3216 603 3292 deprecari
617 3225 647 3277 et
658 3216 829 3291 Quinctium
844 3223 876 3277 et
889 3225 993 3293 patres
1005 3215 1121 3292 institit,
1135 3230 1176 3275 ne

194 3298 374 3360 festinarent
392 3299 559 3362 decernere
581 3317 643 3377 quo
658 3302 781 3363 decreto
797 3301 944 3361 turbatmi
959 3301 1066 3363 orbem
1079 3307 1176 3361 terra·

194 3397 261 3441 rum
281 3388 394 3444 essent.
427 3390 548 3460 tempus
569 3393 600 3445 et
619 3383 678 3446 sibi
693 3390 848 3445 sumerent
861 3391 891 3445 et
903 3385 969 3460 regi
984 3385 1025 3444 ad
1039 3384 1175 3458 cogimn·
1295 3427 1297 3456 ,

196 3464 267 3525 dum
288 3466 403 3526 darent.
437 3468 653 3542 cogitaturum,
675 3482 745 3531 cum
764 3466 954 3526 renuntiatae
974 3467 1176 3529 condiciones
1295 3523 1297 3546 ,
