2600 4000
222 278 766 353 hibltllxxllvll.cAP.1a.1l.1e.
790 285 870 352 [ac.
883 289 949 352 19⁰1
1005 279 1067 343 273

94 433 216 509 agmine
232 432 312 502 iere;
334 432 420 503 rude,
443 447 511 493 cum
526 448 564 492 ea
577 432 647 508 ipsa
662 432 813 506 suspicio,
834 448 873 490 ne
888 432 956 507 quis
971 435 1068 495 exiret

94 514 300 590 deterruisset,
314 515 470 576 redierunt
481 515 520 575 ad
532 530 645 585 naves;
668 522 699 575 et
711 522 792 575 terra
803 514 939 590 marique
950 517 1065 591 lugien-

93 600 174 661 tibus
190 604 342 660 certamen
356 598 495 659 hostibus
507 595 639 671 Samum,
655 597 737 657 unde
751 604 884 672 venerat
898 599 1008 659 classis
1018 615 1067 660 re·

92 683 175 759 petit.
196 682 268 743 inde
282 683 360 742 duas
372 681 524 743 socierum
536 697 574 742 ex
585 681 679 754 ltalia,
693 681 770 741 duas
781 680 918 742 Rhodias
929 682 1066 744 triremes

92 781 161 828 oum
183 766 337 841 praelecto
357 763 500 840 Epicrate
519 764 639 825 Rhodie
665 765 832 824 adlectum
855 764 1066 840 Cephallaniae

6 923 7 926 Ἴ
91 849 237 912 tuendum
263 856 385 923 praeter
404 848 493 910 misit.
523 847 666 909 infestum
685 847 717 908 id
736 848 894 908 latrocinio
913 849 1064 910 Lacedae·

6 951 7 1000 l
90 932 212 994 menius
233 932 395 1011 Hybristas
423 947 491 992 cum
517 930 671 993 iuventute
692 930 907 1006 Cephallenum
928 932 1066 1007 iaciebat,

91 1017 292 1091 clausumque
305 1015 365 1076 iam
379 1030 463 1075 mare
477 1015 694 1077 commeatibus
708 1014 818 1075 italicis
834 1022 907 1076 erat

173 1100 253 1159 xlv.
280 1099 397 1159 Piraeei
418 1099 451 1160 L.
466 1097 595 1158 Aemilio
613 1099 731 1173 Regillo
755 1099 932 1158 succedenti
953 1099 993 1159 ad
1012 1115 1064 1158 na-

89 1183 160 1243 vale
179 1182 340 1258 imperium
353 1182 512 1258 Epicrates
528 1180 675 1251 occurrit;
698 1180 751 1256 qui
763 1181 867 1242 audita
882 1182 969 1242 clade
983 1182 1064 1243 Rhe-

89 1266 225 1340 diorum,
251 1281 321 1328 cum
345 1266 414 1341 ipse
438 1266 515 1326 duas
535 1270 650 1326 tantum
672 1264 909 1340 quinqueremes
929 1264 1063 1342 haberet,

87 1348 262 1424 Epicratem
276 1364 345 1410 cum
359 1354 499 1425 quattuor
513 1348 643 1409 navibus
657 1346 687 1408 in
698 1349 803 1409 Asiam
818 1363 922 1409 secum
933 1348 1063 1410 reduxit.

87 1438 274 1509 prosecutae
293 1433 384 1492 etiam
404 1437 529 1507 apertae
542 1430 773 1492 Atheniensium
793 1448 888 1492 naves
904 1439 983 1492 sunt.
1003 1433 1063 1493 Ae-

87 1530 167 1592 gaeo
188 1515 263 1576 mari
283 1514 401 1577 traiecit
419 1514 533 1576 Chium.
570 1515 678 1575 eodem
697 1515 910 1576 Timasicrates
924 1515 1063 1577 Rhodius

88 1615 158 1660 cum
184 1599 302 1660 duabus
330 1598 572 1675 quadriremibus
592 1598 632 1658 ab
654 1598 746 1661 Samo
771 1606 862 1660 nocte
882 1599 1064 1672 intempesta

86 1682 186 1756 veuit,
207 1682 420 1758 deductusque
439 1682 480 1743 ad
491 1682 654 1743 Aemilium
674 1682 820 1757 praesidii
835 1697 930 1742 eausa
943 1695 978 1739 se
992 1680 1063 1741 mis-

88 1781 158 1826 sum
178 1765 234 1839 uit,
256 1766 340 1843 qucd
354 1783 422 1827 eam
438 1782 522 1828 eram
536 1766 629 1826 maris
642 1766 784 1826 infestam
799 1763 947 1824 onerariis
961 1763 1063 1837 regiae

87 1864 184 1910 naves
198 1849 431 1911 excursionibus
446 1850 616 1911 crebrisab
629 1849 828 1921 Hellesponto
843 1852 936 1922 atque
949 1845 1063 1925 Abydo

87 1934 232 1993 iacerent.
257 1933 406 1993 traicienti
421 1932 550 1993 Aemilio
566 1947 585 1990 a
598 1929 672 1991 Chio
687 1928 810 1990 Samum
831 1931 912 1991 duae
925 1929 1064 1991 Rhodiae

87 2016 298 2092 quadriremes
309 2015 423 2076 missae
435 2015 556 2074 obviam
567 2015 605 2074 ab
616 2013 712 2086 Livio,
724 2020 754 2073 et
763 2029 819 2073 rex
829 2015 982 2075 Eumenes
995 2029 1063 2076 oum

87 2098 208 2159 duabus
226 2096 496 2173 quinqueremibus
512 2097 652 2157 occurrit.
676 2095 801 2157 Samum
815 2105 978 2174 postquam
989 2115 1061 2158 ven-

86 2188 150 2242 tum
164 2186 227 2252 est,
242 2186 370 2254 accepta
384 2178 423 2238 ab
436 2179 522 2239 Livio
538 2180 640 2240 classe
654 2186 685 2240 et
698 2179 865 2254 saerifldo,
885 2188 919 2241 ut
932 2180 1061 2257 adsolet,

6 2326 7 2339 χ
86 2264 145 2324 rite
164 2263 245 2323 iacto
259 2262 408 2323 Aemilius
423 2262 583 2325 eonsilium
599 2261 770 2323 advocavit.
802 2264 844 2325 ibi
860 2262 891 2323 0.
905 2263 1010 2323 Livius
1020 2296 1063 2310 -

6 2350 7 2419 l
86 2348 115 2406 is
130 2346 210 2406 enim
230 2353 279 2407 est
298 2347 415 2422 primus
435 2353 560 2421 regatus
577 2346 972 2408 seutentiam-nemiuem
987 2346 1062 2407 flde-

6 2428 7 2499 ]
85 2430 145 2491 lius
160 2430 234 2491 dare
248 2445 344 2509 pesse
364 2430 522 2492 consilium
543 2428 620 2491 dixit
640 2446 733 2507 quarn
756 2445 840 2505 eum,
865 2429 917 2506 qui
932 2430 962 2490 id
978 2430 1062 2491 alteri

85 2514 238 2589 suaderet,
251 2515 336 2590 quod
346 2514 423 2590 ipse,
436 2514 504 2575 siin
516 2514 706 2575 eedemlece
717 2515 953 2588 essetiaoturus
964 2514 1062 2576 luerit

85 2613 122 2658 se
135 2598 165 2658 iu
180 2598 280 2659 animo
295 2597 442 2659 habuisse
455 2605 519 2660 teta
533 2599 635 2659 classe
644 2597 800 2673 Ephesum
812 2606 927 2673 petere,
944 2603 975 2658 et
989 2613 1060 2660 one·

12 2684 21 2699 ‘
83 2681 182 2742 rarius
198 2681 311 2741 ducere
324 2682 417 2743 multa
432 2681 561 2743 saburra
573 2688 731 2756 gravatas,
747 2688 839 2756 atque
854 2697 907 2742 eas
922 2681 952 2741 in
968 2682 1062 2743 lauci-

84 2765 143 2824 bus
158 2770 266 2839 pertus
281 2764 480 2839 supprimere.
512 2770 544 2823 et
556 2778 594 2824 ee
608 2764 735 2825 minoris
748 2764 913 2826 molimenti
927 2779 965 2826 ea
980 2767 1060 2827 clau·

84 2852 150 2907 stra
169 2860 256 2920 esse,
279 2846 364 2922 qued
385 2847 415 2906 in
430 2845 563 2907 fluminis
577 2848 701 2908 modum
715 2848 840 2923 lengum
856 2854 887 2908 et
899 2855 1060 2923 angustum

82 2936 115 2990 et
134 2928 286 2991 vadosum
310 2930 420 2991 ostium
440 2936 547 3006 pertus
568 2930 616 2991 sit.
652 2930 694 2991 ita
714 2930 924 3005 adempturum
944 2947 979 2991 se
998 2948 1062 2992 ma-

82 3013 127 3074 ris
147 3029 237 3075 usum
257 3011 397 3075 hostibus
420 3013 517 3074 luisse
536 3012 735 3088 inutilemque
755 3014 885 3074 classem
901 3014 1059 3076 iacturum

84 3097 148 3158 XV.
176 3096 251 3158 nulli
270 3112 309 3158 ea
329 3098 452 3173 plaeere
471 3097 631 3158 sententia.
662 3097 816 3158 Eumenes
829 3112 886 3157 rex
900 3098 1060 3175 quaesivit,

83 3178 159 3254 quid
179 3180 323 3242 undena
351 3181 404 3242 ubi
425 3180 574 3243 demersis
595 3180 726 3243 cambus
742 3182 915 3243 frenassent
929 3183 1062 3244 claustra

84 3262 191 3338 maris,
213 3269 313 3326 uuum
329 3264 426 3325 libera
440 3281 498 3326 sua
512 3266 614 3327 classe
628 3264 805 3327 abscessuri
819 3264 892 3326 inde
906 3266 1007 3327 iurent
1020 3266 1061 3327 ad

82 3358 175 3420 opem
189 3347 345 3408 terendam
360 3348 454 3411 sociis
468 3356 679 3425 terroremque
688 3349 829 3411 hostibus
840 3349 1059 3425 praebendum,

82 3443 123 3489 au
137 3427 230 3489 nilrlle
251 3432 351 3492 minus
372 3439 435 3494 tota
449 3434 552 3495 classe
566 3439 688 3508 porarm
701 3433 882 3497 obsessuril
900 3432 967 3492 sive
980 3432 1060 3495 enim

81 3510 260 3586 abscedant,
274 3514 323 3574 cui
333 3515 458 3657 elluybium
469 3531 551 3576 esse
563 3516 636 3590 quin
648 3515 755 3577 hostes
766 3514 929 3579 extracturi
942 3514 1060 3575 demer-

126 3611 152 3653 τ.
167 3609 229 3653 urv1
245 3611 321 3661 rans
382 3640 391 3655 .
825 3604 857 3658 18
