2600 4000
206 254 268 319 rae
350 256 465 317 crana
479 256 599 316 xxxv.
622 255 706 316 oar.
721 263 827 319 aaa
850 256 884 333 [ι.
898 261 1043 328 nano]

203 406 289 467 vario
309 411 409 466 tamen
431 411 544 466 eventu
564 420 623 464 nec
642 405 711 464 sine
731 404 857 466 militum
877 404 992 467 Iactura
1007 412 1079 467 sunt
1093 408 1182 469 laetu.

204 489 336 551 maiores
351 495 457 564 gestae
467 503 518 549 res
530 503 550 548 a
560 487 600 547 ll.
611 487 729 549 Fulvio.
751 489 779 549 is
792 489 875 564 apud
885 488 1023 551 Toletum
1034 491 1182 566 oppidum

205 590 274 635 cum
288 573 439 633 Vaccaeis
453 571 708 648 vectonibusque
727 579 758 632 et
771 572 930 634 celtiberis
951 573 1047 648 signis
1063 575 1182 636 collatis

204 657 371 731 dimicavit,
387 656 553 717 exercitum
568 671 674 716 earnm
688 654 823 731 gentium
837 656 915 718 ludit
928 656 1105 730 mgavitune
1134 673 1183 719 re

203 758 273 817 gem
286 742 443 803 Hilernum
456 740 560 801 vivum
575 740 665 815 cepit.

288 825 369 886 VIII.
391 823 465 884 cum
479 822 556 884 haec
570 823 601 883 ln
615 823 764 898 Hispania
777 824 975 899 gerebantur,
992 823 1181 886 comitiorum

203 910 262 970 iam
279 907 443 986 appetebat
456 906 533 967 dies.
555 908 659 982 itaque
672 908 706 967 L.
722 906 879 968 Cornelius
895 908 1005 969 consul
1020 908 1126 970 relicto
1141 909 1181 969 ad

203 993 369 1054 exercitum
381 990 422 1050 tt.
438 989 565 1051 claudio
586 992 686 1066 legato
706 992 835 1052 Romam
855 991 947 1052 venit.
975 990 1003 1052 is
1023 992 1054 1052 in
1075 997 1182 1054 senatu

203 1093 272 1138 cum
289 1077 328 1136 de
340 1075 434 1136 rebus
449 1074 488 1134 ab
502 1089 538 1134 se
551 1075 647 1151 gestis
660 1076 866 1150 disseruisset,
882 1090 1009 1151 quoque
1020 1082 1101 1138 statu
1111 1092 1182 1152 pro·

203 1160 303 1219 vincia
317 1165 415 1232 esset,
438 1166 566 1234 questus
581 1165 629 1220 est
642 1176 711 1221 eum
725 1159 863 1236 patribus
878 1159 1077 1236 conscripIIs,
1098 1160 1180 1236 quod

203 1249 286 1304 tanto
301 1241 381 1302 bello
396 1258 458 1303 una
473 1243 610 1304 secunda
630 1259 734 1319 pugna
749 1251 811 1304 tam
825 1244 952 1304 feliciter
965 1244 1103 1318 perlecto
1119 1260 1181 1305 non

203 1333 287 1388 esset
300 1322 421 1387 habitus
437 1326 496 1386 diis
511 1327 732 1389 immortalibus
747 1328 857 1389 honos.
880 1328 1047 1403 postulavit
1061 1327 1181 1403 deinde,

204 1410 456 1486 supplicationem
477 1410 567 1471 simul
585 1411 835 1488 triumphumque
854 1412 1064 1473 decernerent
1096 1410 1181 1487 prius

203 1502 303 1555 tamen
319 1509 409 1569 quam
423 1494 530 1555 relatio
545 1495 646 1570 fieret,
668 1495 701 1570 Q.
716 1495 871 1567 Metellus,
895 1494 948 1571 qui
963 1496 1073 1557 consul
1087 1496 1181 1557 dicta·

204 1588 313 1656 torque
327 1579 434 1653 luerat,
452 1578 567 1639 litteras
583 1578 693 1639 eodem
707 1586 846 1655 tempore
861 1579 937 1640 dixit
951 1586 981 1640 et
995 1579 1133 1642 consulis
1147 1579 1181 1640 L.

203 1662 334 1724 Cornelii
354 1662 394 1722 ad
415 1668 554 1724 senatum
573 1668 605 1723 et
623 1662 664 1722 M.
684 1662 820 1724 Marcelli
841 1664 882 1723 ad
901 1678 1042 1738 magnam
1066 1669 1182 1739 partem

203 1754 379 1810 senatorum
393 1747 511 1807 adlatas
526 1761 598 1808 esse
611 1746 691 1807 inter
704 1761 741 1807 se
751 1747 931 1823 pugnantis3
947 1763 1048 1822 eoque
1059 1747 1181 1809 dilatam

203 1846 275 1891 esse
295 1831 562 1904 consultationem,
588 1837 622 1892 ut
641 1830 855 1906 praesentibus
881 1832 1057 1893 auctoribus
1078 1846 1180 1894 earum

203 1915 367 1974 litterarum
382 1914 613 1989 disceptaretur.
636 1915 740 1991 itaque
754 1920 958 1990 exspectasse
970 1930 1050 1990 sese,
1066 1921 1099 1975 ut
1109 1930 1181 1976 con·

204 1999 261 2072 sul,
277 1997 329 2072 qui
343 1996 435 2058 sciret
449 1997 488 2059 ab
502 2001 602 2075 legato
617 2016 675 2062 suo
691 2001 842 2061 adversus
853 1999 1047 2075 suscriptum
1057 1997 1182 2074 aliquid,

204 2097 273 2141 cum
287 2081 347 2157 Ipsi
361 2081 545 2143 veniendum
560 2089 652 2157 esset,
669 2084 836 2145 deduceret
846 2099 916 2144 eum
929 2099 1034 2145 secum
1044 2085 1181 2158 Romam,

204 2181 272 2227 cum
293 2164 384 2227 etiam
406 2169 508 2229 verIus
529 2176 612 2229 esset
625 2167 668 2228 li.
685 2166 867 2244 Sempronio
884 2167 1043 2243 imperium
1058 2163 1183 2228 habenti

202 2250 280 2310 tradi
301 2250 466 2312 exercitum
487 2268 579 2327 quam
601 2253 711 2327 legato.
746 2268 827 2313 nunc
845 2251 944 2312 videri
964 2267 1036 2312 esse
1050 2258 1184 2313 ameum

202 2335 241 2395 de
259 2335 408 2397 industria
423 2337 474 2411 qui
490 2350 527 2395 ea
542 2351 622 2412 qnae
637 2336 816 2411 scripsisset
827 2351 976 2411 praesens
988 2336 1118 2405 diceret;
1134 2350 1183 2394 ar·

202 2433 296 2492 gnere
311 2434 424 2492 coram,
439 2426 472 2478 et
484 2417 511 2476 sl
527 2419 601 2492 quid
611 2419 682 2477 vani
694 2419 834 2494 adferret,
846 2419 937 2495 'argui
948 2426 1064 2496 posset,
1081 2419 1184 2480 donec

202 2501 242 2561 ad
262 2501 411 2576 liquidum
428 2500 541 2560 veritas
563 2498 723 2576 explorata
743 2505 835 2564 esset.
868 2504 972 2579 itaque
986 2502 1059 2563 nihil
1075 2518 1200 2564 eorum*

203 2598 282 2658 quae
303 2582 474 2658 postularet
487 2585 610 2655 consul,
632 2583 858 2647 decernendum
873 2586 905 2646 in
920 2586 1096 2662 praesentia
1110 2600 1181 2646 oen-
1293 2637 1294 2658 ,

201 2680 281 2726 sere.
310 2677 380 2725 eum
393 2672 535 2740 pergeret
548 2666 642 2728 nihilo
657 2669 783 2743 segnius
797 2672 927 2745 relerre,
949 2677 983 2731 ut
996 2670 1182 2746 supplicatio

201 2750 418 2810 denumeratur
429 2748 687 2828 trIumphanquua
701 2753 760 2813 sibi
773 2754 881 2815 urbem
894 2752 998 2815 invehi
1011 2754 1125 2827 liceret,
1140 2752 1182 2814 Μ.

199 2840 232 2894 et
247 2831 278 2892 C.
293 2832 392 2893 litinii
411 2831 522 2895 tribuni
543 2835 644 2913 plebis
665 2852 701 2898 se
721 2837 963 2915 intercessuros,
985 2839 1013 2898 si
1035 2838 1075 2898 de
1096 2852 1134 2897 ca
1147 2852 1182 2896 re

200 2917 289 2978 fleret
302 2925 428 2994 senatus
442 2922 625 2996 consultum,
641 2920 793 2983 dixerunt.

264 3002 335 3066 IX.
365 3002 516 3066 Censores
537 3011 625 3066 erant
642 3006 751 3081 prime
767 3022 847 3069 anno
871 3006 964 3067 creati
986 3004 1059 3067 Sex.
1073 3004 1182 3065 Aelius

143 3144 148 3154 ,
201 3084 311 3146 Paetus
327 3093 357 3148 et
374 3086 405 3147 C.
422 3087 579 3150 cornelius
594 3088 756 3165 Cethegus.
790 3089 949 3167 cornelius
964 3092 1095 3151 lustnnn
1109 3103 1183 3148 eon·

201 3167 285 3231 didit.
313 3185 408 3232 censa
428 3177 500 3233 sunt
519 3172 630 3233 civium
651 3173 752 3248 capita
771 3182 891 3236 centum
906 3173 1109 3250 quadraginta
1125 3173 1183 3232 trla

168 3303 173 3308 .
200 3249 283 3314 milia
304 3254 497 3334 septingenta
517 3261 668 3331 quattuor.
699 3272 799 3333 aquae
814 3259 952 3334 Ingentes
967 3272 1006 3319 eo
1020 3273 1102 3318 anno
1116 3256 1182 3318 lue·

201 3345 284 3413 runt,
302 3345 333 3399 et
344 3337 461 3399 liberis
475 3339 545 3399 loca
558 3341 653 3415 plana
665 3340 750 3402 urbis
765 3341 930 3404 inundavit.
965 3343 1047 3404 circa
1061 3346 1181 3418 portam

202 3420 429 3483 Flumentanam
457 3423 546 3483 etiam
570 3425 710 3500 collapsa
733 3426 885 3501 quaedam
908 3426 1006 3489 ruinis
1032 3432 1119 3496 sunt;
1152 3439 1184 3485 et
1285 3425 1290 3434 '

203 3506 526 3579 pormcoclimontana
536 3507 661 3568 fulmine
670 3506 732 3570 Icta
742 3516 798 3584 est,
806 3525 976 3586 murusque
987 3510 1069 3571 circa
1079 3507 1184 3569 multis
