2600 4000
271 223 387 285 LIBER
400 224 534 285 xxxiv.
559 223 933 300 cantorumque]
1025 223 1087 291 lte

184 376 246 437 XL.
276 374 438 451 Quinctius
460 376 530 450 plus
554 389 594 434 ex
614 374 723 435 timore
745 373 878 436 hostium
894 392 985 452 quam
999 392 1087 439 exre

99 463 171 541 ipsa
192 459 262 538 spei
283 465 409 534 nactus,
432 458 642 534 pertriduum
663 457 832 532 insequens
856 459 1002 522 territavit
1021 476 1086 532 eos,

100 560 183 608 nuuc
203 543 329 620 proeliis
352 544 553 618 lacessendo,
574 557 656 603 nuuc
677 541 824 617 operibus
838 542 1086 619 intersaepiendo

101 628 264 707 quaedum,
275 642 318 691 nc
333 626 435 689 exitus
449 627 488 688 ad
503 627 608 702 lugam
622 632 716 687 esset
739 625 787 687 his
802 625 1087 689 comminationibus

101 713 282 788 compulsus
302 717 452 790 tyrannus
467 710 676 789 Pythagoram
696 725 806 772 rursus
822 716 975 772 oratorem
989 710 1087 783 misit3

102 811 195 874 quem
209 794 366 871 Quinctius
381 796 479 871 primo
496 800 682 870 aspernatus
697 792 850 855 excedere
865 795 974 856 castris
989 795 1090 868 iussit,

102 880 174 941 dein
194 879 374 956 suppliciter
394 885 532 941 orantem
554 877 796 955 advolutumque
816 878 945 954 genibus
964 879 1088 941 modern

101 963 227 1026 audivit
257 962 357 1039 prima
371 963 469 1024 oratic
484 963 540 1025 luit
554 962 657 1023 omnia
671 961 871 1038 permittentis
886 963 1011 1025 arbitrio
1025 963 1087 1027 Ro·

101 1050 278 1110 manorum:
300 1046 371 1108 dein
394 1063 463 1109 curn
485 1062 524 1108 ea
542 1047 627 1109 velut
646 1062 728 1107 vana
748 1052 778 1108 et
799 1047 867 1107 siae
887 1045 999 1110 effectu
1013 1049 1087 1110 nihil

102 1131 298 1209 proficerent,
314 1146 352 1192 eo
368 1131 502 1194 deducta
518 1137 566 1192 est
575 1146 636 1206 res,
651 1138 685 1192 ut
695 1130 733 1192 iis
746 1130 991 1209 condicionibus,
1007 1148 1087 1211 quae

103 1232 143 1278 ex
162 1216 279 1293 scripto
299 1215 409 1290 paucis
431 1222 501 1277 ante
516 1214 626 1276 debus
642 1215 743 1276 editae
758 1221 859 1291 erant,
882 1215 1019 1279 indutiae
1033 1218 1087 1278 fie-

102 1308 186 1373 rent3
208 1299 403 1376 pecuniaque
418 1307 449 1362 et
463 1298 590 1361 obsides
606 1300 735 1376 accepti.
948 1340 950 1343 -

187 1386 267 1447 Dum
281 1389 477 1459 oppugnatur
486 1389 647 1462 tyrannus,
663 1383 771 1460 Argivi
783 1381 897 1445 nuntiis
909 1385 977 1445 aliis
989 1400 1087 1461 prope

104 1484 199 1545 super
215 1469 292 1529 alios
310 1468 518 1529 adferentibus
530 1474 646 1531 tantum
656 1485 719 1530 non
729 1467 790 1529 iam
802 1473 923 1543 captam
932 1468 1086 1531 Lacedae·

105 1568 226 1615 monem
240 1567 312 1613 esse
326 1552 419 1614 erecti
434 1558 464 1613 et
477 1551 547 1629 ipsi,
563 1553 653 1614 simul
665 1568 703 1613 eo
716 1553 801 1628 quod
811 1551 1004 1630 Pythagoras
1017 1568 1087 1614 cum

106 1643 193 1712 parte
213 1636 401 1698 validissima
420 1636 568 1713 praesidii
589 1643 776 1708 excesserat,
793 1641 967 1710 contempta
981 1636 1086 1711 pauci-

104 1727 167 1782 tate
178 1735 291 1795 eorum,
303 1721 355 1797 qui
365 1720 396 1781 in
407 1737 480 1783 arce
491 1722 673 1796 erautduce
679 1718 840 1795 Archippo
853 1718 986 1796 quodam
996 1734 1086 1793 prae·

105 1804 216 1866 sidium
237 1807 435 1882 expluerunt3
462 1807 664 1868 Timocratem
683 1805 908 1876 Pellenensem,
933 1802 1005 1879 quia
1026 1804 1084 1863 cle·

104 1894 221 1950 menter
231 1890 415 1965 praefuerat,
422 1889 526 1950 vivum
537 1887 599 1949 fide
605 1890 678 1950 data
684 1888 859 1949 emiserunt
874 1886 945 1948 huic
956 1885 1087 1949 laetitiae

105 1971 262 2048 Quinctius
284 1971 463 2049 supervenit
481 1987 560 2048 paee
580 1973 651 2033 data
665 1980 812 2050 tyranno,
833 1969 1034 2048 dimissisque
1047 1971 1085 2032 ab

8 2059 9 2104 l
102 2057 337 2117 Lacedaemone
350 2056 490 2116 Eumene
504 2061 534 2114 et
547 2054 676 2115 Rhodiis
692 2061 723 2116 et
735 2056 768 2115 L.
784 2055 923 2129 Quinctio
939 2056 1031 2118 iratre
1046 2054 1086 2116 ad

104 2142 247 2201 classem.
268 2137 343 2197 XLI.
358 2139 439 2197 laete
451 2137 557 2198 civitas
570 2137 801 2197 celeberrimum
811 2138 958 2199 festorum
969 2139 1088 2199 dierum

8 2239 9 2278 ss
104 2236 142 2284 ac
169 2220 271 2282 nobile
295 2220 446 2283 ludicrum
463 2220 660 2295 Nemeorum,
688 2220 737 2281 dle
762 2225 841 2282 stata
866 2226 993 2297 propter
1015 2219 1088 2280 belli

103 2307 185 2367 mala
195 2305 454 2381 praetermissum,
467 2306 497 2366 in
510 2305 674 2366 adventum
680 2303 809 2366 Romani
820 2304 973 2366 exercitus
985 2302 1087 2365 ducis-

105 2405 167 2466 que
177 2389 360 2466 indixerunt,
371 2390 649 2467 praefeceruntque
660 2388 739 2450 ludis
751 2389 852 2466 ipsum
863 2387 1087 2465 imperatorem.

104 2475 198 2535 multa
218 2481 305 2536 eraut
324 2490 404 2552 quae
423 2475 569 2549 gaudium
589 2474 793 2535 cumularentz
814 2472 933 2534 reducti
949 2471 1033 2534 cives
1048 2472 1087 2532 ab

104 2558 336 2621 Lacedaemone
347 2564 442 2633 erant,
458 2575 537 2636 quos
549 2574 647 2635 nuper
657 2556 851 2636 Pythagoras
864 2572 1007 2634 quosque
1018 2563 1087 2617 ante

104 2640 198 2703 Nabis
213 2643 399 2713 abduxerat3
422 2644 575 2703 redierant
590 2643 642 2718 qui
658 2649 731 2718 post
745 2648 933 2718 compertam
947 2638 1080 2719 aPytha·

104 2741 181 2801 gera
193 2726 441 2800 coniurationem,
453 2732 484 2786 et
495 2726 591 2788 caede
602 2727 663 2786 iam
675 2733 786 2802 coepta
796 2724 982 2802 effugerant=
998 2724 1087 2785 liber·

105 2816 197 2871 tatem
211 2824 250 2868 ex
264 2810 357 2884 longo
370 2809 528 2871 intervallo
543 2809 756 2885 libertatisque
766 2815 909 2871 auctores
919 2809 1088 2882 Romanos,

105 2891 218 2971 quibus
239 2908 334 2955 causa
353 2892 487 2953 bellandi
509 2908 578 2954 cum
591 2899 725 2971 tyranm
739 2893 799 2969 ipsi
815 2892 960 2966 inissent,
981 2906 1087 2953 cerne·
1184 2887 1187 2890 ’

104 2977 187 3038 bant.
211 2984 321 3039 testata
343 2992 467 3054 quoque
481 2975 551 3053 ipso
566 2975 750 3038 Nemeorum
766 2976 816 3037 die
830 2992 908 3038 voce
923 2973 1087 3052 praeconis

105 3061 229 3122 libertas
246 3062 496 3138 estArgivorum.
518 3060 653 3122 Achaeis
670 3067 816 3137 quantum
827 3060 957 3123 restituti
967 3061 1043 3136 Argi
1057 3059 1088 3120 in

106 3159 266 3207 commune
280 3146 416 3207 Achaiae
438 3145 598 3207 concilium
612 3145 745 3207 laetitiae
759 3144 954 3220 adferebant,
972 3151 1088 3206 tantum

106 3243 197 3290 serva
215 3231 428 3293 Lacedaemon
456 3230 561 3292 relicta
586 3237 617 3291 et
637 3230 725 3290 lateri
745 3228 917 3290 adhaerens
939 3236 1088 3306 tyrannus

106 3328 167 3373 non
181 3313 334 3376 sineemm
350 3315 494 3391 gaudium
509 3314 713 3392 praebebanta
733 3313 836 3375 Aetoli
850 3328 926 3373 vero
943 3328 1009 3373 eam
1023 3327 1089 3371 rem

106 3397 247 3459 omnibus
269 3400 407 3461 conciliis
429 3399 574 3459 lacerare.
603 3413 674 3458 curn
687 3396 829 3473 Philippo
844 3414 905 3459 non
922 3403 992 3457 ante
1007 3393 1085 3455 desi·

105 3487 168 3542 tum
191 3480 313 3558 bellari,
335 3499 427 3558 quam
448 3482 588 3543 omnibus
602 3481 769 3542 excederet
783 3480 931 3541 Graeciae
945 3477 1089 3538 urbinum
