2600 4000
203 236 247 297 ss
374 230 486 292 tuna
499 229 633 291 rurum.
654 229 775 293 olna
788 236 814 294 ι.
837 234 1035 304 [comam]
1127 304 1130 307 ,

206 383 276 445 darn
298 381 354 444 luit
373 397 448 457 ager
467 381 604 442 consitus
620 380 737 442 crebris
752 379 930 455 arboribus,
951 379 1093 457 hortique
1107 388 1142 443 ut
1154 381 1187 444 in

207 466 391 528 suburbanis
412 465 504 539 locis,
527 470 558 524 et
580 470 717 527 coartata
735 463 843 524 itinera
858 463 999 525 maceriis
1014 470 1046 525 et
1059 463 1189 540 qmbus-

207 552 277 612 dam
291 551 369 610 locls
383 548 558 610 interclusa.
575 549 680 625 itaque
691 546 806 623 pariter
816 547 946 610 ducibus
957 548 1119 611 consilium
1131 548 1187 612 luit

206 634 379 696 excedendi
399 648 437 693 ea
456 634 599 708 regione,
621 640 651 694 et
671 633 756 692 velut
770 646 809 690 ex
829 631 987 707 praedicto
1003 632 1093 693 ambo
1110 632 1187 695 Sco

206 727 306 779 tusam
321 718 488 795 petierunt,
508 716 667 792 Philippus
682 730 740 792 spe
755 715 958 776 frumentandi
973 715 1060 791 inde,
1074 717 1187 777 Rorna-

206 820 274 877 nus,
286 809 319 863 ut
329 816 532 877 praegressus
544 799 844 875 corrumperethosti
857 799 1015 860 frumenta.
1037 815 1094 875 per
1106 799 1187 862 diem

206 894 317 961 totum,
340 885 413 960 quia
432 885 528 946 colles
547 891 699 961 perpetuo
720 884 791 959 iugo
811 884 991 958 intererant,
1013 885 1096 944 nullo
1112 898 1186 944 con·

208 977 315 1046 specta
333 969 411 1030 inter
432 983 467 1028 se
481 971 551 1031 loco
565 969 687 1045 agmina
701 969 809 1029 ierunt.
841 968 970 1029 Romani
985 968 1025 1028 ad
1039 967 1187 1028 Eretriam

206 1052 365 1115 Phthiotici
380 1053 454 1127 agri,
468 1051 625 1129 Philippus
641 1068 737 1128 super
750 1067 869 1112 amnem
884 1051 1069 1113 Onchestum
1083 1051 1189 1127 posuit

208 1144 317 1197 castra
340 1152 379 1196 ne
393 1143 519 1212 postero
532 1138 656 1213 quidem
671 1138 735 1211 die,
752 1152 821 1197 cum
834 1135 994 1212 Philippus
1008 1135 1049 1196 ad
1061 1134 1188 1194 Melam·

206 1220 290 1281 bium
311 1220 396 1295 quod
415 1228 528 1281 vocant
542 1219 704 1282 Scotusaei
720 1220 797 1296 agri,
820 1218 977 1295 Quinctius
991 1219 1073 1280 circa
1085 1217 1185 1280 Theti-

208 1305 299 1365 deum
313 1303 488 1364 Pharsaliae
508 1312 607 1366 terrae
627 1304 786 1381 posuisset
806 1311 921 1377 castra,
944 1302 1047 1365 anthi
1067 1306 1120 1363 aut
1133 1302 1189 1378 illi,

207 1387 259 1448 uhi
280 1387 377 1449 hostis
398 1393 496 1461 esset,
518 1389 593 1449 satis
605 1395 806 1463 ,compertum
819 1388 1000 1449 habuerunt.
1033 1386 1121 1447 tertio
1136 1385 1189 1448 die

208 1471 306 1546 primo
320 1471 442 1533 nimbus
458 1470 585 1547 effusus,
601 1472 670 1532 dein
688 1473 786 1547 caligo
801 1472 899 1532 noctis
915 1471 1066 1532 simillima
1074 1470 1187 1529 Roma·

208 1571 265 1615 nos
281 1564 363 1616 metu
377 1553 556 1617 insidiarum
571 1556 677 1616 tenuit<
696 1556 761 1614 VII.
784 1554 943 1630 Philippus
957 1552 1128 1615 maturandi
1142 1552 1187 1614 iti·

207 1639 290 1700 neris
306 1655 410 1713 causa,
424 1646 497 1715 post
510 1640 635 1700 imbrem
646 1638 781 1700 nubibus
794 1639 823 1698 in
836 1646 947 1699 terram
958 1637 1102 1699 demissis
1114 1635 1187 1697 nihil

208 1720 379 1798 deterritus,
395 1723 484 1798 signa
498 1724 569 1784 terri
584 1723 682 1784 iussit.
706 1722 763 1782 sed
777 1729 838 1782 tarn
853 1723 953 1783 densa
967 1721 1066 1797 caligo
1079 1735 1188 1783 occae-

209 1812 332 1866 caverat
351 1807 447 1880 diem,
468 1813 621 1883 utreque
641 1804 779 1881 signiferi
799 1803 880 1865 viam
903 1822 961 1866 nec
975 1806 1063 1881 signa
1076 1804 1188 1865 milites

208 1897 376 1960 cernerent,
388 1904 497 1964 agmen
509 1891 549 1951 ad
559 1890 693 1951 incertos
706 1891 855 1952 clamores
866 1906 978 1965 vagum
988 1890 1072 1950 velut
1083 1902 1189 1948 errore

208 1979 356 2034 nocturno
377 1971 558 2035 turbaretur.
595 1974 790 2050 supergressi
808 1975 941 2036 tumulos
964 1975 1016 2050 qui
1032 1974 1186 2052 Cynosce-

209 2056 321 2131 phalae
339 2063 505 2132 vocantur,
525 2058 632 2119 relicta
648 2057 689 2117 ibi
705 2058 836 2119 statione
849 2059 938 2118 lirina
950 2057 1088 2134 peditum
1101 2054 1186 2131 equi-

207 2148 342 2217 tumque,
353 2148 524 2218 posuerunt
535 2149 646 2204 castra
660 2142 819 2203 Romanus
830 2142 947 2202 eisdem
959 2142 1000 2201 ad
1009 2140 1186 2201 Thetideum

208 2225 317 2286 castris
339 2241 408 2286 cum
429 2242 465 2286 se
485 2226 650 2295 tenuisset,
671 2227 863 2301 exploratum
883 2230 1001 2299 tamen,
1022 2224 1074 2286 ubi
1088 2222 1186 2285 hostis

208 2316 304 2384 esset,
326 2309 434 2369 decem
454 2315 570 2370 turmas
591 2309 726 2385 equitum
741 2317 772 2369 ct
790 2309 871 2369 mille
891 2309 1012 2384 pedites
1026 2308 1110 2369 misit
1122 2322 1187 2367 mo·

207 2393 304 2465 nitos,
324 2398 359 2452 ut
378 2392 417 2452 ab
432 2391 566 2464 insidiis,
588 2408 667 2467 quas
682 2392 749 2452 dies
764 2393 916 2453 obscurus
932 2391 1046 2468 apertis
1062 2405 1188 2467 quoqne

207 2475 284 2536 locis
298 2480 435 2534 tecturus
446 2481 539 2548 esset,
553 2481 782 2549 praecaverent
797 2475 848 2535 ubi
858 2481 982 2536 ventum
993 2474 1187 2536 adinsessos

207 2555 341 2617 tumulos
361 2563 423 2631 est,
444 2572 560 2632 pavore
580 2565 685 2618 mutuo
704 2558 816 2621 iniecto
831 2561 914 2620 velut
927 2564 1084 2634 torpentes
1099 2557 1187 2633 quie·
1229 2558 1232 2569 '

206 2646 329 2700 vernula
350 2638 421 2699 deln
441 2639 556 2700 nuntiis
569 2647 651 2702 retro
661 2641 697 2701 in
713 2649 814 2704 castra
828 2644 869 2704 ad
883 2645 977 2704 duces
991 2639 1112 2713 missis,
1134 2640 1188 2701 ubi

208 2721 324 2799 primus
345 2727 444 2784 terror
463 2724 501 2784 ab
522 2724 706 2801 necopinato
727 2725 797 2788 visu
819 2726 973 2802 consedit,
995 2741 1057 2788 non
1073 2725 1187 2786 diutius
1254 2728 1256 2731 ’

208 2805 372 2867 certamlne
392 2807 576 2869 abstinuere.
613 2809 763 2886 principio
778 2826 797 2870 a
812 2813 919 2886 paucis
936 2807 1187 2886 procurrentibus

207 2889 350 2951 lacessita
374 2907 478 2967 pugna
502 2899 564 2967 est,
594 2893 707 2954 deinde
730 2894 877 2957 subsidiis
904 2895 1052 2956 tuentium
1077 2894 1187 2969 pulsos

207 2979 304 3033 aucta
327 2973 358 3034 ln
374 2992 436 3049 qua
450 2992 520 3037 cum
535 2976 775 3054 haudquaquam
789 2995 882 3054 pares
896 2979 1026 3041 Romani
1040 2977 1119 3040 alios
1135 2992 1187 3038 su·

206 3069 262 3131 per
282 3056 360 3120 alios
380 3061 503 3122 nuntios
525 3060 565 3120 ad
580 3061 689 3122 ducem
704 3062 854 3124 mitterent
867 3062 965 3139 premi
988 3078 1076 3135 sese,
1099 3061 1187 3136 quin·

205 3140 287 3215 genti
308 3142 428 3217 equites
448 3149 479 3204 et
494 3144 555 3206 duo
575 3144 658 3205 milia
678 3146 829 3222 peditum,
848 3147 983 3208 maxime
997 3146 1187 3218 Aetolorum,

206 3238 275 3284 cum
295 3225 417 3287 duobus
436 3226 565 3288 tribunis
585 3227 710 3289 militum
725 3245 858 3306 propere
871 3231 968 3291 missa
981 3246 1047 3290 rem
1061 3227 1187 3291 inclina-

205 3314 267 3368 tam
280 3308 486 3384 restituerunt,
502 3327 657 3387 versaque
671 3314 792 3375 fortuna
805 3313 996 3375 Macedones
1010 3313 1187 3374 laborantes

206 3408 297 3467 opem
306 3391 388 3469 regis
400 3409 457 3470 per
468 3393 590 3457 nuntios
602 3395 814 3474 implorabant.
828 3399 885 3459 sed
895 3404 929 3458 ut
940 3397 992 3472 qui
1003 3396 1077 3456 nihil
1083 3395 1185 3455 minus

204 3475 256 3539 lllo
272 3477 322 3539 die
336 3484 463 3556 propter
481 3477 611 3541 effusam
626 3480 785 3558 caliginem
801 3497 891 3557 quarn
906 3480 1058 3557 proelium
1072 3491 1183 3553 exspe
1297 3462 1299 3521 ἕ
