2600 4000
222 260 337 321 LIBER
351 259 511 321 xxxvlll.
533 258 616 321 cAP.
631 269 677 323 26.
688 267 732 323 Y!-
744 266 787 322 28.
811 268 848 334 [a.
859 266 893 324 c.
905 267 968 334 189]
1025 259 1087 322 343

105 415 237 487 tractos,
260 411 329 488 quia
351 411 409 472 etsi
422 426 484 471 non
499 410 560 486 ipsi
574 409 646 471 vieti
661 417 761 484 erant,
783 425 860 469 suae
875 412 973 484 gentis
990 411 1087 473 homi-
1189 468 1191 472 .

105 514 180 560 num
200 496 396 571 cladempro
417 510 475 556 sua
495 494 658 557 ducebant.
693 493 797 570 itaque
817 493 978 567 oporibus
996 491 1086 558 initiis

70 572 75 582 ’
105 586 218 658 coepta
228 595 280 640 res
287 580 418 640 eundem
429 580 543 639 exitum
554 577 669 638 habuit
683 577 767 638 velut
777 577 876 638 nubes
888 577 1001 637 levium
1012 580 1082 639 telo·

104 682 173 726 rum
194 662 333 725 coniecta
347 662 447 724 obruit
461 662 559 723 aciem
573 661 739 723 Gallorum.
766 676 824 722 nec
838 667 891 721 aut
904 676 1087 737 procurrere

106 749 272 826 quisquam
286 747 325 808 ab
341 747 500 809 ordinibus
515 746 590 821 suis,
606 761 646 806 ne
660 744 813 806 nudarent
825 746 962 821 undique
973 760 1087 822 corpus

105 834 146 894 cd
160 833 254 908 ictus,
276 831 444 905 audebant,
466 837 497 891 et
510 837 640 904 stantes,
657 846 719 906 quo
735 829 895 891 densiores
910 836 1011 904 erant,
1027 829 1087 891 hoc

106 918 212 992 plura,
232 917 317 975 velut
331 913 515 976 destinatum
529 913 719 990 petentibus,
740 915 868 975 vulnera
885 913 1085 990 accipiebant
1166 974 1170 980 ,

106 1000 216 1062 consul
236 1000 298 1059 iam
312 1015 369 1075 per
383 1014 418 1058 se
434 1000 560 1060 turbatis
575 998 602 1058 si
615 998 771 1073 legionum
786 999 875 1074 signa
889 996 1086 1073 ostendisset,

104 1099 253 1146 versuros
279 1084 433 1158 extemplo
454 1084 485 1142 in
505 1083 607 1158 lugam
628 1080 728 1142 omnis
748 1087 833 1142 ratus
853 1080 987 1158 receptis
1009 1081 1087 1142 inter

106 1169 231 1228 ordines
244 1165 387 1227 velitibus
402 1172 432 1226 et
445 1166 505 1227 alia
519 1165 607 1227 turba
622 1165 805 1226 auxiliorum
816 1166 913 1230 aciem
924 1165 1085 1241 promovit.

106 1251 225 1313 XXVII.
256 1249 333 1311 Galli
353 1257 384 1310 et
405 1248 554 1311 memoria
566 1248 844 1324 Tolistobogiorum
865 1249 961 1311 cledis
981 1247 1086 1324 territi,

105 1341 138 1396 et
149 1333 338 1395 inhaerentia
352 1333 534 1410 corporibus
548 1334 683 1409 gerentis
696 1334 766 1406 tela,
781 1333 919 1411 fessique
934 1340 964 1395 et
974 1333 1085 1408 stando

105 1425 136 1479 et
153 1417 348 1492 vulneribus,
369 1432 409 1477 nc
428 1418 557 1494 primum
581 1418 704 1494 quidem
718 1417 864 1492 impetum
878 1426 908 1479 et
922 1417 1086 1479 clamorem

105 1502 315 1562 Romanorum
329 1502 469 1562 tulerunt.
492 1503 565 1578 luga
578 1501 618 1584 ad
629 1509 731 1563 castra
742 1501 905 1564 inclinavit.
927 1502 982 1562 sed
995 1502 1085 1580 pauci

105 1586 183 1645 intra
197 1585 381 1646 munimenta
396 1601 468 1646 sese
481 1601 642 1662 recepere:
665 1601 740 1663 pars
754 1587 852 1646 maior
863 1587 971 1645 dextra
984 1585 1085 1645 laeva·

106 1685 167 1746 que
182 1669 318 1745 praelati,
336 1686 397 1746 qua
411 1685 564 1746 quemque
577 1670 710 1746 impetus
725 1670 799 1742 tulit,
817 1671 967 1743 sugerunt.
989 1668 1084 1729 victo·

104 1768 157 1815 res
177 1754 338 1830 usquead
360 1761 461 1815 castra
480 1753 579 1816 secuti
600 1755 777 1815 oeciderunt
794 1760 895 1826 tergm
923 1750 1035 1810 deinde
1055 1749 1086 1811 in

106 1837 216 1898 castris
227 1837 394 1913 cupiditate
404 1839 540 1914 praedae
547 1837 721 1907 haeserunt
733 1848 791 1893 nec
803 1833 991 1910 sequebatur
1001 1835 1085 1909 quis·

104 1938 206 1997 quom.
232 1921 263 1981 in
279 1920 424 1982 cornibus
441 1921 518 1980 Galli
535 1919 648 1978 diutius
664 1923 827 1992 steterunt,
845 1917 917 1993 quia
931 1918 1031 1979 serius
1046 1919 1086 1978 ad

103 2022 159 2067 eos
182 2005 364 2080 perventum
384 2010 459 2063 ests,
475 2008 609 2062 ceterum
631 2018 670 2062 ne
693 2001 824 2078 primurn
845 2002 968 2079 quidem
983 2003 1083 2064 conis·

104 2095 185 2149 otum
200 2087 330 2148 telorum
344 2086 487 2147 tulerunt.
510 2085 618 2146 consul
633 2084 707 2161 quia
720 2086 879 2161 ingressos
890 2086 921 2146 in
933 2093 1036 2148 cestra
1046 2086 1085 2147 ab

104 2170 277 2246 direptione
297 2167 475 2230 abstrahere
496 2184 558 2229 non
579 2175 714 2245 poterat,
736 2186 792 2237 eos
814 2172 867 2244 qui
887 2168 917 2230 in
940 2170 1084 2231 comibus

104 2255 225 2316 fuerant
245 2253 385 2329 protinus
400 2253 439 2313 ad
455 2254 632 2328 sequendos
647 2253 747 2314 hostis
761 2254 851 2314 misit.
879 2270 935 2329 per
948 2253 1079 2331 aliquun-

103 2347 165 2399 tum
188 2335 320 2414 spatium
341 2336 439 2399 secuti
460 2352 521 2398 non
541 2338 611 2413 plus
631 2344 733 2398 tannen
749 2344 819 2399 octo
834 2336 916 2398 milia
929 2337 1083 2401 hominurn
1110 2372 1113 2377 <

104 2421 134 2483 in
160 2423 289 2497 luga—
303 2437 374 2481 nam
398 2436 503 2498 pugna
528 2422 612 2482 nulla
631 2421 743 2483 luit-
758 2421 948 2483 cecideruntz
976 2421 1085 2498 reliqui

103 2505 217 2567 tlumen
240 2505 341 2583 Halyn
357 2505 558 2581 traiecerunt.
591 2506 799 2568 Romanorum
821 2521 898 2581 pars
918 2521 1028 2582 magna
1047 2521 1086 2567 ea

64 2586 68 2594 '
105 2597 195 2652 nocte
220 2590 251 2649 in
271 2590 406 2651 hostium
427 2591 536 2651 castris
558 2591 686 2662 mensib
714 2596 835 2653 ceteros
856 2590 887 2650 in
908 2606 967 2651 sua
985 2598 1085 2652 castra

104 2675 214 2734 consul
228 2674 360 2735 reduxit
392 2680 518 2749 postero
533 2671 585 2736 die
598 2675 738 2752 captivos
753 2674 964 2751 praedamque
977 2690 1084 2736 recen·

103 2759 180 2827 suit;
203 2772 284 2833 quae
302 2763 387 2817 tauta
400 2757 469 2829 tuit,
492 2764 634 2832 quantam
650 2758 828 2839 avidissima
842 2757 984 2835 rapiendi
997 2760 1085 2834 gens,

82 2842 173 2902 'eum
196 2839 242 2900 cis
261 2847 396 2901 montem
409 2841 540 2901 Taurum
561 2842 664 2902 omnia
683 2841 776 2901 armis
789 2844 972 2917 permultos
985 2858 1084 2904 annos
1137 2894 1143 2905 .
1200 2844 1203 2849 '

104 2921 267 2999 tenuisset,
290 2939 475 2985 coacervare
494 2925 602 2999 potuit.
640 2924 718 2985 Galli
739 2940 778 2984 ex
799 2925 948 3001 dissipem
967 2926 1083 3002 passim

103 3010 176 3084 luga
195 3005 226 3068 in
247 3025 341 3070 unum
361 3008 462 3068 locum
478 3007 670 3085 congregati,
688 3023 800 3084 magna
819 3025 894 3084 pars
915 3008 1012 3071 saucii
1033 3016 1085 3071 aut

103 3093 251 3166 inermes,
266 3089 372 3153 nudati
387 3092 529 3154 omnibus
543 3093 646 3169 rebus,
662 3092 801 3155 oratores
817 3093 857 3153 de
870 3109 948 3170 pace
959 3095 999 3155 ud
1011 3110 1083 3156 con·

104 3178 201 3237 sulem
215 3176 372 3238 miserunt.
394 3191 450 3238 eos
460 3175 592 3238 Manlius
604 3177 762 3254 Ephesum
774 3177 881 3238 venire
894 3178 993 3240 iussit.
1015 3180 1084 3253 ipse
1103 3203 1105 3206 ·

103 3292 145 3303 -
158 3260 218 3319 inm
239 3259 320 3321 enim
340 3260 473 3321 medium
494 3262 629 3324 autumni
647 3260 858 3323 erat—locis
877 3262 988 3338 gelidis
1010 3278 1081 3340 pro

104 3342 271 3418 pinqultate
284 3344 375 3406 Tauri
389 3345 501 3407 montis
516 3346 669 3407 excedere
680 3360 853 3422 properans
867 3346 1014 3408 victorem
1029 3360 1085 3427 eu-¹

104 3423 229 3486 ercitum
243 3425 417 3490 innibema
430 3429 599 3491 maritimae
613 3445 687 3491 orae
700 3431 832 3491 reduxit.

186 3508 320 3571 XXVlll.
347 3513 425 3573 Dum
438 3513 517 3574 haec
530 3512 562 3573 in
575 3512 653 3574 Asia
666 3520 820 3590 geruntur,
839 3514 869 3572 in
885 3509 994 3573 ceteris
1010 3526 1079 3588 pro
