2600 4000
334 199 720 312 statuminetur.
744 256 899 324 [acres]
1059 252 1100 316 al

136 401 303 463 Castrorum
328 400 511 476 portorium,
539 416 601 476 quo
620 399 651 459 in
673 400 742 460 loco
764 414 845 459 nunc
872 400 1018 476 oppidum
1042 410 1099 477 est,

135 486 290 546 fruendum
310 487 466 553 locaruut;
498 484 690 559 colonosque
707 499 744 542 eo
759 488 912 544 trecentos
924 515 968 528 -
980 487 1006 545 is
1021 488 1100 547 enim

133 584 271 630 numerus
292 568 395 629 finitus
417 568 456 628 ab
477 576 586 629 senatu
603 566 979 642 erat—adscripserunt,
999 575 1029 627 et
1042 571 1100 630 sub

130 652 229 714 Tifatis
243 651 366 728 Capuae
387 667 493 727 agrum
513 651 724 711 vendiderunt.
757 648 815 711 sub
836 650 918 710 idem
931 659 1052 727 tempus
1066 654 1099 713 L.

128 733 253 797 Manlius
266 736 417 797 Acidinus
438 750 477 794 ex
490 733 637 810 Hispania
658 734 828 807 decedens,
849 733 1020 809 prohibitus
1036 736 1100 796 aP.

127 820 230 882 Porcio
245 821 346 880 Laeca
365 820 486 880 tribuno
507 819 622 894 plebis,
644 832 685 877 ne
705 834 801 879 ovans
821 817 950 893 rediret,
972 835 1041 881 curn
1062 819 1100 881 ab

126 913 229 966 senatu
245 904 460 978 impetrasset,
481 902 618 978 privatus
638 902 746 963 urbem
758 903 934 976 ingrediens
948 903 1030 964 mille
1045 904 1098 965 du·

126 995 210 1049 centa
230 987 338 1065 pondo
358 985 490 1063 argenti,
512 985 635 1060 triginta
653 986 758 1062 pondo
779 986 873 1046 lerme
887 987 954 1047 auri
967 987 998 1047 in
1013 1004 1098 1048 aera·

126 1072 200 1133 rium
213 1072 292 1134 tulit

202 1157 323 1218 Eodem
338 1170 418 1214 anno
434 1152 486 1214 cn.
504 1152 636 1214 Baebius
650 1152 842 1229 Tamphilus,
864 1155 917 1229 qui
930 1154 970 1216 ab
986 1154 1017 1216 C.
1032 1158 1095 1219 Au·

123 1241 194 1301 relio
210 1240 342 1301 consule
358 1238 430 1299 enni
450 1237 563 1313 prioris
580 1236 769 1311 provinciam
785 1237 910 1299 Gallium
925 1247 1096 1316 acceperat,

122 1329 231 1385 temere
241 1325 405 1398 ingressus
418 1322 571 1382 Gallorum
580 1320 742 1381 Insubrum
757 1318 828 1382 linis
843 1338 940 1399 prope
952 1339 1021 1384 eum
1032 1330 1096 1387 toto

121 1408 256 1469 exercitu
277 1412 325 1467 est
339 1406 579 1475 circumventum
602 1421 697 1479 supra
710 1421 769 1466 sex
782 1406 864 1466 milia
878 1414 908 1468 et
922 1408 1095 1483 septingen-

121 1497 165 1551 tos
179 1492 294 1552 milites
308 1489 424 1559 amisit;
444 1496 528 1551 touta
541 1505 580 1549 ex
594 1504 632 1550 eo
646 1488 743 1564 bello,
760 1490 918 1566 quodiam
931 1492 1029 1552 timeri
1043 1493 1096 1553 de-

120 1574 223 1649 sierat,
249 1574 355 1635 clades
370 1579 497 1649 occepta
511 1580 565 1635 est.
598 1589 636 1634 ea
649 1587 702 1633 res
715 1575 748 1633 L.
762 1573 924 1635 Lentulum
938 1577 1092 1639 consulem

119 1657 155 1717 ab
168 1659 247 1720 urbe
262 1658 381 1719 excivit.
403 1658 455 1733 qui
469 1664 503 1719 nt
516 1657 546 1718 in
561 1655 751 1733 provinciam
761 1658 846 1718 venit
855 1659 978 1733 plenam
988 1660 1093 1718 tumul·

119 1748 180 1818 tus,
205 1742 327 1817 trepido
349 1742 483 1804 exercitu
502 1748 631 1818 accepto
656 1747 829 1816 praetorem
848 1740 951 1802 multis
972 1742 1095 1817 probris

118 1825 297 1902 increpitum
312 1824 469 1901 provincia
484 1826 637 1886 decedere
651 1832 743 1901 atque
757 1825 842 1885 abire
855 1826 983 1886 Romam
997 1826 1094 1887 iussit

118 1926 218 1986 neque
232 1911 302 1986 ipse
317 1911 424 1971 consul
438 1907 635 1970 memorabile
653 1909 817 1986 quicquam
831 1908 936 1986 gessit,
959 1910 1094 1972 comitio-

116 2011 181 2055 rum
196 2010 293 2056 causa
304 1994 434 2056 Romam
453 1998 633 2063 revocatus3
658 2010 736 2069 quae
750 1994 819 2070 ipsa
833 2011 889 2070 per
901 1994 941 2054 Μ.
956 1993 1095 2057 Fulvium

115 2086 145 2139 et
158 2078 210 2137 Μ’.
240 2077 360 2136 curium
383 2075 523 2136 tribunos
549 2074 647 2151 plebis
668 2078 928 2152 impediebantur,
955 2079 1041 2153 quod
1060 2080 1093 2137 T.

80 2204 83 2211 ,
114 2160 289 2237 Quinctium
309 2157 508 2218 Flamininum
534 2159 726 2219 consulatum
746 2174 786 2219 ex
806 2167 971 2234 quaestura
990 2167 1096 2237 petere

112 2260 178 2305 non
199 2240 401 2317 patiebantur.
437 2241 497 2300 iam
511 2240 694 2302 aedilitatem
708 2248 943 2317 praeturamque
957 2243 1097 2316 fastidiri,-

113 2343 173 2390 nee
187 2339 247 2403 per
259 2325 409 2387 honorum
423 2326 548 2401 gradus,
565 2324 780 2395 documentum
790 2325 839 2387 sui
851 2325 961 2402 dantis,
975 2326 1094 2389 nobiles

113 2410 256 2475 homines
270 2409 396 2471 tendere
413 2409 674 2483 accumulatum,
697 2409 754 2470 sed
767 2410 1015 2473 transcendendo
1031 2428 1093 2473 me·

115 2495 172 2572 diu,
192 2510 312 2556 summa
324 2494 393 2554 imis
408 2494 595 2555 continuare.
626 2509 678 2555 res
694 2510 733 2555 ex
748 2495 913 2570 campestri
928 2496 1093 2558 certamine

115 2577 143 2639 in
164 2586 306 2641 senatum
330 2578 479 2654 pervenit
508 2586 612 2655 patres
637 2586 836 2654 censuerunt,
863 2581 914 2654 qui
934 2580 1091 2657 honorem,

116 2680 203 2741 quem
219 2663 281 2724 sibi
295 2677 476 2739 capere'per
489 2664 573 2738 leges
588 2661 708 2738 liceret,
727 2669 858 2739 peteret,
874 2663 904 2723 in
921 2679 959 2727 eo
974 2668 1091 2742 populo

115 2747 237 2808 creandi
250 2762 341 2822 quem
352 2746 425 2806 velit
434 2752 616 2822 potestatem
627 2745 693 2806 lieri
705 2763 838 2823 aequum
848 2762 930 2809 esse.
944 2748 975 2809 iu
986 2757 1089 2811 aucto

114 2832 198 2893 ritate
220 2837 339 2906 patrum
360 2831 446 2890 luere
465 2829 588 2891 tribuni.
622 2830 715 2891 creati
736 2831 881 2892 consules
896 2831 968 2893 Sex.
982 2834 1090 2895 Aelius

113 2912 223 2977 Paetus
243 2921 275 2975 et
293 2914 325 2972 T.
342 2913 498 2988 Quinctius
519 2912 716 2976 Flamininus.
748 2915 821 2975 inde
841 2922 1017 2990 praetorum
1038 2934 1089 2980 co·

115 2998 195 3060 mitia
223 2997 335 3058 habita.
372 2998 464 3059 creati
488 2999 521 3058 L.
548 2996 707 3060 Cornelius
734 2997 852 3060 Merula
878 2999 919 3061 M.
946 3000 1089 3064 Claudius

114 3080 275 3144 Marcellus
296 3080 337 3144 Μ.
360 3081 487 3143 Porcius
509 3081 581 3143 dato
609 3081 641 3143 d.
661 3082 788 3145 Helvius
810 3083 863 3159 qui
888 3084 1003 3145 aediles
1024 3088 1088 3161 ple-

114 3165 159 3228 bis
184 3169 313 3228 merant.
355 3166 394 3227 ab
417 3166 455 3227 iis
480 3167 543 3228 ludi
568 3166 681 3242 plebeii
705 3166 879 3238 instaurem
911 3174 942 3228 et
966 3170 1089 3244 epulum

117 3249 194 3312 lovis
219 3251 276 3311 luit
299 3250 440 3312 ludorum
462 3266 566 3313 causa.
596 3256 627 3310 et
646 3250 685 3310 ab
706 3251 855 3312 aedilibus
879 3252 1034 3313 curulibus
1056 3251 1088 3313 C.

117 3333 235 3396 Valerio
255 3335 365 3396 Flacco
385 3333 508 3395 llarnine
521 3334 601 3394 Diali
621 3334 697 3394 etc.
714 3334 853 3396 cornelio
869 3335 1002 3410 cethego
1023 3335 1087 3395 ludi

115 3417 241 3480 Romani
254 3434 363 3494 magno
379 3425 528 3495 apparatu
542 3417 622 3479 iacti.
656 3416 722 3479 Ser.
739 3425 770 3478 et
784 3415 815 3477 C.
832 3416 959 3494 Sulpicii
975 3418 1087 3477 Galbae

116 3503 274 3582 pontifices
293 3518 330 3564 eo
345 3519 425 3564 anno
445 3503 556 3564 mortui
579 3507 667 3562 sunta
688 3502 718 3561 in
733 3503 957 3640 eorum4locum
972 3499 1011 3555 Μ.
1027 3499 1087 3555 Ae
