2600 4000
217 289 261 351 84
377 288 493 349 LIBER
505 287 637 347 xxxin.
660 289 743 345 car.
759 294 821 346 aa.
844 287 1039 359 [quamsi

269 445 388 505 mlnluus,
405 442 482 493 frater
497 440 667 507 proconsulis,
677 441 823 489 Acarnanes
834 438 951 489 Leucade
960 440 1032 499 urbe,
1051 454 1116 502 quae
1126 452 1197 506 capnt

270 521 309 565 eat
325 516 500 571 heumannum,
518 518 665 576 expugnata
681 510 708 558 in
727 509 882 559 deditionem
900 508 1005 573 accepit.
1039 523 1091 573 pax
1107 511 1196 574 petenti

270 583 397 649 Philippo,
408 581 528 632 Graeciae
545 580 648 631 libertas
662 578 722 627 data
736 585 782 628 est.
810 577 912 627 Attalus
923 575 1042 627 a'l'hebis
1051 578 1197 628 obaubitam

271 652 440 703 valetudinem
457 650 608 715 Pergamum
625 646 762 698 translatus
780 646 899 697 decessit.
927 645 955 699 G.
970 645 1135 714 Sempronius
1151 647 1197 697 lu·

272 723 373 773 ditamus
390 735 406 769 a
422 719 551 770 Celtiberis
568 734 626 768 cum
644 717 755 767 exercitu
772 730 863 765 caesus
880 722 926 765 est.
946 716 977 765 L.
987 716 1077 765 Furius
1091 723 1117 765 et
1128 714 1197 767 Glau-

272 791 329 841 dius
351 787 485 840 Marcellus
507 787 623 837 consules
644 786 721 836 Boios
745 791 770 835 et
787 784 906 835 Insubres
928 783 1013 835 Gallos
1037 785 1196 851 subegerunt.

272 858 406 909 Marcellus
421 855 595 921 triumphavit.
621 853 746 905 Hannibal
762 853 856 904 nunus
872 854 899 903 in
916 853 1004 904 Africa
1020 852 1115 904 bellum
1128 853 1198 904 moli-

271 936 321 987 tus,
339 934 363 976 et
381 925 478 977 abhoc
495 926 617 975 Romanis
631 940 678 990 per
695 921 817 988 epistolas
834 923 958 974 adversae
976 922 1094 973 lanionis
1111 924 1199 989 prinoi-
1299 936 1300 951 ¹

272 1010 334 1061 pum
352 995 465 1055 duatus,
483 1002 588 1059 propter
604 1002 701 1044 metum
717 992 897 1058 Romanorum,
914 992 958 1054 qui
973 991 1072 1058 legatos
1090 991 1125 1043 ad
1142 990 1199 1043 Gar·
1296 997 1299 1006 '

271 1064 468 1129 theginiensium
485 1071 602 1113 senatum
619 1063 651 1112 de
669 1078 699 1112 eo
717 1061 847 1127 miserant,
864 1060 990 1127 profugus
1007 1062 1039 1112 ad
1048 1060 1200 1112 Antiochum

272 1148 359 1199 regem
377 1131 464 1200 Syriae
481 1147 510 1181 se
527 1132 640 1191 contulit,
659 1130 754 1180 bellum
772 1138 858 1180 contra
874 1129 1004 1181 Romanos
1021 1137 1159 1195 parantem.

304 1264 326 1322 l.
352 1262 438 1323 Haec
452 1277 509 1335 per
522 1261 650 1322 hiemem
666 1269 762 1336 gesta.
796 1261 880 1323 initio
895 1266 997 1322 autem
1010 1260 1092 1321 veris
1107 1259 1195 1336 Quin·

222 1347 298 1408 atius
320 1347 422 1408 Attalo
443 1345 571 1405 Elatiam
593 1346 694 1407 excito
708 1347 895 1408 Boeotorum
915 1346 1052 1421 gentem,
1075 1344 1200 1409 incertis

221 1432 262 1492 ad
275 1446 344 1491 eam
357 1430 438 1490 diem
452 1429 560 1489 animis
575 1428 781 1505 fluctuantem,
797 1430 927 1491 dicionis
942 1444 1018 1490 suae
1031 1430 1134 1490 iacere
1148 1446 1197 1493 cu·

221 1514 324 1591 piens,
346 1513 504 1589 proiectus
525 1529 583 1588 per
594 1513 758 1575 Phocidem
781 1514 917 1591 quinque
931 1512 1013 1573 milia
1026 1513 1065 1573 ab
1079 1514 1201 1589 Thebis,

222 1599 306 1674 quod
321 1604 412 1673 eaput
426 1605 473 1659 est
487 1598 647 1673 Boeotiae,
670 1598 774 1673 posuit
788 1605 898 1659 castra.
925 1597 998 1657 inde
1011 1605 1137 1673 postero
1152 1599 1203 1660 dia

221 1699 290 1744 cum
303 1683 393 1743 unius
409 1682 487 1757 signi
502 1682 645 1742 militibus
661 1689 692 1742 et
703 1683 806 1743 Attalo
820 1680 1097 1758 legationibusque,
1121 1698 1202 1759 quae

221 1768 397 1843 trequentes
423 1765 560 1841 undique
585 1773 806 1841 convenerant,
832 1766 932 1842 pergit
956 1766 1001 1826 ire
1021 1768 1061 1827 ad
1085 1766 1202 1840 urbem,
1299 1818 1300 1821 ,

220 1850 315 1910 iussis
335 1849 464 1923 legionis
486 1851 613 1911 hastatis
626 1885 670 1897 —-
683 1868 721 1912 ea
735 1852 796 1912 duc
817 1851 900 1911 milia
919 1850 1045 1913 militum
1064 1858 1150 1912 erant
1161 1883 1203 1898 -

222 1934 310 2008 sequi
331 1948 367 1993 se
386 1934 468 1994 nrille
489 1950 638 2010 passuum
660 1935 817 1996 intervallo
834 1936 983 1996 distantis.
1016 1935 1057 1995 ad
1070 1935 1204 1996 medium

222 2017 316 2077 terme
340 2016 409 2077 viae
433 2018 619 2081 Boeotorum
647 2016 771 2095 praetor
793 2019 967 2096 Antiphilus
993 2020 1105 2081 obvius
1129 2020 1203 2090 luit;

221 2108 324 2163 cetera
343 2101 504 2163 multitudo
525 2119 542 2163 e
563 2104 657 2165 muris
678 2105 843 2166 adventum
862 2104 1052 2180 imperatoris
1073 2104 1205 2165 Romani

222 2185 366 2261 tegisque
391 2189 675 2262 prospeculabatur.
709 2205 780 2249 rara
805 2205 890 2249 mma
914 2190 1067 2265 paucique
1092 2188 1204 2249 milites

221 2268 303 2331 circa
328 2286 383 2331 ecs
411 2272 618 2347 apparebant;
651 2273 789 2335 hastatos
815 2280 980 2349 sequentes
1006 2275 1115 2349 procul
1139 2289 1204 2334 am·

221 2355 334 2415 hactus
349 2353 467 2415 viarum
481 2356 641 2430 vallesque
656 2356 831 2417 interiectae
845 2357 1034 2420 occulebant.
1060 2374 1129 2418 cum
1143 2358 1206 2417 iam

221 2437 485 2512 appropinquaret
504 2439 586 2512 urbi,
609 2439 692 2499 velut
713 2441 835 2501 obviam
856 2441 1063 2517 egredientem
1083 2441 1206 2503 turbam

221 2522 380 2592 salutaret,
396 2520 511 2581 tardius
526 2522 697 2583 incedebat.
729 2540 826 2586 eausa
838 2533 903 2587 erat
916 2539 1029 2599 morae,
1045 2530 1077 2584 ut
1090 2519 1209 2585 hastati

221 2609 494 2677 consequerentur.
516 2605 673 2682 oppidani,
688 2613 759 2668 ante
772 2608 910 2671 lictorem
925 2608 1013 2670 turba
1026 2614 1103 2682 acta,
1119 2608 1207 2669 inse-

220 2689 322 2745 cutum
344 2686 506 2748 contestim
527 2705 636 2765 agmen
658 2699 843 2754 armatorum
865 2710 926 2755 non
948 2699 1034 2768 ante,
1056 2708 1147 2769 quam
1163 2693 1210 2754 ad

221 2768 386 2844 hospitium
399 2770 591 2847 imperatoris
605 2782 731 2838 ventum
745 2782 801 2853 est,
818 2793 1021 2854 conspexere.
1041 2784 1105 2838 tum
1120 2779 1211 2838 velut

219 2853 341 2927 prodita
359 2855 431 2916 dolo
445 2856 595 2934 Antiphili
612 2862 762 2934 praetoris
777 2862 854 2922 urbe
868 2869 1022 2938 captaque
1035 2860 1209 2936 obstupue-

219 2942 289 2997 runt
303 2952 419 2998 omnes.
441 2946 472 3000 et
485 2943 655 3018 apparebat
668 2944 741 3005 nihil
755 2944 870 3006 liberae
884 2944 1116 3008 consultationis
1128 2960 1211 3006 con-

220 3019 304 3095 cilio,
328 3023 412 3097 quod
426 3022 457 3081 in
478 3024 559 3085 diem
580 3032 738 3101 posterum
751 3028 897 3089 indictum
912 3035 977 3090 erat
990 3029 1133 3104 Boeotis,
1154 3043 1211 3088 re·

218 3102 321 3164 lictum
335 3121 417 3166 esse.
438 3113 579 3169 texerunt
590 3108 738 3187 dolorem,
755 3129 847 3188 quem
858 3119 888 3174 et
897 3114 1088 3190 nequiquam
1098 3118 1130 3173 et
1139 3128 1210 3173 non

219 3185 286 3246 sine
300 3189 437 3263 periculo
454 3193 672 3255 ostendissent.
702 3196 738 3258 11.
760 3194 792 3257 in
806 3198 936 3259 concilio
949 3199 1071 3260 Attalus
1085 3197 1213 3273 primus

219 3270 314 3365 verba
328 3271 407 3366 iecit.
435 3290 526 3337 orsus
541 3278 722 3342 omniorum
737 3296 863 3344 suorum
877 3281 1007 3359 suisque
1020 3289 1051 3342 et
1065 3297 1213 3343 commu·

218 3353 309 3414 nibus
329 3372 360 3415 m
379 3371 499 3420 omnem
513 3361 671 3424 Graeciam
685 3371 716 3425 et
729 3364 864 3441 propriis
879 3365 910 3425 in
925 3367 1112 3428 Boeotorum
1127 3380 1214 3441 gen·

218 3444 278 3499 tem
289 3440 411 3536 meritis,
428 3441 534 3505 senior
543 3445 604 3506 iam
615 3454 646 3507 et
656 3446 811 3525 infirmior,
825 3466 916 3526 quam
929 3457 961 3511 ut
973 3447 1213 3512 contentionem

219 3520 340 3586 dicendi
361 3526 538 3602 sustineret,
561 3530 710 3593 obmutuit
729 3538 761 3593 et
781 3533 922 3594 concidit.
956 3539 987 3594 et
1003 3535 1075 3594 dum
1095 3549 1213 3608 regem
