2600 4000
294 232 410 292 LIBER
424 231 559 292 XXXVI.
581 231 664 291 cAP.
674 239 719 293 37.
729 239 773 294 38.
790 236 948 304 [a.c.191]
1018 229 1082 294 253

189 385 337 446 XXXVII.
358 382 510 460 Principio
526 384 593 444 eius
606 382 689 457 anni,
704 398 765 457 quo
779 381 857 442 haec
871 380 931 442 iam
944 384 1083 457 prolecto

105 473 146 533 ad
160 470 273 530 bellum
286 468 337 528 Μ’.
350 467 465 540 Acilio,
486 472 628 528 manente
648 465 749 526 adhue
762 465 879 525 Romae
892 464 924 524 P.
941 464 1083 529 cornelio

105 554 236 616 consule
258 551 440 628 agebantur,
464 551 561 612 boves
586 550 667 609 dnos
688 549 819 611 domitos
840 547 871 607 in
892 548 1008 609 carinis
1030 566 1085 625 per

105 638 208 699 scalas
229 635 409 712 pervenisse
423 636 453 695 in
467 635 587 710 tegulas
602 631 735 693 aedilicii
748 631 903 708 proditum
919 631 1085 693 memoriae

105 729 163 782 est.
196 735 251 781 eos
265 720 354 780 vivos
369 717 508 779 comburi
528 719 723 792 cineremque
738 732 844 777 eorum
859 714 939 777 deici
952 716 983 774 in
996 713 1084 776 Tibe·

5 817 6 862 3
104 804 162 868 rim
177 803 359 878 haruspices
373 803 538 864 iusserunt
563 799 745 861 Tarracinae
760 807 791 861 et
803 798 952 860 Amiterni
966 798 1085 859 nuntia-

5 891 6 914 *
103 896 168 950 tum
188 892 237 948 est
259 886 441 963 aliquotiens
459 884 613 961 lapidibus
629 885 782 960 pluvisse,
800 882 962 945 Minturnis
977 882 1087 946 aedem.

104 971 187 1033 lovis
211 976 243 1031 et
262 970 405 1032 tabernas
427 969 620 1031 circulorum
636 969 675 1028 de
689 969 775 1029 eaelo
791 975 887 1030 metas
902 981 989 1042 esse,
1009 966 1081 1025 Vul-

104 1054 185 1117 turni
204 1051 236 1114 in
257 1054 336 1115 ostio
358 1052 492 1115 fluminis
512 1052 589 1113 duas
609 1067 706 1113 naves
726 1052 850 1112 fulmine
870 1053 947 1113 ictas
968 1049 1082 1112 confla-

104 1151 223 1214 grasse.
259 1153 365 1200 eorum
388 1135 599 1214 prodigiorum
624 1152 720 1197 causa
739 1135 835 1197 libros
857 1133 1024 1213 Sibyllinos
1044 1149 1082 1194 ex

105 1228 232 1283 senatus
247 1221 389 1283 consulto
400 1219 566 1282 decemviri
577 1236 646 1280 cum
658 1219 805 1295 adissent,
819 1219 1083 1281 renuntiavemnt=

107 1304 250 1365 ieiunium
271 1304 489 1367 instituendum
504 1305 604 1366 Cereri
625 1318 712 1376 esse,
735 1310 767 1364 et
786 1303 817 1363 id
838 1304 943 1379 quinto
959 1316 1085 1378 quoque

106 1402 186 1448 anno
202 1388 403 1459 servandum3
420 1394 450 1449 et
460 1397 493 1450 ut
503 1386 697 1449 novemdiale
708 1402 830 1448 socrum
842 1387 937 1460 fieret,
948 1394 979 1447 et
989 1401 1083 1446 unum

105 1471 187 1532 diem
206 1473 390 1547 supplicatio
410 1481 509 1546 esset,
531 1471 670 1533 coronati
685 1472 909 1547 supplicarent;
932 1477 962 1531 et
976 1469 1085 1531 consul

104 1553 135 1613 P.
152 1554 319 1627 cornelius,
336 1555 449 1632 quibus
463 1554 523 1617 diis
538 1555 714 1632 quibusque
727 1553 836 1617 hostiis
847 1553 1018 1615 edidissent
1031 1553 1084 1611 de·

105 1638 239 1712 cernviri,
255 1640 451 1701 sacrificaret.
484 1638 612 1716 placatis
628 1639 687 1700 diis
702 1655 783 1699 nunc
797 1638 877 1699 votis
891 1637 948 1696 rite
962 1637 1083 1696 solven-

106 1721 155 1781 dis
169 1738 251 1783 nnno
268 1722 417 1800 prodigiis
431 1723 608 1801 expiandis,
630 1724 662 1782 in
676 1722 866 1798 provinciam
881 1716 1086 1793 proficiscitur

106 1808 229 1881 consul,
250 1812 343 1883 atque
363 1808 435 1869 inde
456 1809 507 1870 cn.
528 1806 693 1869 Domitium
715 1803 931 1879 proconsulem
956 1800 1085 1861 dimisso

105 1888 242 1951 exercitu
256 1892 385 1951 Romam
399 1892 550 1952 decedere
564 1888 663 1951 iussit.
691 1885 805 1962 ipsein
819 1901 925 1960 agrum
939 1882 1085 1945 Boiorum

104 1972 244 2048 legiones
258 1970 386 2034 induxit.

188 2056 351 2116 XXXVill.
367 2054 431 2115 Sub
442 2055 525 2114 idem
537 2054 601 2115 lere
613 2061 735 2129 tempus
745 2053 875 2129 Ligures
886 2055 954 2129 lege
966 2061 1087 2115 sacrata

106 2146 214 2199 coacto
229 2138 366 2199 exercitu
378 2145 469 2200 nocte
479 2136 647 2212 improviso
661 2144 762 2198 castra
774 2137 807 2211 Q.
819 2136 943 2196 Minucii
955 2153 1086 2213 procon-

106 2223 182 2283 sulis
193 2220 335 2297 adgressi
346 2227 426 2282 sunt.
447 2219 599 2281 Minucius
612 2236 713 2296 nsque
724 2221 764 2281 ad
774 2222 874 2281 lucem
884 2219 963 2280 intra
973 2221 1087 2280 vallum

4 2320 5 2363 ι
106 2304 230 2365 militem
250 2303 429 2366 instructum
442 2304 539 2366 tenuit
553 2304 702 2377 intentus,
729 2320 767 2364 ne
783 2319 844 2380 qua
857 2304 1089 2364 transcenderet

105 2388 205 2449 hostis
226 2388 419 2450 munimenta.
442 2386 541 2465 prima
560 2388 630 2448 luce
649 2388 770 2449 duabus
792 2388 883 2447 simul
904 2387 1001 2463 portis
1019 2403 1085 2449 eru·

105 2474 240 2548 ptionem
252 2472 332 2534 lecit.
347 2487 405 2532 nec
416 2472 514 2548 primo
526 2473 649 2548 impetu,
664 2473 747 2547 quod
760 2478 946 2547 speraverat,
958 2471 1087 2546 ligures

106 2555 189 2632 pulsi
208 2562 294 2629 sunt3
316 2556 396 2618 duas
417 2556 549 2632 amplius
568 2555 664 2615 horas
685 2556 811 2615 dubium
825 2562 979 2616 certamen
995 2554 1086 2616 susti·

106 2655 217 2700 nuere=
244 2647 402 2717 postremo
418 2655 489 2701 cum
502 2640 562 2701 alia
576 2647 669 2714 atque
683 2640 743 2699 alia
757 2639 878 2715 agmina
892 2646 1088 2714 erumperent

106 2732 137 2783 et
149 2721 258 2798 integri
274 2723 367 2784 fessis
382 2723 584 2784 succederent
597 2723 636 2782 ad
651 2738 795 2798 pugnam,
810 2722 933 2782 tandem
948 2722 1087 2797 Ligures,

107 2805 185 2865 inter
199 2813 302 2866 cetera
317 2806 406 2866 etiam
419 2805 532 2879 vigiliis
548 2804 688 2879 conlecti,
703 2813 789 2880 terga
803 2805 963 2867 dederunt.
995 2820 1087 2866 caesa

107 2905 203 2964 supra
218 2895 361 2964 quattuor
374 2887 457 2948 milia
474 2888 620 2959 hostium;
643 2904 683 2947 ex
696 2888 844 2949 Romanis
860 2887 1019 2964 sociisque
1032 2888 1087 2947 mi·

106 2988 164 3033 nus
179 2972 306 3033 trecenti
321 2972 486 3047 perierunt.
508 2971 630 3032 duobus
642 2971 707 3031 lere
717 2976 789 3047 post
800 2972 958 3033 mensibus
970 2972 998 3033 P.
1013 2970 1086 3031 cor·

106 3054 207 3117 nelius
228 3058 337 3117 consul
360 3071 429 3116 cum
442 3055 589 3117 Boiorum
603 3055 740 3115 exercitu
755 3055 852 3131 signis
867 3057 985 3117 collatis
1000 3070 1085 3133 egre-

107 3139 156 3214 gie
176 3137 331 3216 pugnavit.
364 3139 587 3214 duodetriginta
607 3139 689 3199 milia
708 3137 843 3201 hostium
863 3140 967 3201 occisa
979 3140 1087 3200 Antias

107 3222 249 3285 Valerius
265 3221 385 3298 scribit,
407 3229 497 3299 capta
511 3223 567 3283 tria
581 3222 664 3283 milia
678 3229 708 3283 et
722 3223 979 3300 quadringentos,
1000 3225 1089 3299 signa

109 3303 247 3367 militaria
267 3312 387 3369 centum
407 3307 513 3382 viginti
535 3314 692 3383 quattuor,
714 3323 815 3383 equos
835 3307 917 3368 mille
937 3309 1089 3368 ducentos

4 3448 5 3455 ,
109 3385 243 3463 triginta,
259 3399 403 3467 carpenta
418 3391 549 3451 ducenta
564 3390 767 3467 quadraginta
782 3399 916 3467 septem,
939 3408 979 3451 ex
994 3390 1087 3450 victo-

4 3550 5 3553 ,
108 3471 195 3534 ribus
221 3473 300 3533 mille
320 3473 561 3550 quadringentos
586 3474 742 3549 octoginta
763 3481 906 3547 quattuor
927 3472 1090 3533 cecidisse.
