2600 4000
231 281 273 338 20
380 273 495 334 LIBER
505 272 610 339 XXXI·
634 271 717 333 CAP.
730 279 773 334 23.
786 280 829 333 rt.
846 275 883 350 [a.
896 278 931 332 U.
944 295 969 331 c.
982 284 1045 346 aar!

229 430 383 504 imposita.
421 442 526 487 carcer
545 427 636 485 etiam
657 425 696 485 ab
710 424 839 487 Rhodiis
856 427 1023 501 refractus,
1045 427 1217 505 emissique

230 512 351 589 captivi,
369 527 449 588 quos
460 510 620 586 Philippus
635 516 791 584 tamquam
803 508 834 567 in
848 509 1032 570 tutissimam
1042 512 1216 575 custodiam

230 596 419 659 condiderat.
442 595 550 656 statuis
566 593 639 652 inde
653 593 736 668 regis
748 593 876 653 deiectis
887 594 1106 669 truncatisque,
1122 596 1214 671 signo

227 681 366 756 receptui
387 681 458 741 dato
481 677 728 739 conscenderunt
747 692 861 752 naves,
887 684 918 737 et
936 676 1110 752 Piraeeum,
1129 681 1216 742 unde

228 764 359 841 proiecti
380 770 481 836 erant,
501 762 667 822 redierunt.
704 760 818 836 quodsi
830 768 947 823 tautum
960 760 1088 823 militam
1101 763 1216 824 Roma·

228 865 338 910 norum
358 847 483 918 luisset,
505 854 539 907 ut
560 852 590 905 et
604 845 723 905 Chalcis
743 846 841 905 teneri
855 852 887 905 et
900 862 962 906 non
976 846 1080 907 deseri
1094 849 1213 921 praesi-

229 934 312 993 dium
332 930 520 991 Athenarum
540 930 708 1004 potuisset,
734 945 918 1004 magnares
938 929 1091 1006 principio
1113 932 1215 992 statim

227 1017 308 1088 belli,
321 1014 441 1074 Chalcis
456 1020 487 1073 et
496 1013 630 1088 Euripus
641 1015 785 1088 adempta
794 1014 860 1087 regi
875 1013 984 1074 forent.
1006 1029 1077 1073 nam
1089 1020 1123 1074 ut
1132 1021 1216 1074 terra

227 1099 501 1175 Thermopylarum
518 1097 679 1171 angustiae
695 1097 861 1171 Graeciam,
881 1098 923 1181 ita
936 1098 1013 1157 mari
1027 1099 1138 1159 lretum
1152 1099 1208 1159 Eu·

227 1183 286 1257 ripi
303 1182 423 1242 claudit.

311 1265 417 1325 XXIV.
439 1265 631 1326 Demetriade
642 1263 870 1340 tumPhilippus
882 1271 956 1324 erat.
973 1281 1035 1340 quo
1047 1280 1116 1325 cum
1128 1272 1215 1327 esset

227 1351 366 1411 nuntiata
383 1350 488 1409 clades
503 1350 608 1410 sociae
622 1349 724 1422 urbis,
747 1363 934 1423 quamquam
948 1364 1052 1410 serum
1066 1349 1215 1409 auxilium

227 1433 356 1510 perditis
378 1440 457 1508 erat,
478 1440 580 1492 tamen
603 1448 683 1509 quae
698 1431 840 1506 proxima
852 1432 966 1493 auxilio
981 1440 1044 1507 est,
1064 1433 1214 1493 ultionem

227 1525 346 1593 petens,
355 1531 423 1576 cum
435 1517 587 1592 expeditis
601 1518 737 1592 quinque
747 1514 869 1576 milibus
881 1516 1017 1590 pediturn
1025 1522 1056 1575 et
1065 1518 1212 1577 trecentis

228 1599 383 1676 equitibus
399 1602 553 1675 extemplo
568 1602 725 1677 proiectus
738 1613 832 1660 cursu
841 1615 940 1674 prope
952 1600 1127 1661 Chalcidem
1138 1616 1213 1661 con·

227 1685 338 1762 tendit,
360 1685 598 1761 haudquaquam
620 1684 731 1745 dubius
748 1683 878 1758 opprimi
893 1685 1050 1744 Romanos
1064 1698 1170 1759 posse.
1194 1701 1215 1744 a

230 1786 292 1844 qua
306 1769 469 1829 destitutus
485 1785 551 1843 spe,
567 1784 625 1828 nec
641 1768 806 1843 quiequam
820 1766 903 1826 aliud
918 1784 1011 1842 quam
1022 1768 1062 1827 ad
1073 1768 1213 1828 deforme

230 1853 440 1926 spectaculum
461 1853 624 1912 semirutae
641 1868 678 1911 ac
694 1851 837 1911 fumantis
851 1852 957 1911 sociae
974 1852 1059 1912 urbis
1075 1867 1145 1911 eum
1158 1867 1209 1911 ve·

227 1933 336 2009 nisset,
358 1938 465 2013 paucis
480 1937 533 1995 vix
548 1937 600 2012 qui
615 1935 780 2013 sepelirent
793 1935 874 1995 hello
889 1934 1070 2011 absumptos
1085 1936 1212 2010 relictis,

229 2034 327 2094 aeque
340 2019 451 2094 raptim
467 2035 503 2080 ac
516 2029 650 2095 venerat,
665 2029 879 2095 transgressus
891 2028 986 2096 ponte
996 2020 1143 2097 Euripum
1154 2037 1214 2096 per

226 2102 386 2163 Boeotiam
413 2105 549 2166 Athenas
576 2107 674 2180 ducit,
702 2106 770 2181 pari
795 2105 918 2180 incepto
946 2104 1030 2167 haud
1054 2105 1212 2179 disparem

228 2195 370 2250 eventum
383 2195 469 2252 ratus
483 2206 715 2267 responsurum.
741 2197 772 2251 et
784 2189 1008 2265 respondisset,
1024 2190 1054 2248 ni
1069 2191 1212 2264 specula·

227 2283 275 2336 tor
286 2307 327 2318 -
339 2275 593 2337 hemerodromos
601 2280 715 2336 vocant
727 2274 842 2348 Graeci,
858 2274 968 2349 ingens
981 2274 1031 2333 die
1041 2288 1104 2333 uno
1117 2289 1213 2334 cursu

228 2359 407 2419 emetientes
436 2359 568 2434 spatium
582 2392 625 2402 -
640 2359 862 2432 contemplatus
889 2357 1008 2433 regium
1035 2371 1145 2432 agmen
1170 2373 1212 2417 ex

228 2443 357 2517 specula
379 2442 526 2515 quadam,
546 2456 751 2515 praegressus
766 2448 856 2501 nocte
870 2442 972 2502 media
986 2440 1124 2502 Athenas
1140 2456 1210 2515 per·

229 2524 373 2583 venisset.
407 2523 488 2583 idem
509 2524 550 2581 ibi
571 2539 699 2583 somnus
725 2524 895 2600 eademque
921 2525 1113 2599 neglegentia
1135 2533 1210 2599 erat,

228 2621 308 2682 quae
329 2605 502 2666 chalcidem
527 2607 594 2666 dies
622 2615 692 2667 ante
718 2623 836 2681 paucos
865 2609 1053 2685 prodiderat.
1087 2608 1211 2669 excitati

227 2689 333 2750 nuntio
346 2690 466 2764 trepido
479 2696 509 2749 et
519 2697 644 2765 praetor
655 2690 887 2753 Atheniensium
897 2692 1108 2769 etDioxippus
1119 2707 1210 2768 prae·

228 2775 325 2834 lectus
347 2771 482 2834 cohortis
503 2774 646 2833 mercede
666 2775 855 2850 militantium
871 2777 1069 2851 auxiliorum,
1092 2791 1210 2840 convo·

229 2857 303 2918 catis
320 2859 350 2916 in
372 2858 472 2918 lorum
487 2857 630 2920 militibus
651 2859 724 2919 tuba
739 2860 859 2935 signum
874 2877 913 2920 ex
928 2877 999 2922 arce
1014 2861 1080 2921 dari
1094 2860 1211 2934 iubent,

227 2948 260 3000 ut
274 2940 373 3003 hostis
389 2942 502 3003 adesse
517 2958 624 3003 omnes
639 2944 762 3004 scirent.
784 2946 824 3004 ita
835 2943 973 3020 undique
984 2946 1025 3005 ad
1037 2951 1153 3020 portas,
1169 2943 1211 3003 ad

227 3041 332 3086 muros
344 3026 527 3088 discurrunt.
550 3043 669 3102 paucas
681 3034 754 3102 post
764 3027 857 3089 horas
868 3027 1038 3104 Philippus,
1051 3028 1210 3105 aliquanto

228 3122 327 3168 tamen
342 3117 412 3170 ante
426 3114 541 3186 lucem,
561 3114 815 3188 appropinquans
829 3112 913 3185 urbi,
930 3114 1106 3188 conspectis
1122 3111 1210 3172 lumi·

227 3191 317 3253 nibus
339 3194 455 3255 crebris
477 3202 508 3255 et
527 3195 647 3257 fremitu
661 3196 818 3257 hominurn
832 3198 1048 3272 trepidantium
1064 3196 1141 3257 utin
1156 3195 1210 3256 tali

227 3277 355 3337 tumultu
380 3278 525 3338 exaudito
546 3280 691 3340 sustinuit
711 3281 815 3356 signa,
841 3287 871 3340 et
892 3281 1054 3341 considere
1077 3296 1115 3342 aa
1136 3296 1209 3342 con-

227 3362 386 3435 quiescere
402 3377 510 3436 agmen
526 3362 622 3437 iusslt‚
637 3365 668 3423 vi
679 3371 784 3440 aperta
799 3367 959 3441 propalam
970 3381 1094 3439 usurus,
1112 3381 1207 3442 quan-

227 3444 268 3505 do
283 3461 392 3519 parurn
408 3447 498 3506 dolus
513 3447 678 3522 profuerat.
707 3448 745 3508 ab
759 3448 872 3527 Dipylo
888 3450 1029 3510 accessit.
1056 3459 1147 3525 porta
1161 3465 1208 3524 ea,

225 3530 358 3590 velutin
379 3546 433 3591 ore
453 3530 538 3591 urbis
559 3532 676 3606 posita,
697 3532 795 3592 maior
814 3533 972 3607 aliquanto
992 3534 1209 3610 patentiorque

1293 1883 1296 1992 l
