2600 4000
287 245 403 307 LIBER
416 243 551 307 xxxvl.
572 245 657 305 CAP.
672 254 715 308 23.
727 255 770 309 24.
793 252 829 320 [a.
842 253 873 310 C.
889 254 949 318 tati
1041 247 1104 316 243

124 399 188 462 init.
220 397 323 458 media
336 403 427 458 nocte
440 395 578 471 receptui
592 395 714 470 signum
728 393 827 469 dedit,
847 353 878 457 et
890 397 929 458 ab
944 414 1103 475 oppugna·

125 483 208 545 done
222 481 313 542 simtu
328 495 436 541 omnes
450 479 560 540 milites
575 479 727 540 deductos
741 480 897 555 usquead
911 481 1029 543 tertiam
1044 483 1104 545 diei

123 566 231 627 boram
251 564 373 640 quietos
395 563 426 623 in
441 563 550 625 castris
564 563 669 624 tenuit.
704 562 776 623 inde
791 568 901 638 coepte
915 568 1103 640 oppugnatio

124 650 165 710 ad
178 648 310 709 mediam
321 663 430 709 rursus
442 652 563 707 noctem
575 647 724 722 perducta
735 653 792 718 est,
807 646 980 709 intermissa
991 649 1103 712 deinde

119 747 225 809 usque
244 731 284 792 nd
304 729 423 794 tertiam
444 728 505 791 diei
525 730 642 791 horam.
674 730 882 805 fatigationem
902 732 959 793 rati
978 747 1104 794 causam

123 816 301 878 esseAetoli
312 831 374 877 non
386 813 610 878 continuandae
621 813 868 889 oppugnationis,
883 830 964 890 quae
974 822 1005 876 et
1014 815 1103 891 ipsos

122 900 287 973 adiecerat,
299 899 351 960 ubi
362 896 508 960 Romanis
520 898 622 959 datum
634 896 772 974 receptui
783 897 905 972 signum
916 905 1010 974 esset,
1020 902 1103 962 velut

121 983 183 1060 ipsi
197 982 258 1044 hoc
276 983 412 1043 revocati
432 997 489 1057 pro
511 996 547 1041 se
567 982 700 1058 quisque
717 996 758 1041 ex
772 980 954 1044 stadonibus
969 982 1101 1043 decede·

122 1066 209 1141 bant,
230 1080 288 1126 nec
309 1072 380 1126 ante
400 1063 518 1126 tertiam
533 1064 593 1125 diei
609 1064 717 1125 horam
731 1064 837 1125 armati
851 1065 882 1125 in
898 1065 992 1127 muris
1006 1082 1099 1144 appa-

121 1149 238 1211 rebant.
259 1149 366 1209 XXIV.
390 1150 499 1209 consul
513 1163 583 1209 cum
596 1154 687 1209 nocte
702 1148 803 1209 media
816 1147 1030 1210 intermisisset
1044 1167 1099 1226 op·
1159 1218 1163 1223 ,

121 1232 354 1311 pugnationem,
381 1240 490 1308 quarta
513 1230 616 1307 vigilia
638 1248 747 1293 rursus
772 1232 812 1292 ab
836 1232 935 1294 tribus
962 1234 1099 1309 partibus

121 1332 241 1378 summa
263 1316 295 1376 vi
320 1316 503 1391 adgressus,
531 1331 593 1377 una
614 1315 658 1375 Ti.
684 1315 898 1392 Sempronium
925 1323 1029 1378 tenere
1054 1318 1099 1379 in·

120 1407 221 1463 tentos
245 1399 354 1460 milites
379 1398 562 1474 signumque
583 1406 799 1474 exspectantes
820 1400 925 1476 iussit,
950 1401 990 1461 ad
1011 1417 1048 1462 ea
1069 1402 1099 1463 in

120 1492 268 1546 nocturno
283 1485 427 1557 tumultu,
448 1482 530 1544 unde
545 1483 660 1543 clamor
675 1484 886 1558 exaudiretur,
909 1483 992 1546 haud
1007 1483 1099 1546 dubie

118 1576 203 1630 ratus
214 1567 313 1630 hostis
324 1582 539 1629 concursuros.
560 1566 661 1628 Aetoli
672 1583 745 1642 pars
757 1568 849 1644 sopiti
861 1567 1098 1629 adlectalabore

119 1668 157 1713 ac
169 1651 281 1727 vigiliis
296 1666 429 1727 corpora
443 1666 483 1711 ex
498 1666 606 1712 somno
622 1651 832 1724 moliebantur,
848 1666 922 1725 pars
936 1649 1097 1724 vigilantes

120 1734 223 1796 adhuc
243 1735 283 1795 ad
298 1734 457 1811 strepitum
476 1735 677 1812 pugnantium
691 1734 721 1793 in
736 1732 871 1795 tenebris
885 1739 1020 1793 currunt.
1042 1733 1097 1794 ho·

119 1827 183 1881 stes
197 1818 306 1894 partim
326 1834 383 1894 per
397 1818 502 1879 runos
516 1817 643 1879 iacentis
658 1817 737 1877 muri
750 1815 970 1877 transcendere
984 1831 1096 1878 conan-

118 1910 179 1978 tur,
200 1903 309 1977 partim
323 1902 416 1963 scalis
429 1917 580 1962 ascensus
595 1905 758 1975 temptant3
779 1899 930 1960 adversus
946 1915 1026 1975 quos
1041 1917 1096 1960 un-

117 1986 212 2061 dique
224 1986 265 2046 ad
286 1999 377 2061 opem
392 1984 549 2045 ferendam
563 1989 729 2045 occurrunt
742 1982 853 2045 Aetoii.
891 1998 965 2058 pars
981 1999 1051 2059 uno,
1066 1984 1096 2046 in

115 2084 177 2144 qua
192 2066 333 2127 aedilicia
346 2071 433 2126 extra
446 2066 553 2126 urbem
567 2072 669 2137 erant,
689 2080 792 2142 neque
806 2065 980 2127 detenditur
993 2083 1094 2143 neque

115 2156 325 2226 oppugnatura
347 2148 404 2209 sed
419 2148 471 2223 qui
485 2155 708 2225 oppugnarent,
726 2149 832 2210 intenti
847 2148 968 2223 signum
982 2165 1093 2225 exspe-

116 2233 255 2302 ctabant;
282 2231 429 2292 defensor
448 2247 538 2292 nemo
558 2231 674 2291 aderat.
706 2230 766 2293 iam
781 2232 1003 2305 dilucescebet,
1025 2248 1093 2294 curn

114 2318 234 2393 signum
255 2316 365 2377 consul
385 2315 485 2386 dedita
514 2323 544 2378 et
564 2315 631 2375 sine
650 2317 712 2377 ullo
734 2315 896 2377 certamine
917 2315 1025 2392 partim
1039 2332 1095 2392 per

113 2401 231 2464 dirutos
245 2401 355 2476 partim
368 2399 462 2461 scalis
477 2400 614 2475 integros
628 2416 733 2461 muros
748 2400 975 2461 transcendere.
1003 2399 1094 2460 simul

114 2487 237 2560 clamor,
251 2484 344 2546 iudex
358 2483 439 2560 capti
454 2484 569 2560 oppidi,
585 2489 634 2544 est
647 2484 826 2559 exauditus,
841 2482 979 2559 undique
992 2483 1094 2545 Aetoli

113 2570 244 2632 desertis
264 2568 447 2631 stolonibus
468 2568 499 2628 in
514 2584 617 2629 arcem
631 2568 759 2643 lugiunt.
796 2567 945 2644 oppidum
958 2566 1092 2628 victores

113 2653 266 2730 permissu
285 2653 423 2714 consulis
437 2651 596 2728 diripiunt,
617 2668 680 2714 non
694 2658 756 2713 tam
769 2651 808 2712 ab
822 2652 869 2712 ire
882 2666 940 2711 nec
955 2651 994 2712 ab
1008 2650 1091 2727 odio,

1 2736 2 2739 ’
113 2753 204 2814 quun
223 2743 257 2797 ut
276 2735 379 2812 miles,
400 2736 553 2798 coercitus
567 2735 597 2796 in
612 2740 657 2795 tot
669 2736 802 2811 receptis
817 2750 857 2796 ex
871 2742 1023 2810 potestate
1036 2735 1091 2796 ho

112 2820 204 2882 stium
217 2817 360 2894 urbibus,
374 2816 478 2893 aliquo
491 2819 614 2879 tandem
628 2818 697 2879 loco
713 2819 843 2879 fructum
859 2817 1007 2880 victoriae
1021 2834 1090 2880 sen·

111 2905 188 2965 tiret.
203 2907 366 2964 revocatos
376 2900 450 2963 inde
461 2917 480 2961 a
490 2900 591 2962 medio
604 2901 698 2960 terme
709 2902 760 2961 die
770 2901 879 2962 milites
890 2916 959 2962 cum
970 2902 999 2962 in
1012 2903 1090 2963 duas

112 2986 270 3050 divisisset
283 2993 396 3061 partes,
413 3001 504 3045 unam
518 2982 673 3045 radicibus
688 2984 834 3046 montium
848 2985 1035 3045 circumduci
1050 2987 1090 3046 ad

111 3088 219 3149 rupem
230 3068 329 3143 iussit,
337 3085 418 3145 quae
428 3066 550 3143 fastigio
562 3067 727 3130 altitudinis
738 3085 796 3144 par
806 3068 907 3128 media
917 3069 996 3129 valle
1008 3071 1091 3131 velut

112 3156 242 3232 abrupta
255 3153 294 3214 ab
309 3167 380 3214 arce
395 3159 469 3227 erat,
484 3152 541 3212 sed
554 3152 634 3214 adeo
648 3166 749 3228 prope
762 3151 915 3227 geminata
929 3152 1090 3213 eacumina

112 3255 219 3299 eorum
239 3238 387 3299 montium
403 3244 489 3309 sunt,
511 3244 544 3297 ut
565 3251 605 3297 ex
626 3235 739 3298 vertice
760 3237 855 3296 altero
871 3236 970 3297 conici
984 3239 1045 3297 tela
1058 3236 1088 3296 in

112 3337 214 3382 arcem
229 3329 370 3396 possent3
387 3336 456 3382 cum
467 3318 592 3380 dimidia
607 3328 692 3395 parte
706 3319 831 3381 militurn
841 3321 950 3383 consul
961 3319 1000 3381 ab
1011 3319 1088 3379 urbe

113 3419 300 3465 escensurus
320 3405 350 3465 in
365 3421 481 3476 arcem,
504 3401 625 3478 signum
639 3404 679 3463 ab
692 3402 747 3477 iis,
770 3403 822 3480 qui
836 3405 876 3464 ab
890 3411 977 3478 tergo
991 3403 1021 3461 in
1036 3419 1086 3461 ru·

113 3503 184 3565 pun
203 3487 324 3548 evasuri
344 3494 444 3562 erant,
465 3486 674 3561 exspectabat
708 3502 771 3551 non
790 3487 887 3547 tulere
902 3485 999 3562 quiin
1014 3499 1086 3543 arce

822 3567 877 3629 16*
