2600 4000
187 223 248 290 158
337 221 622 296 ,umuaxxmu
645 221 783 285 carso
806 227 889 295 [su
903 227 1002 293 0.st

187 376 279 438 modo
295 372 676 435 consiliisedvixmeutis
691 388 820 448 compos
835 380 928 434 esset
953 371 1088 434 xxm
1108 373 1169 434 Rc
1292 370 1294 419 ἰ

186 475 295 521 manos
309 458 408 535 primo
423 456 615 519 sustinebant
627 456 660 516 in
673 456 823 533 angustiis
836 455 1089 532 Lacedaemonii,
1111 464 1170 518 ter·
1293 510 1294 525 ,

186 558 308 620 raeque
328 543 413 603 acies
427 548 567 618 tempore
580 555 643 601 uuo
658 540 736 601 locis
751 540 883 602 diversis
898 541 1093 617 pugnabaut3
1116 541 1168 602 de·
1292 548 1294 555 ’

187 629 258 689 iude
278 633 438 688 crescente
458 626 624 687 certamina
643 640 840 702 nequaquam
857 631 924 686 erat
937 625 1090 701 proelium
1103 641 1169 701 par.

186 713 355 774 missilibus
372 710 454 771 enim
465 708 701 771 Laoedaemouii
715 709 908 787 pugnabant,
927 725 947 769 a
962 709 1076 785 quibus
1090 725 1126 770 se
1140 718 1171 771 et

186 795 394 874 magnitudine
414 795 494 856 scuti
514 793 661 871 perfacile
673 794 832 855 Romanus
852 792 994 855 tuebatur
1014 793 1119 870 miles,
1139 802 1169 855 el

187 883 273 957 quod
283 880 334 941 alii
344 878 415 940 vaui
427 879 478 938 alii
488 879 574 939 leves
586 876 753 940 admodum
763 876 842 939 ictus
849 883 945 938 eraut
959 894 1031 938 uam
1042 884 1170 953 propter

187 965 344 1042 angrrstias
366 963 426 1024 loci
447 962 679 1037 consulamque
697 961 818 1023 turbam
836 978 899 1023 nou
919 962 1013 1023 modo
1029 962 1070 1022 ad
1084 960 1168 1022 emit·

187 1049 281 1111 tanda
294 1062 363 1108 cum
378 1061 540 1123 procursu,
556 1061 617 1121 quo
632 1045 797 1122 plurimum
810 1045 1002 1107 concitantur
1011 1046 1082 1120 tela,
1097 1060 1168 1121 spa-

186 1134 261 1194 tium
275 1128 443 1203 habebant,
465 1131 523 1191 sed
536 1145 576 1189 ue
589 1137 623 1190 ut
636 1131 677 1190 de
690 1128 790 1206 gradu
804 1129 929 1205 quidem
942 1129 1039 1190 libero
1054 1144 1092 1190 ac
1106 1136 1166 1190 stu·

186 1216 239 1278 bili
254 1221 445 1277 conarentur.
463 1215 568 1290 itaque
581 1229 622 1274 ex
635 1213 771 1275 adverso
785 1213 882 1276 missa
891 1215 953 1275 tela
963 1215 1047 1274 nuda
1056 1214 1088 1274 in
1100 1230 1166 1274 cor-

187 1300 324 1377 poribus,
340 1314 411 1359 rara
424 1298 456 1359 iu
471 1298 568 1360 scutis
581 1297 759 1359 haerebant
790 1296 829 1357 ab
844 1297 1113 1359 circumstantibus
1128 1311 1167 1357 ex

186 1381 399 1461 superioribus
409 1381 487 1444 locis
498 1383 648 1443 minuati
657 1382 782 1458 quidam
793 1387 881 1452 suut;
896 1398 969 1443 mox
980 1395 1167 1458 progressos

187 1471 247 1531 iam
260 1467 350 1529 etiam
365 1481 405 1535 ex
418 1463 507 1527 tectis
521 1481 583 1528 ron
597 1469 660 1527 tela
673 1467 766 1527 modo
781 1467 839 1529 scd
853 1467 975 1542 tegulae
987 1481 1113 1543 quoque
1123 1465 1166 1525 in·

188 1550 342 1629 opinantis
353 1552 558 1627 perculerunt
575 1550 704 1612 sublatis
715 1550 828 1611 deiude
839 1567 936 1626 supra
946 1551 1050 1627 capita
1061 1550 1167 1625 scutis,

187 1637 433 1713 continuatisque
455 1635 498 1696 ita
511 1634 590 1696 inter
603 1649 655 1707 se,
676 1641 784 1695 utnon
798 1634 891 1696 modo
906 1636 947 1695 ad
961 1649 1073 1696 caecos
1089 1633 1168 1695 ictus

187 1722 246 1783 sed
265 1735 305 1780 ne
322 1720 361 1781 ad
382 1720 580 1781 inserendum
600 1717 725 1794 quidem
745 1733 784 1778 ex
803 1720 979 1795 propinquo
999 1721 1094 1780 telum
1108 1718 1166 1779 loci

189 1806 353 1882 quicquam
374 1811 473 1878 esset,
494 1803 648 1866 testudine
669 1803 749 1863 lacta
762 1801 914 1864 subibant
938 1810 969 1865 et
983 1801 1100 1878 primae
1114 1818 1167 1862 an·

187 1890 307 1965 gustiae
321 1889 495 1963 paulisper,
516 1904 573 1949 sua
586 1887 784 1964 hostiumque
796 1886 928 1948 refertae
941 1887 1044 1960 turba,
1062 1893 1167 1949 tanue-

186 1978 271 2035 runt=
299 1977 464 2048 postquam
483 1971 514 2032 in
533 1971 733 2049 patentiorem
752 1972 834 2033 viam
853 1971 938 2035 urbis
959 1971 1105 2048 paulatim
1117 1988 1167 2033 ur-

187 2064 294 2134 gentes
319 2056 440 2118 hostem
463 2072 663 2133 processere,
689 2073 751 2118 non
775 2059 856 2118 ultra
878 2056 926 2117 vis
947 2072 1055 2117 eorum
1075 2064 1168 2133 atque

188 2143 318 2219 impetus
339 2141 483 2203 sustineri
507 2148 659 2218 poteraut
693 2158 763 2203 cum
783 2148 870 2216 terga
888 2142 1053 2202 vertissent
1073 2140 1167 2200 Lace·

187 2226 340 2288 daemonii
361 2234 393 2288 et
413 2227 484 2302 luga
504 2225 605 2288 effusa
625 2226 786 2302 superiora
807 2232 947 2301 peterent
968 2225 1053 2300 loca,
1073 2223 1168 2284 Nabis

100 2377 102 2382 ,
188 2311 326 2387 quidem,
346 2320 380 2373 ut
394 2316 486 2386 capta
505 2312 583 2371 urbe
596 2309 771 2385 trepidans,
794 2325 927 2386 quanam
940 2310 1009 2385 ipse
1024 2308 1169 2369 evaderet

187 2395 470 2470 circumspectabat,
484 2393 675 2469 Pythagoras
690 2407 760 2455 cum
773 2393 814 2453 ad
825 2401 926 2455 cetera
935 2392 1037 2455 animo
1050 2392 1168 2455 alticio-

187 2494 249 2556 que
269 2478 357 2539 ducis
378 2475 575 2551 tangebatur,
598 2482 661 2537 tum
680 2493 755 2537 vero
768 2493 850 2539 unus
864 2492 904 2537 ne
919 2484 1080 2554 caperetur
1092 2476 1168 2536 urbs

189 2576 284 2622 causa
305 2560 375 2621 luite
397 2560 544 2620 succendi
559 2560 640 2620 enim
656 2558 797 2622 aedificia
809 2562 952 2637 proxima
964 2578 1052 2623 muro
1067 2560 1167 2621 iussit
1290 2601 1291 2606 κ

189 2659 269 2720 quae
290 2659 359 2705 cum
377 2649 531 2704 momento
554 2644 699 2720 temporis
717 2645 882 2722 arsissent,
904 2652 938 2707 ut
951 2644 1168 2707 adiuvantibus

188 2728 289 2803 ignem
314 2725 367 2804 qui
391 2727 467 2787 alias
488 2726 528 2787 ad
554 2730 811 2805 exstinguendum
836 2745 927 2805 opem
952 2730 1032 2790 lerre
1057 2730 1167 2801 solent,

188 2827 278 2872 ruere
292 2812 322 2872 in
337 2813 493 2873 Romanos
508 2818 602 2888 tectu,
623 2828 681 2873 nec
698 2816 868 2889 tegularum
889 2813 982 2875 modo
998 2815 1168 2889 fragmenta

188 2896 245 2957 sad
260 2896 350 2957 etiam
364 2896 504 2958 ambusta
517 2896 602 2972 tigna
615 2897 656 2957 ad
668 2905 800 2960 armatos
813 2898 985 2974 pervenire,
1000 2904 1032 2959 et
1045 2896 1169 2958 flamma

188 2981 248 3041 late
267 2979 367 3056 tundi,
389 2982 491 3042 tumus
512 2987 660 3043 terrorem
674 2982 763 3043 etiam
778 2982 925 3045 maiorem
940 2999 1034 3058 quam
1048 2981 1168 3058 pericu·

188 3064 251 3125 lum
265 3064 375 3125 iacere.
398 3066 501 3140 itaque
515 3072 544 3125 ct
559 3066 611 3140 qui
626 3072 714 3125 extra
726 3068 833 3127 urbem
848 3071 936 3129 erant
948 3067 1168 3137 Romanorum,

188 3154 251 3209 tum
264 3148 396 3210 maxime
410 3148 541 3225 impetus
558 3148 720 3225 iacientes,
740 3166 901 3213 recessere
915 3166 935 3211 a
948 3167 1051 3225 muro,
1067 3156 1098 3211 et
1117 3148 1167 3224 qui
1287 3201 1288 3204 ,

188 3232 249 3293 lam
268 3232 468 3306 intraverant,
491 3247 530 3293 ne
543 3232 686 3295 incendio
701 3233 740 3294 ab
753 3240 840 3310 tergo
855 3235 971 3297 oriente
985 3232 1169 3296 interclude

187 3324 293 3378 rantur
312 3316 350 3377 ab
373 3317 453 3389 suis,
474 3323 658 3393 receperunt
671 3332 752 3379 sese.
786 3324 817 3379 et
831 3317 987 3393 Quinctius
1004 3325 1169 3395 postquam
1285 3383 1286 3388 ἵ

190 3401 264 3479 quid
278 3400 323 3463 rei
337 3406 422 3462 esset
433 3400 523 3474 vidit,
538 3403 675 3477 receptui
690 3417 802 3463 carere
816 3402 913 3463 iussit.
947 3402 989 3464 ita
1001 3404 1063 3464 iam
1077 3406 1170 3476 capta

190 3502 287 3564 prope
300 3485 377 3547 urbe
391 3484 526 3545 revocati
540 3485 569 3545 iu
586 3491 688 3547 castra
700 3486 865 3548 redienmt.
