2600 4000
281 184 397 292 unna
408 232 542 292 mcxlv.
565 232 758 294 carena.
781 240 817 306 [ι.
830 240 862 291 c.
875 240 940 307 ιιι]
1036 233 1096 297 tte

116 400 195 456 vam,
212 382 309 458 signis
324 382 452 458 collatis,
467 383 605 464 secundo
620 383 739 459 proelio
756 381 902 445 conflixit.
929 391 999 446 octo
1012 386 1096 448 milia

116 468 272 529 Gallorum
293 480 387 526 caesa
406 468 583 538 traductum
611 465 705 527 ceteri
725 466 841 527 onisso
862 465 943 528 bello
964 467 995 528 in
1008 470 1096 533 vicos

116 567 192 614 suos
208 557 302 626 atque
321 566 414 626 egros
430 550 552 626 dilapsi.
587 552 697 612 consul
708 550 860 626 reliquunt
875 553 1001 613 aestatis
1016 553 1098 615 cirea

115 636 232 696 Padum
251 634 423 695 Placentiae
443 641 475 695 et
494 635 662 696 cremonae
683 634 850 695 exercitum
870 633 989 711 habuit,
1009 637 1096 697 resti-
1163 658 1166 663 ·

115 721 234 795 luitque
242 733 329 793 ,quac
343 718 373 778 in
387 718 425 780 iis
440 715 660 795 oppidis'betlo
675 718 776 779 dirma
790 719 918 779 inerant.

203 802 277 863 Cum
289 802 339 863 hie
354 807 451 864 status
471 819 574 864 rerum
588 803 618 862 in
632 803 719 864 ltalia
731 802 946 878 Hispaniaque
957 811 1049 876 esset,
1063 805 1096 864 T.

117 886 256 963 Quinctio
271 886 303 946 in
319 886 446 947 Graecia
458 886 501 948 ita
513 887 649 947 hibernis
665 888 752 961 actis,
767 893 800 946 ut
814 886 954 961 exceptis
968 887 1097 963 Aetolis,

117 971 230 1048 quibus
254 985 313 1030 nec
334 986 390 1045 pro
412 986 470 1046 spe
488 971 636 1038 uictoriae
657 969 793 1046 praeuia
813 970 1016 1045 contigerant,
1039 985 1098 1031 nec

116 1056 169 1115 din
190 1055 278 1131 quies
300 1056 425 1130 placere
444 1060 578 1138 poterat,
598 1055 743 1115 universa
759 1054 887 1115 Graecia
905 1055 996 1115 simul
1009 1055 1097 1130 pacis

117 1138 327 1213 libertatisque
348 1139 509 1213 pertinens
525 1138 620 1200 bonis
635 1138 759 1214 egregie
774 1145 854 1199 statu
867 1155 924 1200 suo
940 1138 1089 1214 gauderet

117 1237 176 1283 nec
196 1221 295 1298 magis
310 1221 339 1281 in
353 1222 435 1282 bello
446 1224 588 1284 virtutem
601 1223 731 1303 Romani
746 1220 835 1283 ducis
850 1223 987 1297 quanin
1003 1222 1097 1283 nicto

115 1306 162 1367 ria
172 1306 403 1382 temperantiam
416 1305 622 1382 iustitiamque
636 1313 667 1368 et
675 1307 916 1367 moderationem
928 1306 1096 1380 miraretur,

116 1396 244 1452 senatus
258 1385 440 1466 consultum,
455 1407 517 1467 quo
531 1392 645 1452 bellum
659 1392 810 1452 adversus
819 1390 932 1451 Nabim
942 1390 1096 1452 Lacedae

116 1475 251 1536 menium
267 1474 423 1536 decretum
435 1483 507 1552 erat,
520 1476 664 1537 adfertur.
688 1492 750 1550 quo
761 1477 840 1536 lecto
854 1474 1097 1549 Quinctius'con-

117 1565 241 1621 ventum
255 1557 428 1621 Corinthum
443 1561 577 1626 omnium
594 1560 747 1621 sociarum
762 1559 926 1620 civitatium
940 1557 1098 1633 legationi-

117 1643 177 1703 bus
189 1642 219 1702 in
231 1641 311 1703 diem
322 1651 434 1705 certam
445 1642 544 1706 edicit.
559 1645 599 1705 ad
611 1660 704 1719 quam
715 1643 767 1704 ubi
777 1643 955 1718 frequentes
961 1641 1099 1715 audique

119 1725 274 1803 principes
288 1737 511 1804 convenerunt,
531 1729 574 1790 ita
588 1736 621 1790 ut
635 1744 675 1788 ne
688 1727 789 1788 Aetoli
804 1725 929 1801 quidem
942 1724 1098 1798 abessent,

119 1810 170 1872 tali
192 1812 329 1873 eratione
348 1819 397 1873 est
414 1829 503 1874 usus.
534 1813 669 1886 „bellum
683 1812 834 1870 adversus
848 1807 1022 1883 Philippum
1035 1811 1102 1867 non·

118 1895 215 1970 magis
228 1897 383 1959 communi
397 1898 499 1957 animo
514 1896 707 1971 consilioque
718 1894 849 1955 Romani
864 1899 895 1952 et
905 1892 1014 1952 Graeci
1028 1907 1097 1966 ges-

117 1986 237 2052 serunt,
261 1996 353 2056 quam
373 1980 494 2055 utrique
514 1995 588 2040 suas
605 1995 716 2041 causas
730 1978 802 2040 belli
819 1977 1000 2038 habuerunt.
1029 1992 1097 2037 nam

116 2070 148 2125 et
161 2065 369 2125 Romanorum
390 2062 550 2122 amicitiam
564 2079 646 2123 nunc
661 2062 918 2137 Carthaginiensis
932 2061 1030 2122 hostis
1046 2077 1097 2121 eo·

116 2163 185 2207 rum
199 2146 350 2219 iuvando,
371 2160 452 2204 nunc
466 2145 516 2204 hic
530 2145 624 2205 sociis
639 2141 988 2219 nostris‘oppugnandis
1002 2145 1098 2203 viola·
1206 2215 1209 2219 Α

117 2236 221 2298 verat;
243 2234 274 2288 ct
288 2227 319 2286 in
332 2243 390 2289 vos
404 2227 478 2288 talis*
488 2227 552 2302 luit,
566 2233 600 2287 ut
614 2228 713 2302 nobis,
729 2227 848 2286 etiamsi
859 2231 1033 2287 nostrarum
1046 2227 1099 2286 ob-

117 2311 330 2373 livisceremur
342 2310 527 2385 iniuriarum,
542 2317 665 2371 vestrae
676 2310 802 2371 iniuriae
813 2308 889 2371 satis
900 2309 993 2385 digna
1005 2323 1101 2370 causa

117 2396 190 2457 belli
216 2396 313 2456 luerit.
346 2395 495 2457 hodierna
516 2394 700 2457 consultatio
721 2400 785 2456 tota
804 2410 844 2454 ex
863 2393 954 2455 vobis
975 2394 1098 2470 pendet

117 2480 219 2541 relern
235 2478 316 2540 enirn
330 2481 370 2540 ad
384 2495 451 2554 vos,
466 2486 566 2541 utrum
580 2480 693 2554 Argos,
709 2478 794 2539 sicut·
802 2479 887 2539 scitis
901 2478 972 2560 ipsi,
987 2478 1026 2538 ab
1041 2477 1095 2537 lla·

86 2627 89 2630 ,
118 2562 190 2623 bide
211 2570 382 2640 occupatos
402 2564 466 2640 pati
479 2564 580 2625 velitis
595 2564 653 2624 snb
668 2563 789 2623 dicione
804 2563 870 2624 eius
886 2578 972 2634 esse,
994 2577 1032 2623 an
1049 2577 1093 2621 ae
1144 2610 1147 2615 .

120 2661 215 2721 quum
230 2648 382 2709 censeatis
393 2648 614 2710 nobilissimam
624 2646 926 2723 vetustissimamque
938 2645 1097 2720 civitaten,

120 2731 149 2789 ln
171 2731 273 2790 media
294 2732 422 2792 Graecia
445 2731 548 2803 sitam,
574 2731 672 2806 repeti
696 2731 727 2790 in
748 2732 916 2792 libertatem
936 2738 967 2792 et
990 2729 1100 2791 eodem

120 2819 200 2873 statu
226 2828 287 2889 quo
313 2822 431 2876 ceteras
455 2816 549 2876 urbes
568 2813 775 2890 Peloponnesi
800 2822 830 2875 et
850 2814 997 2874 Graeciae
1018 2828 1099 2873 esse.

60 2894 66 2903 '
120 2897 199 2956 haec
214 2899 411 2973 consultatio,
431 2905 465 2959 ut
478 2899 605 2972 videtis,
624 2903 688 2958 tota
701 2898 741 2958 de
754 2914 788 2958 re
802 2898 973 2973 pertinente
988 2898 1099 2957 advos

86 3017 89 3020 -
120 2986 184 3040 est:
217 2981 373 3043 Romanos
402 2982 476 3042 nihil
504 2981 664 3056 contingit,
693 2980 753 3042 nisi
778 2987 930 3058 quatenus
955 2981 1100 3040 liberatae

120 3064 267 3125 Graeciae
281 3066 373 3127 unius
388 3066 517 3126 civitatis
532 3064 665 3126 servitus
677 3081 741 3127 non
752 3066 873 3141 plenam
885 3080 943 3125 nee
953 3066 1100 3139 integrum

120 3148 247 3221 gloriam
269 3164 341 3210 esse
356 3149 435 3211 sinit.
465 3156 599 3210 ceterum
613 3149 640 3210 si
655 3166 713 3211 vos
728 3148 787 3210 nec
801 3165 875 3210 cnm
885 3146 955 3209 eius
970 3146 1100 3208 civitatis

14 3295 17 3299 A
121 3245 179 3290 nec
200 3236 374 3309 exemplum
399 3249 457 3293 nec
482 3234 651 3309 periculum
675 3240 792 3308 movet,
817 3248 857 3294 ne
881 3239 987 3309 serpat
1009 3227 1099 3300 latius

120 3317 262 3391 contagio
283 3318 350 3379 eius
370 3317 458 3389 mali,
479 3334 538 3379 nos
558 3318 650 3393 aequi
664 3317 802 3392 bonique
815 3318 951 3378 lecimus.
989 3316 1028 3376 de
1042 3314 1101 3374 hac

120 3413 154 3458 re
175 3415 232 3460 vos
255 3404 400 3477 consulo,
422 3407 557 3463 staturus
578 3417 632 3475 eo,
651 3401 743 3476 'quod
763 3402 867 3477 plures
888 3396 1100 3481 censueritis.“

120 3482 224 3543 XXlll.
254 3493 327 3561 post
355 3486 522 3548 orationem
547 3484 678 3546 Romani
703 3485 895 3562 imperatoris
923 3479 1098 3563 percenseri
