2600 4000
310 231 568 310 traunxxxm.
592 249 674 338 ono.
688 258 732 311 ao.
747 259 789 311 ar.
812 253 847 328 [a.
862 258 893 308 c.
911 259 973 325 no]
1065 252 1126 315 tce

145 400 194 463 iris
201 398 363 477 Philippus
378 399 553 472 deduceret,
568 399 747 476 vacuasque
759 400 1044 476 traderetRomanis
1055 412 1126 465 ante

131 482 340 560 ‘Isthmiorum
360 491 491 558 tempus.
534 483 702 544 deduceret
721 490 751 544 et
771 500 811 544 ex
825 483 890 557 his,
911 485 1036 560 quaein
1049 484 1126 548 Asia

144 576 260 642 essent,
273 568 408 627 Euromo
423 564 615 642 Pedasisque
629 566 820 644 etBargyliis
835 575 866 627 et
880 567 950 628 Iaso
965 576 996 629 et
1003 568 1126 646 Myrina

145 660 177 713 et
188 651 302 729 Abydo
317 657 349 710 et
363 650 464 711 Thaso
480 656 511 709 et
523 649 681 711 Perintho:
697 667 752 711 eas
768 668 895 726 quoque
910 649 992 712 enim
1000 653 1125 728 placere

146 735 257 795 liberas
278 749 360 794 esse.
404 734 444 793 de
466 731 627 794 Cianorum
646 734 786 795 libertate
807 734 980 809 Quinctium
998 735 1124 796 Prusiae

145 817 348 895 Bithynorum
369 815 435 892 regi
450 815 585 877 scribere
601 815 676 893 quid
697 818 817 879 senatui
837 826 868 879 et
888 820 995 879 decem
1015 819 1124 893 legatis

144 900 324 978 placuisset.
352 898 508 975 captivos
533 902 772 977 transfugasque
796 902 927 963 reddere
950 902 1125 978 Philippum

145 982 306 1056 Romanis,
329 992 360 1044 et
373 982 462 1044 navis
478 983 578 1067 omnis
592 992 690 1045 tectas
710 986 832 1046 tradere
848 992 972 1061 praeter
986 986 1124 1062 quinque

143 1077 174 1130 et
187 1067 303 1144 regiam
320 1083 410 1127 unam
425 1066 567 1128 inhabilis
578 1084 678 1144 prope
688 1067 914 1143 magnitudinis,
930 1086 1022 1144 quarn
1033 1071 1123 1131 sede-

143 1151 203 1212 cim
216 1168 328 1213 versus
342 1166 496 1212 remorum
509 1153 649 1227 agebant.
684 1169 724 1212 ne
743 1154 813 1228 plus
829 1152 965 1229 quinque
979 1151 1062 1214 milia
1075 1170 1123 1214 ar·

143 1245 294 1297 matorum
307 1234 450 1309 haberet,
464 1250 543 1296 neve
558 1235 754 1311 elephantum
769 1238 872 1296 ullum.
907 1238 1021 1298 bellum
1034 1246 1122 1298 extra

142 1317 344 1380 Macedoniae
358 1317 437 1379 fines
452 1334 492 1379 ne
505 1317 626 1380 iniussu
640 1328 766 1381 senatus
780 1329 908 1395 gereret.
930 1321 1013 1381 mille
1026 1322 1122 1382 talen-

133 1413 208 1465 ·tum
222 1402 308 1462 daret
320 1404 438 1477 populo
452 1403 601 1475 Romane,
618 1402 776 1464 dimidium
786 1420 947 1479 praesens,
963 1403 1122 1466 dimidium

145 1482 346 1562 pensionibus
361 1487 468 1546 decern
482 1502 641 1547 annorum.
664 1485 806 1549 Valerius
819 1487 929 1549 Antias
942 1496 1123 1564 quaternum
1238 1549 1249 1568 Ι

122 1611 124 1616 ,
145 1567 260 1629 milium
280 1570 382 1644 pondo
404 1570 520 1644 argenti
540 1569 672 1646 vectigal
692 1569 723 1629 in
744 1571 851 1631 decem
873 1588 972 1633 annos
995 1571 1122 1648 imposi-

146 1662 209 1714 tum
220 1651 286 1729 regi
300 1652 405 1725 tradlt;
423 1653 567 1715 Claudius
583 1653 614 1713 in
628 1670 728 1715 annos
742 1653 864 1728 triginta
880 1663 1027 1730 quaterna
1040 1653 1123 1715 milia
1185 1649 1193 1658 ’

145 1735 247 1813 pondo
268 1745 298 1797 et
318 1737 454 1811 ducena,
486 1754 638 1814 praesens
658 1736 766 1811 viginti
786 1737 868 1796 milia
881 1737 998 1812 pondo.
1041 1736 1123 1798 idem

144 1819 320 1882 nominatim
333 1819 487 1899 adiectum
500 1821 608 1882 scribit
617 1837 657 1881 ne
671 1837 741 1881 cum
751 1821 888 1881 Eumene
898 1819 992 1882 Attali
1006 1819 1069 1883 filio
1079 1852 1123 1864 -

142 1921 242 1966 novus
256 1903 285 1965 is
300 1911 363 1964 tum
375 1920 433 1964 rex
447 1912 512 1964 erat
521 1936 564 1952 —-
576 1904 691 1965 bellmn
705 1913 834 1979 gereret.
856 1903 888 1964 iu
901 1899 980 1966 haec
995 1903 1122 1965 obsides
1241 1926 1244 1929 ⁴

144 1986 272 2065 accepti,
287 1986 366 2047 inter
381 2003 461 2062 quos
474 1986 646 2062 Demetrius
653 1987 784 2064 Philippi
795 1988 886 2050 lilius.
911 1986 1006 2052 adicit
1012 1985 1122 2051 Antias

146 2070 287 2133 Valerius
300 2070 403 2130 Attalo
418 2069 539 2129 absenti
557 2069 709 2142 Aeginam
733 2070 865 2130 insulam
878 2073 1123 2148 elephantosque

142 2157 227 2215 dono
244 2152 349 2222 datos,
370 2158 402 2210 et
418 2148 548 2210 Rhodiis
564 2149 784 2211 Stratoniceam
800 2152 967 2228 Cariaeque
981 2153 1058 2213 alias
1072 2171 1122 2213 ur-

141 2237 216 2309 bes,
237 2248 316 2308 quas
330 2231 488 2309 Philippus
503 2234 667 2304 tenuissem
683 2232 922 2296 Atheniensibus
937 2235 1055 2295 insulas
1069 2238 1141 2296 da··

142 2329 202 2393 tas,
215 2318 372 2390 Lemnum,
387 2317 529 2390 imbrum,
543 2317 662 2391 Delum,
678 2315 818 2394 Scyrum.

225 2399 332 2463 XXXI.
369 2399 516 2462 Omnibus
538 2398 686 2462 Graeciae
707 2399 881 2464 civitatibus
906 2403 986 2462 hanc
1011 2418 1122 2477 pacem

143 2483 386 2562 approbantibus
397 2481 565 2546 soliAetcli
576 2485 732 2546 decretum
743 2486 850 2546 decem
861 2486 1032 2562 legatorum
1043 2487 1121 2546 clam
1200 2516 1213 2523 ν

143 2576 318 2631 mussantes
333 2570 508 2645 carpebant.
539 2567 655 2629 litteras
670 2568 770 2631 inanis
784 2586 866 2630 vana
879 2570 986 2647 specie
1000 2571 1119 2632 liberta·

144 2651 183 2714 tis
197 2653 394 2727 adumbratas
409 2668 496 2712 esse:
511 2668 567 2714 cur
581 2650 662 2712 enirn
676 2652 752 2714 alias
763 2654 910 2715 Romanis
924 2653 1003 2716 tradi
1016 2655 1121 2727 urbes,

144 2751 202 2797 nec
216 2733 366 2796 nominari
381 2752 449 2807 eas,
466 2733 543 2795 alias
557 2734 722 2809 nominari,
743 2746 774 2798 et
788 2736 856 2798 sine
869 2736 1032 2798 traditione
1045 2736 1120 2798 libe-

143 2835 195 2879 ras
209 2817 307 2880 iuberi
320 2835 408 2892 esse,
425 2815 485 2878 nisi
500 2817 598 2893 quod,
621 2836 701 2894 quae
716 2818 747 2879 in
759 2819 837 2880 Asia
851 2819 926 2894 sint,
946 2820 1120 2896 liberentur,

103 2951 106 2957 .
146 2900 366 2978 longinquitate
380 2899 451 2978 ipsa
466 2901 608 2975 tutiores,
631 2919 711 2977 quae
732 2903 762 2961 in
777 2902 994 2977 Graecia'sint,
1011 2921 1050 2964 ne
1064 2920 1119 2965 no-

146 2983 277 3049 minatae
298 2983 421 3060 quidcm
446 2983 692 3061 intercipiantur,
718 2984 880 3047 Corinthus
901 2995 932 3047 et
949 2987 1067 3048 Chalcis
1090 2995 1121 3048 et
1170 3056 1174 3061 ,

146 3067 244 3129 Oreus
259 3084 328 3128 cum
341 3067 481 3130 Erethria
494 3078 525 3130 et
537 3067 739 3130 Demetriade.
763 3086 820 3130 nee
835 3076 898 3131 tcta
912 3088 952 3130 ex
965 3088 1046 3132 vano
1062 3069 1118 3131 cri-

144 3150 268 3213 minatio
285 3160 359 3212 erat
382 3150 575 3214 dubitabatur
589 3152 670 3213 enim
685 3155 724 3213 de
739 3153 882 3214 Corintho
894 3162 925 3214 et
935 3153 1078 3214 Chalcide
1090 3161 1120 3214 et
1220 3160 1222 3163 ’

144 3233 353 3307 Demetriade,
375 3234 448 3310 quia
462 3235 493 3295 in
508 3247 633 3298 senatus
650 3238 806 3310 consulto,
829 3253 891 3313 quo
912 3236 998 3299 missi
1012 3238 1119 3298 decern
1208 3264 1210 3266 ·

146 3317 236 3393 legati
250 3319 290 3379 ab
305 3319 379 3379 urbe
394 3328 493 3392 erant,
516 3329 636 3381 ceterae
651 3319 797 3381 Graeciae
811 3330 904 3396 atque
917 3321 1012 3382 Asiae
1027 3322 1120 3381 urbes

144 3401 228 3461 haud
242 3400 334 3463 dubie
345 3401 560 3477 liberabantur,
576 3403 615 3463 de
624 3401 662 3463 iis
674 3404 770 3465 tribus
782 3405 909 3466 urbibus
921 3404 1021 3479 legati,
1037 3403 1120 3477 quod

147 3493 287 3560 tempora
296 3483 341 3545 rei
353 3485 494 3561 publicae
506 3487 724 3562 postulassent,
742 3486 774 3548 id
789 3505 850 3549 ere
865 3487 988 3562 publica
997 3487 1121 3557 fideque
