2600 4000
239 320 240 323 y
293 244 539 304 lalouuxxxv.
562 244 756 306 caussas.
777 249 935 318 [aaron]
1037 243 1099 310 20⁷

122 397 292 457 Romanos:
315 409 473 481 nrunerum
488 394 556 454 iniri
571 394 708 470 peditum
719 394 917 469 equitumque
929 411 964 454 ac
976 397 1097 457 navium

120 496 181 541 non
196 493 310 555 passer
330 479 563 553 elephantorum
577 477 674 537 aciem
689 484 860 553 conspectu
879 477 949 552 ipso
964 479 1096 541 debella·

34 618 46 630 a
120 570 228 624 turam.
250 563 378 624 Aetolos
393 568 456 623 toto
472 578 531 622 suo
546 560 683 621 exercitu
696 568 821 636 paratos
836 576 907 621 esse
921 563 1027 621 venire
1040 563 1097 623 La-

120 647 353 719 cedaemonem,
378 662 447 706 cum
468 662 519 706 res
541 651 664 720 poscat:
692 644 749 705 scd
774 644 941 720 frequentis
962 651 1096 707 armatos

120 730 283 791 ostendere
297 729 470 791 advenienti
481 729 546 804 regi
559 728 705 789 voluisse.
728 727 837 788 Nabidi
853 742 977 804 quoque
991 735 1022 788 et
1036 728 1096 804 ipsi

119 812 291 873 lacieudrun
306 830 378 875 esse
394 820 427 873 ut
440 828 519 889 quas
533 811 661 872 haberet
675 811 797 886 copias,
820 828 882 873 non
903 808 1017 872 sineret
1037 814 1094 873 sula

118 896 206 958 tectis
220 912 412 957 marcescere
427 896 505 970 otio,
521 896 578 956 sed
589 897 735 970 educeret
745 902 776 956 ct
786 896 817 956 in
827 895 920 957 armis
932 897 1094 958 decurrere

119 987 257 1056 cogeret,
272 980 360 1040 simul
375 980 493 1047 animos
509 986 633 1039 acueret
646 985 677 1038 et
688 995 820 1055 corpora
831 986 998 1040 exerceret.
1021 996 1093 1042 con-

118 1064 279 1125 suetudine
293 1063 439 1126 leviorem
454 1063 589 1123 laborem
605 1063 686 1134 iore;
710 1069 740 1123 et
755 1064 895 1125 comitate
908 1079 945 1123 ac
957 1062 1092 1139 benigni·

117 1153 177 1207 tate
192 1147 280 1208 ducis
294 1147 384 1207 etiam
404 1164 465 1208 non
485 1147 683 1208 iniucundum
704 1147 770 1206 fleri
792 1162 896 1224 posse.
918 1146 1008 1208 educi
1022 1148 1093 1208 inde

117 1231 291 1306 frequenter
315 1237 385 1291 ante
408 1231 515 1291 urbem
540 1230 570 1289 in
596 1246 735 1306 campum
759 1233 798 1291 ad
818 1231 952 1293 Eurotan
973 1246 1090 1291 amnem

117 1329 259 1389 coepere.
292 1313 437 1375 satellites
458 1313 580 1393 tyranni
601 1312 631 1372 in
650 1314 751 1374 media
772 1316 836 1375 lere
856 1315 922 1376 acie
943 1315 1086 1377 consiste

115 1398 203 1467 bant;
225 1405 375 1476 tyrannus
390 1414 460 1458 cum
470 1398 728 1478 tribussummum
740 1399 908 1475 equitibus,
923 1398 1000 1459 inter
1012 1416 1088 1474 quos

116 1482 296 1558 plerumque
310 1484 518 1543 Alexamenus
533 1488 611 1556 erat,
628 1488 699 1543 ante
713 1482 803 1558 signa
815 1483 1007 1555 vectabatur,
1024 1498 1085 1546 cor·

115 1581 177 1626 nua
190 1573 327 1627 extrema
346 1564 500 1637 invisens;
523 1567 552 1626 in
574 1565 683 1627 dextro
706 1567 917 1629 cornuAetoii
938 1572 1038 1637 crant,
1062 1573 1091 1627 et

115 1648 168 1725 qui
183 1656 252 1710 ante
266 1649 430 1711 auxiliares
446 1650 567 1729 tyranni
582 1651 717 1724 lucrant,
737 1658 768 1711 et
783 1650 835 1726 qui
849 1656 997 1709 venerant
1009 1649 1090 1708 mille

115 1748 184 1792 cum
204 1734 401 1796 Alexameno.
430 1735 544 1796 iecerat
564 1734 623 1794 sibi
643 1750 759 1795 morem
778 1736 987 1793 Alexamenus
1008 1748 1089 1793 nunc

114 1831 184 1876 cum
197 1822 328 1893 tyranno
348 1818 426 1879 inter
447 1835 564 1895 paucos
580 1819 706 1877 ordines
722 1815 943 1889 circumeundi,
964 1831 1088 1875 monen·
1156 1822 1158 1827 '

115 1898 207 1975 alique
221 1917 290 1961 eum
306 1917 386 1976 quae
400 1902 430 1961 in
441 1919 507 1962 rem
522 1916 594 1961 esse
604 1900 801 1972 videbantur,
816 1899 937 1958 nuncin
950 1898 1089 1959 dextrum

113 1998 210 2044 cornu
229 1985 269 2044 ad
290 1999 366 2044 suos
387 1982 559 2058 equitandi,
597 2001 672 2044 mox
704 1982 775 2044 inde
817 1981 900 2043 velut
930 1979 1089 2060 imperato,

50 2115 51 2118 ,
113 2068 198 2141 quod
217 2082 269 2126 res
291 2066 502 2140 poposcisset,
528 2064 696 2139 recipiendi
715 2080 751 2124 se
772 2066 812 2124 ad
831 2073 1002 2141 tyrannum.
1032 2067 1088 2127 sed

113 2164 204 2224 quem
221 2148 300 2207 diem
315 2148 464 2222 patrando
480 2147 607 2207 facinori
622 2152 782 2219 statuerat,
801 2163 839 2209 eo
852 2150 1008 2223 paulisper
1020 2166 1088 2209 cum

112 2237 244 2309 tyranno
258 2237 395 2290 vectatus
411 2247 479 2291 cum
500 2230 540 2290 ad
555 2246 630 2291 suos
652 2230 875 2306 concessisset,
897 2240 959 2303 tum
980 2232 1088 2307 equiti·
1156 2305 1158 2311 .

52 2337 55 2341 “
108 2314 171 2374 bus
194 2314 233 2374 ab
254 2316 346 2375 domo
370 2330 476 2376 secum
495 2313 599 2381 missis
619 2315 791 2390 „agenda“
813 2315 912 2391 iuquit
934 2330 1011 2390 „res
1031 2324 1087 2390 est,
1127 2363 1129 2367 ,

111 2396 254 2474 iuvenes,
280 2399 498 2475 audendaque,
525 2415 617 2474 quam
637 2413 686 2459 mc
707 2400 786 2459 duce
810 2398 938 2475 impigre
958 2401 1087 2474 exsequi
1112 2432 1114 2436 ·

111 2481 189 2543 iussi
202 2484 287 2544 estis.
309 2490 415 2559 parate
430 2485 548 2545 animos
561 2484 701 2557 dextras,
716 2498 755 2544 ne
766 2483 837 2559 quis
848 2484 878 2543 in
891 2498 929 2543 eo
943 2484 1027 2559 quod
1038 2501 1086 2544 me

111 2564 221 2627 viderit
231 2567 391 2628 facientem
404 2573 514 2628 cesset
536 2566 588 2643 qui
599 2574 758 2628 cunctatus
770 2566 858 2631 luerit
868 2573 901 2627 et
911 2584 1001 2628 suum
1014 2582 1085 2628 con·

112 2648 212 2710 silium
225 2665 295 2711 meo
309 2650 496 2726 interponet,
518 2650 594 2711 sciat
609 2650 668 2712 sibi
681 2651 811 2724 reditum
826 2651 866 2712 ad
881 2658 1008 2726 penates
1023 2668 1086 2711 non

111 2738 213 2792 esse.“
234 2734 344 2795 horror
358 2739 485 2794 cunctos
505 2733 603 2809 cepit;
624 2740 656 2793 et
674 2734 872 2802 meminerant
887 2750 955 2795 cum
974 2733 1086 2810 quibus

111 2814 262 2876 mandatis
284 2817 430 2877 exissent.
463 2823 613 2895 tyrannus
639 2815 677 2876 ab
703 2818 791 2877 laevo
818 2834 915 2879 cornu
934 2818 1084 2879 veniebat.

110 2915 227 2975 ponere
250 2899 355 2960 hastas
381 2898 500 2975 equites
515 2901 721 2960 Alexamenus
746 2899 831 2960 iubet
856 2909 886 2962 et
906 2903 941 2961 se
961 2902 1084 2963 intueri=

111 2981 225 3057 colligit
244 2990 275 3043 et
294 2983 363 3058 ipse
381 2983 514 3043 animum
534 2983 695 3044 confusum
717 2989 818 3056 tantae
833 2983 1016 3059 cogitatione
1029 2984 1083 3044 rei.

112 3073 275 3142 postquam
296 3068 580 3143 appropinquabat,
605 3066 750 3141 impetum
776 3067 861 3141 iacit,
886 3074 917 3127 et
936 3069 1083 3129 transfixo

110 3164 191 3224 equo
212 3157 375 3229 tyrannum
396 3152 551 3220 deturbat3
583 3150 731 3211 iacentem
751 3150 869 3224 equites
890 3151 1083 3212 confodiunt:

11 3261 15 3266 ·
111 3232 212 3294 multis
226 3234 339 3294 frustra
359 3234 388 3293 in
409 3233 535 3295 loricam
555 3233 665 3295 iclibus
686 3234 765 3295 datis
786 3231 908 3295 tandem
922 3234 952 3294 in
969 3235 1083 3296 nudum
1172 3291 1174 3295 ,

112 3330 226 3390 corpus
240 3319 366 3377 vulnera
378 3324 598 3394 perveneruna
622 3324 653 3377 ct
673 3316 852 3392 priusquam
866 3335 886 3378 a
899 3318 1000 3378 media
1017 3319 1083 3378 acie

111 3408 352 3472 succurreretur,
369 3402 544 3476 exspiravit.
565 3400 699 3460 XXXVI.
720 3402 926 3462 Alexamenus
939 3417 1007 3461 cum
1019 3416 1081 3460 orn·

111 3482 201 3543 nibus
216 3482 332 3543 Aetolis
348 3484 438 3544 citato
454 3485 551 3558 gradu
566 3485 605 3544 ad
621 3483 734 3558 regiam
749 3482 1081 3560 occupandampergit.
