2600 4000
226 202 287 267 aaa
353 199 641 263 cmuaxxxvm.
665 200 748 263 cnr.
766 209 863 289 mn.
885 159 922 280 [t.
937 206 1081 281 caecat

228 371 264 417 se
279 355 433 417 Gallorum
454 353 552 429 copiis
568 353 643 413 lore.
680 352 845 413 Eumenem
859 350 943 413 haud
956 352 987 411 in
1002 359 1144 428 tempore
1159 355 1202 415 ah
1255 391 1257 418 t

227 454 299 502 ease
310 440 482 500 -Romae
496 445 559 497 tum
574 441 692 497 erat—
702 436 829 497 credere
843 437 964 508 consul,
981 452 1111 516 gnarum
1125 439 1203 499 loco
1253 431 1261 486 l

227 539 295 585 rum
319 521 558 597 hominumque,
580 527 619 581 et
636 520 724 580 cuius
748 520 910 580 interesset
934 519 1031 595 frangi
1054 520 1217 582 Gallorum·
1263 592 1265 597 ¹

133 646 137 652 ·
228 623 317 683 opes.
337 607 471 667 Attalum
484 604 574 680 igitur
585 604 785 665 iratremeius
798 603 1201 681 arcessitaPergamo,hor·
1260 598 1263 633 ²

229 699 370 766 tutusque
381 689 421 750 ad
437 688 665 765 capessendum
676 701 780 748 secum
791 688 904 748 bellum
916 685 1112 762 pollicentem
1122 703 1203 749 suam

139 789 142 796 ’
229 788 418 850 suormnque
443 787 571 849 oporam
601 771 725 832 domum
750 772 791 831 ad
816 770 1055 848 comparandum
1081 773 1203 833 dimittit
1268 824 1271 829 .

230 874 348 936 paucos
370 862 442 933 post
461 856 529 917 dies
547 857 687 932 proiecto
703 856 741 916 ab
756 854 880 931 Epheso
896 855 1015 916 consuli
1029 856 1069 916 ad
1084 853 1203 931 Magne·

229 942 306 1005 siam
321 940 452 1003 occurrit
460 941 581 1001 Attalus
596 955 666 1018 cum
680 938 761 999 mille
777 937 940 1015 peditibus,
956 936 1110 1015 equitibus
1122 940 1202 1015 quin-
1270 968 1273 1003 ;

229 1026 345 1103 gentis,
366 1024 526 1086 Athenaeo
548 1024 641 1085 tratre
661 1023 749 1097 iusso
771 1038 840 1084 cum
860 1020 971 1084 ceteris
986 1023 1085 1097 copiis
1101 1022 1203 1084 subse
1271 1046 1274 1079 ι

230 1111 298 1185 qui,
320 1109 533 1169 commendata
545 1108 584 1169 iis
599 1106 741 1169 custodia
753 1105 893 1182 Pergami
907 1121 987 1182 quos
1002 1107 1087 1167 tratri
1099 1123 1204 1182 regno·
1271 1088 1274 1145 Ψ

129 1203 131 1206 ·
231 1206 291 1269 que
301 1191 382 1256 lidos
394 1192 547 1255 credebat
564 1194 672 1254 consul
684 1191 856 1253 collaudato
868 1190 979 1251 iuvene
989 1206 1059 1250 cum
1067 1189 1206 1252 omnibus

230 1273 329 1351 copiis
344 1275 385 1334 ad
394 1273 594 1335 Maeandrum
608 1291 793 1352 progressus
806 1281 906 1335 castra
918 1274 1029 1350 posuit,
1043 1274 1206 1350 quiavado

230 1358 369 1435 superari
390 1359 487 1417 amnis
509 1359 570 1418 non
593 1365 714 1434 poterat
727 1365 758 1420 ct
772 1356 998 1419 contrahendae
1013 1373 1110 1418 naves
1124 1366 1207 1419 erant
1278 1373 1280 1408 1

231 1443 271 1503 ad
295 1441 461 1502 exercitum
490 1441 699 1505 traiciendum.
734 1442 919 1517 transgressi
945 1441 1147 1521 Maeandrum
1171 1444 1206 1502 ad

230 1527 342 1588 llieran
368 1520 480 1587 Conien
508 1525 722 1599 pervenerunt.
757 1525 835 1586 Xlll.
859 1527 961 1585 lanum
982 1524 1023 1587 ibi
1046 1533 1207 1600 angustum
1281 1547 1282 1556 ¹

233 1609 383 1686 Apollinis
408 1616 438 1670 et
458 1610 630 1671 oraculum:
659 1617 759 1671 sortes
779 1610 921 1671 versibus
942 1609 1025 1671 haud
1046 1609 1208 1671 inconditis

231 1695 306 1756 dare
330 1702 417 1756 vates
438 1693 588 1755 dicuntur.
614 1692 691 1754 hinc
714 1693 817 1778 alteris
843 1693 952 1755 castris
977 1693 1017 1753 ad
1037 1693 1209 1770 Harpasum

233 1778 345 1842 damen
361 1785 541 1853 perventum
555 1785 619 1849 est;
641 1793 703 1853 quo
718 1777 809 1851 legati
819 1777 859 1837 ab
869 1777 1039 1839 Alabandis
1051 1785 1209 1854 venerunt,

232 1869 265 1922 ut
280 1863 365 1937 quod
386 1863 544 1922 castellum
565 1862 605 1923 ab
619 1861 697 1937 ipsis
711 1877 811 1937 nuper
824 1860 991 1935 descisset,
1013 1869 1066 1922 aut
1081 1861 1211 1924 auctori-

231 1950 292 2004 tate
310 1952 363 2006 aut
377 1944 469 2006 arnds
485 1952 609 2022 cogeret
622 1947 689 2008 iura
703 1945 829 2021 antiqua
842 1946 914 2021 pati.
948 1945 1056 2007 eodem
1073 1951 1105 2006 et
1118 1946 1211 2007 Athe

217 2033 327 2091 ..naeus
353 2028 499 2090 Eumenis
524 2036 554 2090 ot
574 2031 668 2092 Attali
693 2031 785 2091 linter
807 2045 877 2090 cum
894 2029 1035 2090 ‘Cretensi
1054 2027 1163 2091 Leuso
1184 2036 1213 2091 et

157 2175 160 2181 ,
231 2112 547 2188 CorragoMacedono
560 2115 657 2175 venit:
679 2115 760 2174 mille
772 2112 889 2189 pedites
901 2113 1062 2173 minarum
1077 2114 1214 2188 gentium

214 2203 265 2262 ,et
277 2196 437 2258 'uocantes
458 2196 577 2274 equites
598 2215 704 2259 secum
724 2197 928 2258 adduxerunt
966 2199 1076 2259 consul
1091 2199 1213 2259 tribuno

141 2309 144 2315 ·
231 2279 357 2343 militum
378 2281 474 2343 misso
495 2297 565 2343 cum
582 2282 704 2343 modica
716 2296 808 2343 manu
823 2281 980 2342 castellum
994 2280 1025 2342 vi
1040 2282 1140 2358 cepit,
1165 2299 1215 2344 ca·

231 2371 316 2440 ptum
330 2364 600 2426 Alabandensibus
613 2365 723 2426 reddit.
750 2365 819 2441 ipse
834 2365 907 2425 nihil
921 2364 973 2425 via
987 2366 1161 2441 degressus
1177 2364 1215 2426 ad

120 2513 124 2521 ¹
231 2448 423 2509 Antiochiam
438 2465 532 2523 super
545 2448 722 2509 Meandrum
738 2465 856 2509 amnem
871 2447 975 2525 posuit
989 2446 1099 2510 castra.
1121 2450 1215 2511 huius

231 2529 341 2589 amnis⁴
358 2531 459 2591 sontes
489 2530 638 2593 Celaenis.
656 2533 802 2592 oriuntur.
838 2532 988 2594 Celaenae
1016 2526 1092 2594 urbs
1121 2542 1216 2610 caput

232 2611 386 2688 quondam
398 2612 550 2690 Phrygiae
565 2613 633 2674 iuit=
654 2615 814 2690 migratum
828 2615 899 2677 inde
911 2615 994 2676 haud
1009 2619 1118 2692 procul
1131 2624 1216 2697 vete

168 2753 173 2765 ,
229 2694 316 2757 tibus
332 2694 487 2771 Celaenis,
510 2707 673 2774 novaeque
692 2698 761 2760 urbi
774 2702 931 2775 Apameae
951 2716 1062 2761 nomen
1084 2700 1216 2763 inditum

197 2784 205 2812 ³
231 2778 270 2839 ab
285 2780 406 2856 Apama
419 2796 528 2842 sorore
542 2781 664 2843 Seleuci
677 2783 770 2860 regis.
806 2793 836 2845 et
849 2784 991 2863 Marsyas
1000 2784 1115 2860 amnis,
1130 2785 1217 2845 haud

231 2866 339 2939 procul
355 2881 374 2924 a
387 2864 544 2927 Maeandri
567 2866 703 2929 lontibus
723 2867 841 2944 oriens,
863 2868 893 2929 in
907 2868 1108 2930 Maeandrum
1122 2870 1216 2942 cadit,

64 2950 67 2953 '
188 2956 191 2961 ⁴
231 2947 374 3023 famaque
394 2947 436 3009 ita
455 2957 551 3025 tenet,
572 2952 711 3013 Celaenis
724 2951 870 3030 Marsyan
885 2969 954 3013 cum
967 2951 1113 3029 Apolline
1125 2951 1215 3013 tibia-

231 3047 299 3091 rum
319 3039 408 3093 cantu
425 3040 571 3095 certasse.
601 3035 768 3096 Maeander
782 3052 822 3097 ex
843 3051 915 3097 arce
933 3052 1053 3097 summa
1067 3035 1214 3097 Celaena-

230 3131 298 3174 rum
324 3121 425 3191 ortus,
450 3119 551 3179 media
571 3119 648 3179 urbe
667 3120 850 3195 decurrens,
878 3136 934 3195 per
954 3120 1048 3180 Caras
1072 3119 1215 3196 primum,

231 3197 343 3258 deinde
357 3200 448 3263 lonas
469 3201 499 3260 in
520 3201 621 3262 sinum
635 3204 729 3264 mans
743 3204 857 3278 editur,
878 3204 930 3279 qui
945 3205 1024 3265 inter
1037 3203 1171 3264 Prienen
1186 3210 1217 3262 et

229 3279 365 3342 Miletum
386 3289 443 3343 est
475 3284 515 3344 ad
528 3285 721 3346 Antiochiam
736 3287 767 3347 in
787 3295 888 3348 castra
909 3287 1045 3349 consulis
1062 3286 1216 3348 Seleucus

230 3364 375 3427 Antiochi
388 3365 480 3440 illius,
496 3382 535 3427 ex
551 3370 678 3430 loedere
692 3370 752 3431 icto
768 3386 838 3432 cum
852 3370 1007 3448 Scipione,
1022 3372 1063 3431 ad
1079 3372 1214 3432 humen·

231 3455 294 3509 tum
311 3449 458 3511 exercitui
479 3451 614 3513 dandum
628 3452 721 3513 venit.
755 3470 851 3530 parva
865 3455 1048 3530 disceptatio
1065 3455 1106 3515 de
1120 3452 1214 3517 Attali
