2600 4000
214 262 276 327 160
288 258 542 321 Liennxxxlv.
552 256 635 318 cnP.
643 263 688 317 41.
696 262 740 316 ta.
748 262 790 316 ta.
807 236 1134 328 [aunonenses]

214 422 346 494 tyranno
357 408 492 471 relictam
498 407 778 474 Lacedaemonem
792 421 898 482 regem
909 411 1011 467 antem
1020 406 1199 486 legitimum,

216 498 269 576 qni
289 498 319 556 in
337 493 486 556 Romanis
512 491 603 552 merit
626 491 756 566 castris,
782 495 966 566 ceterosque
985 490 1199 555 nobilissimos

215 584 299 643 cives
318 579 349 640 in
364 578 474 639 exsilio
488 577 641 644 victuros;
662 574 788 635 Nabidis
816 572 1004 634 dominando
1037 575 1200 639 satellitem
1251 582 1260 589 “
1298 639 1299 642 ,

214 667 326 727 lactum
354 662 505 738 populum
531 661 714 721 Romanum.
754 656 912 733 Quinctius
944 656 983 718 ab
1007 657 1102 734 brais
1129 657 1199 721 illa-

215 751 300 823 liam,
321 746 404 808 unde
420 745 462 805 ad
475 745 590 805 bellum
606 742 789 819 Spartanum
811 741 970 816 proiectus
986 749 1066 816 erat,
1089 742 1196 819 copiae

215 832 344 895 reduxit.

299 914 376 976 Sunt
398 912 450 989 qui
467 927 530 973 non
551 926 591 972 ex
605 904 725 986 oppido
738 909 986 985 prolicIscentem
999 909 1114 972 bellun
1127 924 1195 986 ges·

215 1001 296 1062 slsse
307 1005 472 1074 tyrannum
485 993 615 1069 tradant,
631 994 689 1055 sed
704 992 814 1055 castris
828 993 980 1055 adversus
991 993 1131 1055 Romana
1140 1010 1197 1070 pc-

215 1083 280 1146 sitis
305 1087 424 1150 castra;
457 1080 572 1156 dinque
593 1083 766 1140 cunctatum
791 1074 865 1152 quia
883 1077 1064 1139 Aetolorum
1085 1079 1199 1143 auxeio

214 1170 445 1241 exspectasset,
467 1169 607 1225 coactum
627 1163 668 1222 ad
690 1168 858 1222 extremum
880 1160 947 1222 acie
961 1160 1128 1237 confligere
1141 1163 1197 1224 im·

216 1257 289 1327 petu
308 1249 339 1309 in
361 1248 559 1324 pabulatores
586 1261 663 1308 suos
685 1245 723 1307 ab
747 1245 895 1307 Romanis
920 1246 1018 1316 Iacto;
1048 1262 1085 1307 eo
1106 1263 1196 1322 proe-

216 1334 254 1395 lio
276 1332 389 1394 victum
415 1331 587 1408 castrisque
612 1337 738 1392 exutum
763 1344 871 1404 paoem
895 1329 1029 1406 petisse,
1056 1346 1124 1391 cum
1146 1346 1196 1392 ce

215 1416 363 1477 cidissent
383 1414 557 1491 quindecim
579 1415 663 1475 milia
682 1414 823 1489 militum,
851 1420 942 1490 capta
961 1416 1032 1490 plus
1055 1421 1196 1490 quattuor

214 1501 296 1562 utilia
310 1505 425 1561 essent.

297 1583 386 1644 XLII.
405 1582 524 1643 Eodem
539 1582 603 1641 lere
617 1588 756 1657 tempore
771 1587 800 1641 et
815 1581 879 1640 aT.
896 1580 1034 1656 Quinctio
1050 1581 1198 1645 derebus

215 1667 254 1729 ad
274 1668 538 1731 Lacedaemonem
556 1666 653 1740 gestis
675 1672 705 1725 et
725 1663 797 1724 all.
811 1663 921 1727 Porcio
944 1667 1071 1727 consule
1091 1680 1131 1725 ex
1144 1666 1197 1726 IIi-

214 1752 324 1828 spania
343 1753 461 1814 litterae
481 1751 610 1812 adlatae.
639 1748 801 1825 utrimque
820 1749 943 1811 nomine
963 1750 994 1810 in
1010 1750 1076 1812 dies
1091 1754 1197 1813 ternos
1298 1783 1299 1816 t

215 1837 397 1912 supplicatio
411 1835 450 1896 ab
465 1841 574 1897 senatu
590 1833 715 1895 decreta
729 1839 785 1893 est
806 1832 840 1893 L.
850 1833 995 1896 ValerIus
1006 1833 1116 1895 consul
1127 1849 1197 1896 oum

216 1927 288 1995 post
307 1920 395 1980 nisos
417 1919 499 1980 cirea
510 1918 647 1979 Litanam
668 1917 779 1978 silvam
798 1916 893 1978 Boios
919 1918 1054 1994 quietam
1073 1919 1197 1994 provin·

216 2005 294 2064 ciam
307 2004 481 2079 habuisset,
497 2001 687 2064 comitiorum
702 2017 797 2064 causa
810 2003 940 2064 Romam
953 2002 1052 2078 rediit,
1068 2011 1098 2064 et
1111 2018 1197 2065 crea-

214 2088 258 2147 vit
272 2089 417 2149 consules
430 2087 464 2148 P.
480 2087 651 2150 comelinm
666 2085 843 2164 Scipionem
855 2086 1034 2149 Arncanum
1047 2087 1157 2150 iterum
1167 2093 1197 2148 et

214 2171 257 2232 Ti.
272 2170 488 2249 Sempronium
500 2173 649 2248 Longum.
681 2170 791 2233 horum
811 2178 915 2247 patres
936 2172 1035 2246 primo
1050 2188 1131 2234 anno
1147 2186 1196 2233 se-

215 2257 307 2318 cundi
316 2257 421 2318 Punici
435 2257 507 2318 belli
520 2257 665 2317 consides
676 2256 807 2317 luerunt.
824 2255 980 2331 praetoria
989 2255 1063 2317 inde
1073 2255 1198 2318 comitia

213 2339 333 2402 habitat
364 2342 458 2402 creati
477 2340 511 2400 P.
532 2340 691 2402 cornelius
712 2337 818 2414 Scipio
837 2346 867 2399 et
891 2338 954 2403 duo
976 2340 1028 2401 tin.
1054 2339 1196 2415 Cornelii,

213 2424 362 2485 Merenda
376 2431 407 2486 et
418 2424 539 2497 Blasio,
561 2430 592 2482 et
606 2423 658 2484 On.
672 2421 822 2483 Domitius
838 2422 1064 2487 Ahenobarbus
1078 2431 1109 2486 et
1122 2422 1198 2486 Sex.

215 2508 344 2582 Digitius
359 2513 389 2566 et
402 2507 434 2565 Τ.
450 2506 606 2567 luventius
621 2505 746 2566 Thalna.
782 2507 911 2570 comitiis
926 2508 1071 2585 perlectis
1087 2509 1198 2571 consuti

214 2590 245 2649 in
260 2589 451 2665 provinciam
465 2587 565 2650 rediit.

297 2673 418 2734 Novum
437 2672 486 2733 ius
507 2687 545 2734 eo
561 2689 641 2734 anno
657 2672 932 2738 aFerentinatibus
946 2683 1141 2754 temptatum,
1161 2681 1197 2738 ut

213 2756 319 2830 Latini,
336 2756 433 2833 quiin
448 2756 599 2818 coloniam
607 2759 779 2820 Romanam
792 2760 916 2823 nomina
927 2761 1095 2838 dedissent,
1111 2759 1197 2822 cives

212 2840 343 2901 Romani
365 2846 479 2902 essent.
510 2841 657 2904 Puteolos
672 2841 894 2921 Salemumqne
909 2851 940 2907 et
951 2846 1126 2908 Buxentum
1140 2844 1196 2906 ad-

214 2924 320 2999 scripti
335 2925 450 3001 coloni,
473 2927 525 3003 qui
538 2927 666 2990 nomiae
676 2926 833 3003 dederant,
855 2937 970 2991 etcum
985 2931 1026 2993 ob
1040 2931 1073 2991 id
1086 2945 1122 2991 se
1135 2944 1194 3006 pro

214 3007 332 3070 civibus
347 3010 493 3072 Romanis
513 3012 643 3084 ferrent,
665 3018 791 3073 senatus
811 3012 957 3076 iudicavit
975 3031 1037 3076 non
1051 3029 1124 3077 esse
1138 3029 1196 3075 eos

214 3090 290 3154 civis
306 3094 476 3157 Romanos.

295 3176 398 3238 XLIII.
419 3177 572 3255 Principio
587 3178 659 3239 anni
675 3195 737 3256 qno
747 3180 780 3241 P.
793 3180 898 3258 Scipio
909 3182 1075 3244 Africanus
1085 3181 1196 3243 iterum

213 3264 243 3320 et
255 3259 298 3319 Ti.
311 3259 512 3337 Sempronins
522 3262 648 3339 Longus
663 3267 807 3327 consules
819 3267 949 3340 luerunt,
964 3266 1057 3343 legati
1066 3266 1197 3329 NabidIs

213 3344 334 3422 tyranni
347 3344 475 3406 Romam
494 3355 653 3410 venerunt.
684 3349 723 3410 iis
737 3355 824 3411 extra
836 3351 944 3413 urbem
958 3352 990 3412 in
1004 3351 1083 3413 aede
1096 3351 1194 3427 Apol·

211 3424 281 3489 linis
296 3434 421 3491 senatus
436 3429 526 3492 datus
541 3438 597 3494 est.
619 3448 683 3509 pax
697 3450 778 3510 quae
792 3450 862 3495 curn
875 3437 907 3495 Τ.
924 3434 1063 3511 Qru‘nctIo
1079 3450 1197 3498 conve·

213 3509 324 3586 nIseet,
346 3521 379 3575 ut
397 3520 464 3576 rata
484 3523 581 3592 esset,
602 3518 755 3592 petierunt
767 3517 1040 3596 impetraruntquc.
1069 3520 1108 3579 de
1122 3535 1198 3595 pro-
