2600 4000
192 235 255 298 ado
339 234 456 295 LIBER
470 234 617 294 xxxvlt.
641 234 724 294 cnP.
739 243 766 298 b.
778 241 804 299 7.
827 241 863 308 [ιι.
875 241 911 294 U.
922 258 948 292 e·
959 240 1022 306 562]

191 386 265 448 illud
278 400 464 462 responsum
478 384 605 457 rettulit,
627 401 689 459 quo
710 384 804 459 fugati
827 384 865 444 ab
879 390 989 445 senatu
1004 391 1099 445 eraut.
1133 401 1173 447 eo

191 483 346 546 tamquam
366 484 448 530 novo
469 467 537 530 cum
557 466 608 528 icti
621 467 723 528 Aetoli
743 474 904 528 essent-
917 466 993 527 nihil
1012 467 1093 528 enim
1115 484 1174 529 neo

192 554 344 630 legatione
367 551 599 614 Atheniensium
625 565 682 610 nec
709 550 832 626 placido
856 550 993 610 Africani
1015 567 1174 627 responso

190 639 362 715 proiectum
381 636 527 697 videbant
539 669 597 707 -,
622 635 738 718 reterre
757 635 797 694 ad
822 650 898 695 suos
918 634 1062 695 dixerunt
1082 636 1173 696 velle.

190 723 257 783 vll.
283 719 415 783 reditum
435 719 506 780 inde
519 720 672 798 Hypatam
687 725 749 793 est,
770 733 828 778 nec
848 717 1011 781 consilium
1026 719 1173 795 expedia«

190 808 293 868 batur:
316 820 387 865 nam
406 818 509 879 neque
526 803 609 864 uude
629 802 711 863 mille
727 803 873 863 talentum
894 802 1018 864 daretur
1037 810 1120 872 erat;
1143 811 1175 865 et

191 889 345 966 permisso
366 888 462 948 libero
484 886 625 960 arbitrio,
645 901 687 948 ne
706 885 737 946 in
760 901 892 962 corpora
912 902 971 947 sna
990 886 1172 962 saeviretur,

191 973 375 1035 metuebant
402 971 503 1031 redire
521 972 625 1046 itaque
639 970 767 1032 eosdem
780 971 898 1045 legatos
913 969 954 1030 ad
968 972 1127 1031 consulem
1143 978 1174 1032 et

189 1057 368 1117 Africanum
387 1055 543 1117 iusserunt
556 1062 587 1117 et
600 1062 720 1130 petere,
745 1059 792 1127 ut,
814 1051 842 1115 si
862 1053 938 1114 dare
957 1069 1032 1115 vere
1051 1070 1171 1130 pacem,

191 1155 254 1200 non
268 1145 384 1199 tantum
399 1139 578 1212 ostendere,
594 1139 777 1200 frustrantes
791 1151 880 1214 sporn
894 1136 1092 1212 miserorum,
1106 1140 1172 1199 vel·

191 1225 268 1298 lant,
284 1228 336 1283 aut
349 1237 389 1282 ex
404 1237 524 1282 summa
537 1221 688 1299 pecuniae
703 1222 859 1282 demerent
873 1226 926 1282 aut
936 1221 1172 1297 permissionem

191 1312 278 1367 extra
291 1305 401 1367 civium
423 1320 555 1381 corpora
574 1306 641 1366 lteri
662 1306 810 1367 iuberent
838 1304 913 1365 nihil
932 1305 1126 1381 impetratum
1139 1313 1174 1367 ut

190 1396 321 1452 mutaret
334 1390 460 1458 consul;
483 1394 513 1449 et
531 1405 570 1450 ea
589 1404 716 1465 quoque
735 1389 820 1451 irrita
837 1388 949 1464 legatio
970 1389 1100 1450 dimissa
1114 1397 1172 1451 est

191 1472 290 1536 secuti
303 1480 334 1534 et
346 1472 551 1534 Athenienses
566 1480 653 1544 sunt,
676 1480 707 1532 et
727 1473 871 1549 princeps
887 1473 1047 1549 legationis
1063 1490 1173 1535 eorum

189 1557 384 1619 Echedemus
396 1557 538 1632 fatigatos
548 1562 593 1618 tot
603 1556 738 1631 repulsis
750 1559 895 1630 Aetolos,
911 1565 941 1619 et
952 1557 1173 1633 complorantis

190 1642 287 1703 inutih
301 1640 515 1703 lamentatione
529 1640 681 1701 loctunam
701 1641 817 1715 gentis,
844 1641 885 1702 ad
906 1657 995 1717 spem
1014 1643 1173 1704 revocavit

190 1732 298 1787 auctor
311 1725 445 1791 indutias
460 1740 517 1786 sax
530 1724 682 1785 mensium
695 1725 834 1800 petendi,
855 1732 890 1786 ut
909 1727 1027 1802 legatos
1041 1726 1174 1789 Romam

193 1811 309 1871 mittere
333 1818 471 1887 possent.
515 1807 691 1872 dilationem
715 1807 790 1868 nihil
816 1808 856 1868 ad
881 1810 1056 1885 praesentia
1081 1812 1173 1887 mala,

192 1893 307 1968 quippe
329 1909 408 1969 quae
428 1892 533 1954 ultima
552 1901 672 1967 essent,
694 1893 894 1953 adiecturam=
915 1894 1011 1954 levari
1024 1908 1082 1969 per
1096 1896 1173 1955 mul-
1294 1931 1295 1934 =

192 1983 241 2039 tos
263 1992 356 2039 casus
378 1984 515 2052 tempore
535 1977 716 2055 interposito
742 1978 916 2053 praesentis
937 1978 1042 2040 clades
1063 1994 1174 2055 posse.

193 2066 320 2121 auctore
339 2060 514 2122 Echedemo
535 2060 626 2122 iidem
647 2060 751 2135 missi,
772 2062 858 2137 prius
876 2060 909 2120 P.
931 2060 1076 2139 Scipione
1098 2079 1160 2125 con

192 2151 299 2220 vento,
322 2160 378 2221 per
395 2161 465 2207 eum
480 2145 614 2207 indutias
628 2141 775 2222 temporis
790 2146 857 2206 eius
874 2146 958 2220 quod
972 2147 1119 2221 petebant
1132 2148 1174 2208 ab

191 2228 320 2290 consule
331 2228 578 2305 impetraverunt
598 2239 629 2292 et
639 2231 740 2291 soluta
750 2229 912 2290 obsidione
922 2229 1110 2305 Amphissae
1119 2230 1176 2291 Μ’.

189 2311 323 2387 Acilius,
347 2314 458 2374 tradito
480 2312 599 2375 consuli
620 2315 769 2388 exercitu,
791 2313 951 2389 provincia
972 2313 1121 2385 decessit;
1144 2324 1177 2377 et

191 2397 300 2457 consul
322 2397 360 2456 ab
376 2396 545 2472 Amphissa
557 2397 746 2458 Thessaliam
766 2397 892 2472 repetit,
909 2405 942 2458 ut
956 2413 1012 2472 per
1025 2397 1175 2460 Macedo-

191 2478 271 2539 niam
285 2477 506 2553 Thraciamque
521 2480 646 2539 duceret
659 2480 690 2537 in
704 2480 819 2539 Asiam.

162 2622 165 2627 ,
273 2560 349 2619 Tum
362 2560 526 2619 Africanus
548 2561 630 2620 tratri
650 2562 726 2635 „iter
748 2564 833 2638 qnod
852 2565 985 2639 insistis,
1006 2565 1040 2625 L.
1056 2564 1176 2643 Scipio,

190 2659 249 2718 ego
272 2657 397 2718 quoque
417 2643 574 2718 opprobo=
602 2645 660 2705 sed
673 2651 769 2706 totum
783 2647 815 2707 id
830 2649 956 2710 vertitur
969 2648 1000 2708 in
1014 2650 1177 2711 voluntate

189 2725 336 2802 Philippi,
359 2726 411 2802 qui
431 2727 458 2787 si
473 2726 600 2804 imperio
621 2734 729 2791 nostro
746 2729 828 2791 fidus
844 2740 906 2808 est,
928 2739 958 2793 et
971 2730 1028 2793 iter
1042 2739 1074 2793 et
1087 2748 1176 2794 com·
1292 2730 1293 2745 ¹

189 2816 307 2875 meatus
329 2811 494 2887 momnis,
519 2827 598 2889 quaa
618 2813 649 2873 in
670 2815 763 2889 longo
784 2815 892 2876 itinere
912 2817 1066 2877 exercitus
1087 2817 1176 2878 alunt

189 2894 371 2971 iuvantque,
392 2895 481 2957 nobis
503 2897 720 2973 suppeditabit.
753 2899 780 2958 si
794 2899 822 2959 is
840 2899 998 2973 destituat,
1020 2899 1095 2960 nihil
1115 2915 1175 2975 per

188 2976 347 3038 Thraciam
362 2978 437 3041 satis
452 2987 547 3042 tutum
561 2981 701 3042 habebis.
723 2980 825 3058 itaque
839 2983 926 3057 prius
939 2985 1022 3058 regis
1038 2982 1175 3044 animum

189 3060 346 3135 explorari
366 3064 475 3138 placet
508 3065 621 3140 optime
643 3065 867 3141 explorabitur,
888 3067 916 3128 si
931 3065 1005 3126 nihil
1026 3082 1066 3129 ex
1081 3080 1173 3141 prae-

188 3151 296 3219 parato
318 3152 458 3221 agentem
479 3147 631 3224 opprimet
649 3149 701 3224 qui
715 3150 877 3211 mittetur.“
911 3149 956 3209 Ti.
969 3147 1175 3225 Sempronius

190 3227 362 3304 Gracchus,
385 3230 553 3305 longatum
568 3231 735 3294 acerrimus
749 3234 909 3309 iuvenum,
931 3234 971 3294 ad
986 3235 1017 3293 id
1032 3234 1174 3296 delectus

187 3325 245 3385 per
263 3311 433 3389 dispositos
453 3329 553 3390 equos
574 3331 674 3391 prope
687 3315 858 3378 incredibili
873 3317 1027 3379 celeritate
1042 3317 1081 3377 ab
1094 3318 1172 3378 Am·
1291 3354 1292 3359 κ

187 3395 295 3470 phissa
305 3427 349 3444 --
360 3396 431 3456 inde
445 3399 524 3457 enim
537 3406 585 3459 ost
596 3399 742 3462 dimissus
753 3431 795 3444 -
807 3401 858 3462 die
870 3401 959 3463 tertio
971 3400 1085 3461 Pellam
1099 3415 1173 3476 per·
1291 3398 1292 3403 ’

187 3480 279 3540 venit.
302 3481 333 3541 in
348 3480 488 3542 conuiuio
503 3497 558 3542 rex
574 3490 639 3544 erat
653 3490 684 3543 et
696 3484 726 3542 in
739 3484 866 3544 multum
880 3485 942 3544 vini
955 3489 1174 3561 processeram
