2600 4000
217 235 279 301 192
302 234 416 295 LiBllit
431 235 551 296 XXXV.
567 235 652 296 cdl’.
667 243 710 298 19.
721 244 765 298 ὓ).
780 242 817 309 [ι
824 241 964 298 nasas
976 242 1043 297 ιθ.
1051 242 1115 310 193]

217 394 328 459 sdan,
348 387 409 446 huc
425 385 560 458 veniam,
574 392 639 447 toto
654 386 730 446 orbe
743 394 893 447 terrarum
907 401 1061 461 quaerens
1076 387 1201 462 aliquos

217 471 363 533 Romanis
376 470 485 532 hostis.
507 470 612 545 itaque
625 469 654 529 si
667 469 781 545 qubus
795 476 917 530 tuorum
929 469 1008 530 meis
1019 470 1200 533 criminibus

216 556 301 632 apud
320 562 507 616 tecresccre
526 554 615 628 libet,
634 553 726 614 aliam
744 553 1201 616 materiamcreseendiexme

218 646 373 716 quaerant
396 639 448 698 odi
462 637 599 713 odioque
611 653 682 697 sum
691 637 849 698 Romanis.
871 637 964 697 idme
974 652 1084 697 verum
1095 639 1201 700 dicere

216 730 304 800 pater
311 722 466 787 Hamilcar
475 721 558 781 etdii
567 727 664 782 testes
678 729 759 782 sunt
774 719 985 796 proindccum
995 721 1037 781 de
1047 720 1200 783 helloRo·

216 823 307 868 mano
322 805 487 880 cogitabis,
500 804 579 866 iuter
592 806 709 881 primos
724 804 842 866 amicos
852 803 1055 865 Hannibalem
1069 804 1183 867 habeto

218 893 245 952 si
259 906 322 966 qua
339 905 392 948 res
406 894 437 948 te
450 888 492 948 ad
505 904 615 963 pacem
629 889 806 965 compellet,
826 889 858 948 in
872 888 906 948 id
919 887 1081 950 eonsilium
1096 889 1200 963 ahum,

218 991 287 1035 curn
298 989 361 1048 quo
372 968 534 1046 deliberes,
547 973 718 1048 quaerito.“
732 989 796 1033 non
806 972 901 1032 movit
910 972 1004 1034 modo
1016 971 1087 1033 talis
1099 974 1200 1034 oratio

217 1073 337 1133 regem,
358 1055 415 1115 sed
429 1054 520 1115 etiam
532 1056 743 1117 reconciliavit
754 1055 925 1116 Hannibali.
958 1071 999 1116 ex
1012 1057 1142 1117 consilio
1156 1057 1200 1118 ita

217 1138 391 1200 discessum
403 1145 459 1213 est,
474 1146 509 1200 ut
520 1139 633 1200 bellum
647 1147 815 1215 gereretur.

300 1223 365 1282 xit
385 1222 503 1282 Romae
520 1223 716 1285 destinabant
729 1224 853 1299 quidem
866 1222 1063 1285 sermonibus
1076 1223 1199 1287 hostem

222 1305 410 1380 Antiochum,
425 1305 482 1366 sed
496 1307 644 1368 nihildum
657 1308 698 1369 ad
711 1307 744 1367 id
754 1308 866 1368 bellum
876 1314 1000 1384 praeter
1010 1308 1130 1368 animos
1142 1324 1199 1383 pa·

216 1390 335 1451 rabant
366 1389 545 1450 consulibus
559 1390 711 1452 ambobus
725 1391 811 1452 Italia
824 1390 987 1467 provincia
1001 1391 1127 1452 decreta
1139 1398 1197 1467 est,
1299 1411 1300 1422 ¹

217 1475 260 1535 ita
278 1479 314 1534 ut
331 1473 410 1534 inter
429 1488 466 1532 se
486 1482 702 1550 compararent
721 1474 955 1546 sortirenturve,
977 1482 1046 1535 uter
1066 1475 1198 1537 comitiis

217 1558 285 1619 eius
299 1558 370 1617 anni
384 1564 552 1632 praeesset
581 1558 622 1618 ad
634 1564 737 1619 utrum
749 1574 788 1619 ca
801 1574 864 1619 non
878 1558 1047 1634 pertineret
1059 1576 1150 1634 cura,
1164 1568 1200 1621 ut

218 1647 344 1718 paratus
358 1647 451 1715 esset,
466 1642 494 1700 si
508 1657 570 1716 quo
586 1658 656 1702 eum
669 1647 757 1702 extra
766 1641 883 1702 ltaliam
894 1659 976 1719 opus
987 1649 1073 1704 esset
1083 1644 1199 1703 ducere
1299 1665 1300 1728 j

217 1725 366 1800 legiones.
393 1724 466 1785 huic
482 1726 601 1786 consuli
616 1725 809 1800 permissum,
827 1732 862 1786 ut
875 1726 954 1787 duas
967 1726 1106 1802 legiones
1122 1727 1197 1787 scri·
1299 1739 1300 1782 t

218 1809 305 1869 beret
316 1824 415 1870 novas
429 1814 460 1868 et
473 1809 593 1870 socium
605 1809 737 1869 nominis
746 1807 844 1869 Latini
857 1810 964 1884 viginti
977 1810 1060 1871 milia
1071 1817 1102 1871 et
1111 1811 1198 1886 equi·

219 1901 266 1953 tes
287 1893 488 1966 octingentos.
521 1893 607 1953 alteri
633 1890 754 1953 consuli
774 1892 854 1952 duae
879 1894 1018 1969 legiones
1045 1895 1197 1969 decretae,

221 1991 297 2051 quas
308 1975 342 2035 L.
355 1974 513 2037 cornelius
528 1978 638 2039 consul
651 1975 823 2053 superioris
838 1977 910 2037 anni
920 1977 1089 2052 habuisset,
1105 1984 1136 2040 et
1146 1994 1198 2039 so·

219 2060 298 2119 cium
310 2058 450 2120 achatim
461 2060 591 2121 nominis
603 2077 642 2121 ex
654 2061 764 2122 eodem
774 2062 910 2123 exercitu
918 2060 1094 2137 quindecim
1104 2062 1197 2138 milia,

219 2151 250 2204 et
268 2144 387 2220 equites
409 2145 573 2221 quingenti.
606 2145 641 2219 Q.
655 2145 788 2207 Minucio
809 2160 879 2205 cum
900 2146 1038 2208 exercitu
1060 2161 1153 2221 quem
1166 2147 1199 2206 in

218 2227 380 2305 Liguribus
405 2228 551 2303 habebat,
578 2236 776 2305 prorogatum
800 2228 970 2305 imperium.
1005 2229 1145 2291 additum
1166 2231 1200 2291 in

219 2315 464 2390 supplementum
493 2320 526 2374 ut
550 2319 694 2390 quattuor
720 2313 803 2372 milia
829 2312 965 2388 peditum
989 2315 1200 2376 Romanorum

219 2398 424 2458 scriberentur
438 2403 468 2456 et
481 2403 603 2456 centum
618 2396 839 2472 quinquaginta
852 2398 981 2471 equites,
996 2403 1028 2458 et
1038 2397 1134 2459 sociis
1146 2413 1201 2460 eo·

219 2481 289 2540 dem
310 2481 446 2555 quinque
466 2478 548 2538 milia
562 2479 698 2553 peditum
711 2480 949 2554 imperarentur,
971 2481 1095 2541 ducenti
1111 2482 1200 2556 quin·

220 2561 364 2637 quaginta
378 2561 507 2636 equites.
539 2561 592 2622 cn.
606 2560 738 2623 Domitio
753 2570 840 2623 extra
852 2565 978 2640 ltaliam,
993 2581 1055 2640 quo
1070 2572 1201 2626 senatus

219 2644 401 2716 censuisset,
417 2643 577 2718 provincia
591 2645 700 2719 evenit,
715 2646 748 2705 L.
764 2646 904 2720 Quinctio
920 2648 1017 2708 Gallia
1030 2655 1063 2709 et
1076 2649 1202 2710 comitia

219 2727 369 2787 nubenda.
402 2735 560 2802 praetores
573 2728 685 2790 deinde
700 2731 876 2805 provincias
890 2730 998 2806 sortiti,
1016 2731 1057 2791 Μ.
1072 2730 1201 2793 Fulvius

220 2811 413 2872 centumalus
426 2810 589 2888 urbanam,
610 2812 644 2873 L.
661 2811 840 2875 Scribonius
854 2815 930 2877 Libo
947 2817 1148 2891 peregrinam,
1162 2816 1200 2876 L.
1292 2873 1297 2886 ,

218 2894 360 2955 Valerius
379 2896 486 2972 Tappo
508 2895 656 2971 Siciliam,
683 2897 717 2971 Q.
740 2896 883 2960 Salonius
904 2898 997 2960 Sarra
1017 2899 1200 2975 Sardiniam,

218 2978 259 3038 Μ.
273 2978 407 3040 Baebius
426 2980 603 3056 Tamphilus
622 2981 803 3056 ilispaniam
824 2983 1013 3058 citeriorem,
1032 2985 1071 3043 Α.
1086 2983 1201 3044 Atilius

220 3061 369 3122 Serranus
392 3064 576 3126 ulteriorem.
614 3066 671 3126 sed
696 3064 745 3126 his
768 3066 888 3127 duobus
914 3066 1045 3143 primum
1070 3074 1201 3129 senatus

219 3147 369 3222 consulto,
384 3148 495 3208 deinde
509 3148 611 3223 plebei
626 3149 717 3209 etiam
728 3148 806 3211 scito
819 3156 1008 3225 permutatae
1021 3150 1203 3227 provinciae

220 3236 304 3291 suntz
325 3229 418 3291 Atilio
434 3231 543 3292 classis
559 3238 590 3291 et
602 3230 799 3308 Macedonia,
811 3233 934 3297 ‘Baebio
947 3234 1056 3296 Bruttii
1073 3235 1201 3296 decreti.

218 3311 365 3374 Flaminio
385 3313 555 3390 Fulvioque
577 3316 607 3375 in
627 3316 785 3391 Hispaniis
806 3325 1005 3394 prorogatum
1026 3319 1202 3395 imperium.

219 3395 334 3458 Baebio
344 3396 501 3475 Tamphilo
516 3400 545 3459 in
556 3400 692 3462 Bruttios
707 3401 787 3463 duae
797 3402 936 3477 legiones
950 3403 1102 3479 decretae,
1119 3418 1203 3478 quae

220 3480 322 3557 priore
343 3498 423 3543 anno
442 3482 578 3543 urbanae
597 3485 741 3559 luissent,
769 3492 798 3544 et
816 3491 850 3545 ut
870 3487 964 3547 sociis
985 3487 1096 3547 eodem
1117 3485 1202 3547 milia
