2600 4000
294 272 409 334 LlBER
423 273 541 333 xxxll.
564 274 703 336 capae.
726 276 806 351 [ac.
820 278 881 355 ree]
1039 274 1080 341 71

102 427 230 490 consule
244 433 373 501 gestum.
397 442 465 486 eum
479 426 558 487 duos
574 427 727 487 exereitus
741 426 771 485 in
786 427 944 500 provincia
955 428 1079 490 habuis-

101 517 164 586 ect,
185 526 280 572 unum
294 515 459 583 retentum,
482 525 572 584 quem
588 509 694 571 dimitti
709 510 879 585 oportebat,
895 511 943 571 cui
957 511 989 570 L.
1008 514 1079 573 Cor·

101 595 200 655 nelins
221 594 389 669 proconsul
410 593 583 668 praefuerat
596 628 632 637 -
645 594 714 669 ipse
735 594 763 653 ei
785 593 816 653 C.
831 594 972 654 Helvium
991 612 1079 670 prae·

101 686 198 739 torem
213 677 361 753 praeierit
374 710 427 751 -,
442 678 577 752 alterum,
594 693 685 753 quem
699 678 729 737 in
741 677 931 752 provinciam
943 677 1071 739 adduxit

100 768 196 823 totum
210 775 308 836 prope
319 776 431 820 annum
443 761 699 822 Cremonensibus
709 761 955 837 Placentinisque
968 778 1080 838 cogen-

101 846 148 906 dis
162 845 264 905 redire
283 844 314 904 in
330 844 482 919 colonias,
504 846 587 905 unde
602 845 674 905 belli
689 845 813 906 casibus
829 846 969 921 dissipati
984 849 1080 922 erant,

101 929 300 1003 consumpsit.

76 1053 80 1058 -
184 1012 280 1086 Quem
296 1012 335 1072 ad
349 1012 471 1073 modum
485 1013 580 1073 Gellia
594 1019 716 1087 praeter
730 1029 816 1090 spem
832 1014 935 1089 quieta
947 1028 984 1074 eo
998 1029 1080 1075 anno

101 1097 163 1170 luit,
179 1101 221 1157 ita
235 1096 317 1156 circa
329 1098 435 1157 urbem
450 1097 570 1156 servilis
585 1112 685 1171 prope
699 1098 844 1157 tumultus
860 1104 908 1158 est
918 1098 1078 1159 excitatus.

101 1180 227 1241 obsides
244 1179 535 1255 Carthaginiensium
550 1179 651 1240 Setiae
667 1181 923 1242 custodiebantur.
947 1197 1016 1243 enm
1030 1182 1077 1259 iis,

99 1271 133 1324 ut
146 1261 319 1339 principum
333 1263 446 1337 liberis,
461 1264 632 1338 magnonis
648 1280 808 1326 servorum
823 1271 896 1325 erat.
926 1267 1079 1340 augebant

100 1363 206 1408 eorum
226 1361 401 1421 numerum,
421 1354 455 1407 ut
476 1347 514 1406 ab
534 1347 647 1408 recenti
661 1349 766 1409 Africo
787 1349 882 1424 bello,
904 1355 934 1409 et
947 1350 985 1408 ab
1000 1350 1077 1425 ipsis

99 1430 212 1492 Setinis
224 1431 346 1506 captiva
357 1431 473 1506 aliquot
483 1431 613 1493 nationis
625 1432 691 1492 eius
703 1440 805 1508 empta
816 1448 855 1492 ex
867 1434 983 1507 praeda
993 1451 1077 1493 man-

99 1516 189 1590 cipia
214 1531 283 1576 eum
299 1515 538 1576 coniurationem
553 1516 707 1589 iecissent,
723 1517 827 1577 missis
842 1532 881 1576 ex
897 1533 934 1577 eo
949 1533 1076 1578 annuero

99 1600 229 1674 primum
251 1599 302 1674 qui
323 1599 352 1659 in
368 1598 472 1659 Setino
489 1616 578 1676 agro,
601 1601 712 1661 deinde
727 1601 810 1660 cirea
822 1600 954 1661 Norbam
970 1607 1000 1659 et
1016 1602 1075 1659 Cir·

99 1684 184 1743 ceios
199 1682 322 1744 servitia
337 1683 546 1758 sollicitarent,
563 1686 639 1745 satis
654 1684 714 1744 iam
730 1682 872 1743 omnibus
886 1684 1077 1758 praeparatis

97 1766 179 1826 ludis
195 1768 247 1842 qui
259 1766 359 1828 Setiae
372 1783 471 1844 prope
486 1769 566 1828 diem
577 1769 669 1829 futuri
680 1774 775 1839 erant,
791 1768 969 1842 spectaculo
981 1767 1062 1826 inten

96 1856 161 1910 tum
175 1852 322 1927 populum
339 1852 463 1926 adgredi
479 1859 655 1925 statuerant,
678 1851 760 1912 Setia
775 1867 831 1926 per
845 1852 970 1911 caedem
985 1857 1015 1910 et
1029 1866 1077 1910 re·

97 1934 255 2010 pentinum
276 1937 434 1996 tumultum
457 1943 546 2011 capta
558 1936 691 1996 Norbam
713 1943 743 1997 et
757 1936 890 1996 Circeios
912 1951 1077 2011 occupare.

97 2018 190 2081 huius
210 2021 255 2080 rei
275 2026 335 2079 tam
355 2020 465 2080 foedae
484 2020 628 2080 indicium
647 2022 775 2081 Romam
795 2022 835 2081 ad
856 2021 887 2080 L.
905 2021 1076 2082 Cornelium

96 2100 246 2163 Merulam
271 2110 444 2176 praetorem
468 2102 552 2161 urbis
574 2104 707 2163 delatum
729 2111 785 2164 est.
822 2105 903 2165 servi
924 2106 985 2164 duo
1007 2113 1078 2164 ante

95 2187 197 2246 iucem
219 2186 351 2244 adeum
369 2190 532 2256 venerunt,
554 2191 646 2258 atque
668 2186 775 2245 ordine
800 2187 901 2245 omnia
916 2201 996 2260 quae
1010 2193 1077 2246 acta

95 2271 263 2344 suturaque
274 2272 584 2341 erantexposuerunt.
602 2268 713 2341 quibus
726 2268 808 2327 domi
816 2268 963 2327 custodiri
975 2268 1077 2343 iussis,

96 2358 223 2430 praetor
237 2358 344 2412 senatu
357 2356 468 2412 vocato
483 2350 670 2426 edoctoque,
687 2367 766 2426 quae
779 2350 899 2411 indices
914 2351 1078 2428 adferrent,

96 2435 253 2513 proficisci
269 2435 387 2495 adeam
400 2434 638 2497 coniurationem
653 2436 858 2511 quaerendam
869 2441 961 2511 atque
975 2437 1077 2512 oppri-

95 2521 240 2580 mendam
254 2520 367 2593 iussus,
390 2535 460 2580 eum
475 2519 611 2596 quinque
625 2520 733 2595 legatis
748 2520 906 2595 proiectus
922 2521 1030 2582 obvios
1047 2521 1078 2580 in

98 2605 181 2679 agris
203 2610 395 2666 sacramento
418 2610 543 2679 rogatos
563 2619 647 2664 arma
663 2619 775 2679 capere
789 2610 818 2664 ct
832 2605 921 2680 sequi
937 2604 1076 2681 cogebat.

97 2687 157 2749 hoc
177 2687 371 2749 tumultuario
394 2688 504 2750 dilectu
525 2688 647 2749 duobus
668 2689 789 2749 milibus
811 2689 906 2750 ferme
921 2689 1077 2751 hominum

96 2772 222 2832 arelatis
236 2771 366 2845 Setiam,
389 2772 529 2833 omnibus
547 2789 607 2846 quo
623 2779 764 2848 pergeret
778 2772 908 2847 ignaris,
924 2774 1015 2834 venit.
1036 2775 1077 2834 ibi

95 2856 207 2930 raptim
228 2855 417 2931 principibus
441 2856 659 2918 coniurationis
681 2856 911 2932 comprehensis
926 2856 999 2931 iuga
1013 2874 1077 2918 ser-

97 2954 206 3000 vorum
221 2955 261 2999 ex
276 2939 393 3015 oppido
408 2940 489 3000 lecta
503 2943 558 3001 est.
582 2940 718 3001 dimissis
731 2940 843 3000 deinde
855 2955 911 3014 per
922 2956 1013 3014 agros
1027 2941 1076 3017 qui

97 3023 286 3099 vestigarent
296 3021 358 3080 ***.
381 3025 506 3098 egregia
520 3024 650 3085 duorum
662 3040 757 3100 opera
770 3039 929 3084 servorum
942 3023 1076 3085 indicum

96 3107 230 3167 etunius
252 3107 340 3167 liberi
361 3107 424 3166 init.
457 3108 486 3167 ei
500 3115 621 3169 centum
635 3108 718 3169 milia
732 3108 836 3183 gravis
850 3108 930 3168 aeris
945 3108 1011 3167 dari
1024 3124 1077 3183 pa·

94 3196 158 3251 tres
179 3191 349 3265 iusserunt,
370 3192 469 3251 servis
490 3191 600 3253 moena
615 3193 708 3272 quina
722 3193 804 3252 milia
818 3192 898 3251 aeris
914 3198 944 3251 et
957 3191 1078 3252 liberta·

94 3281 174 3341 tem;
195 3275 326 3350 pretium
339 3289 445 3335 eorum
455 3290 495 3335 ex
506 3277 624 3339 aerario
636 3278 769 3338 solutum
781 3281 829 3335 est
840 3275 980 3336 dominis.
995 3274 1078 3334 haud

96 3358 138 3417 ita
151 3360 244 3419 multo
266 3363 339 3433 post
352 3374 391 3419 ex
407 3359 546 3420 eiusdem
567 3359 787 3422 coniurationis
807 3358 946 3435 reliquiis
960 3359 1079 3418 nuntia-

94 3448 158 3502 tum
181 3447 229 3502 est
249 3442 373 3503 servitia
392 3442 557 3505 Praeneste
578 3450 775 3518 occupatura.
812 3458 850 3502 eo
871 3443 905 3502 L.
921 3441 1078 3501 cornelius

95 3530 222 3600 praetor
236 3526 392 3600 proiectus
408 3528 447 3586 de
463 3527 637 3602 quingentis
653 3527 717 3587 iere
730 3526 914 3597 hominibus,
931 3524 982 3595 qui
997 3522 1026 3578 in
1042 3535 1078 3577 ea
