2600 4000
201 264 261 329 242
340 265 456 325 LIBER
469 262 603 324 XXXVl.
627 265 709 324 CAP.
726 273 768 325 22.
780 273 823 326 23.
846 270 882 338 [a.
894 269 929 321 U.
941 287 966 323 c.
978 272 1041 338 bbl]

201 433 283 493 equo
297 416 421 477 moenia
433 422 482 476 est
495 416 728 476 circumvectus.
760 414 819 475 sita
832 420 880 475 est
892 414 1042 475 Heraclea
1055 416 1086 475 in
1100 417 1179 478 radr-

201 501 287 562 cibus
309 499 404 561 Oetae
423 498 549 571 montis,
571 496 690 573 ipsein
709 514 834 573 eampo,
855 513 956 559 arcem
977 499 1181 562 imminentem
1295 503 1296 578 ζ

200 587 270 647 loco
286 584 346 645 alto
362 591 393 644 et
403 582 541 658 undique
551 578 711 657 praecipiti
721 580 822 641 habet.
846 582 1067 657 contemplatus
1079 586 1182 645 omnia
1295 585 1296 608 l

202 683 283 746 quae
296 667 456 729 noscenda
470 672 565 740 erant,
582 670 724 741 quattuor
738 665 827 726 simul
842 665 918 725 locis
932 665 1060 740 adgredi
1073 666 1179 728 urbem
1295 669 1296 734 l

202 750 366 814 constituit.
398 749 563 810 affamine
576 750 703 823 Asopo,
723 764 785 823 qua
805 755 836 809 et
854 749 1049 827 gymnasium
1063 758 1125 826 cst,
1146 752 1180 811 L.

201 837 358 898 Valerium
379 834 526 909 operibus
546 840 639 907 atque
657 831 879 908 oppugnationi
893 833 1088 907 praeposuit3
1111 851 1180 910 par-

202 927 261 982 tem
276 928 362 980 extra
375 933 495 989 muros,
518 931 600 992 quac
614 916 803 991 frequentius
816 931 916 991 prope
932 932 1023 991 quam
1037 917 1112 978 urbs
1127 918 1182 976 ha-

201 1004 367 1075 bitabatur,
388 1001 431 1061 Ti.
448 999 629 1075 Sempronio
651 999 758 1073 Longo
781 999 1020 1075 oppugnandam
1041 1000 1141 1071 dedit3
1162 1017 1180 1061 a

202 1088 272 1148 sinu
286 1084 425 1157 Maliaco,
442 1099 523 1159 quac
536 1084 650 1144 aditum
656 1084 747 1143 fraud
762 1084 882 1144 facilem
896 1099 969 1158 pars
983 1083 1124 1158 habebat,
1140 1084 1181 1144 Μ.
1295 1153 1296 1170 ἶ

201 1168 357 1240 Baebium,
372 1168 411 1228 ab
422 1169 516 1228 altero
529 1168 690 1242 amniculo,
706 1183 797 1242 quem
807 1167 927 1228 Melana
939 1173 1059 1241 vocant
1072 1168 1180 1228 adver·

203 1269 257 1314 sus
272 1252 386 1312 Dianae
401 1253 546 1326 templum
560 1251 621 1326 Ap.
636 1250 794 1312 claudium
809 1252 963 1327 opposuit.
994 1250 1103 1313 horum
1116 1268 1181 1311 ma·

202 1354 262 1413 gno
278 1335 441 1395 certamine
455 1336 534 1395 intra
548 1350 666 1410 paucos
683 1336 749 1396 dies
763 1343 862 1397 turres
876 1334 1050 1410 arietesque
1062 1342 1093 1395 et
1102 1336 1181 1396 alius

202 1418 301 1482 omnis
328 1425 493 1494 apparatus
515 1420 791 1494 oppugnandarum
810 1419 931 1480 urbium
950 1419 1121 1495 perficiture
1151 1425 1184 1479 et

203 1520 271 1566 cum
292 1517 366 1576 ager
379 1502 594 1563 Heracleensis
616 1503 752 1577 paluster
771 1504 870 1564 omnis
885 1504 1095 1578 frequensque
1110 1517 1182 1579 pro-

204 1588 282 1650 ceris
297 1585 458 1647 arboribus
472 1586 606 1661 benignc
618 1585 658 1645 ad
673 1601 763 1646 omne
773 1602 872 1662 genus
885 1602 1013 1662 operum
1024 1587 1181 1647 materiam

203 1671 435 1748 suppeditabat;
457 1677 534 1742 tum,
557 1670 629 1745 quia
649 1670 825 1744 refugerant
844 1670 922 1732 intra
935 1668 1181 1743 moeniaAetoll

204 1757 333 1829 deserta,
350 1755 473 1832 quaein
487 1753 841 1829 vestibulourbiscrant,
857 1760 936 1816 tecta
946 1755 977 1814 in
989 1753 1092 1816 varios
1104 1770 1181 1815 usus

203 1857 265 1901 non
288 1840 371 1915 tIgna
391 1839 484 1902 modo
504 1844 535 1898 et
553 1837 673 1899 tabulas
694 1836 751 1898 sed
771 1840 895 1898 luterem
917 1854 1041 1913 quoque
1062 1845 1093 1899 et
1112 1854 1182 1899 cae-

204 1929 305 1984 menta
319 1930 350 1983 ct
363 1937 440 1982 saxa
452 1920 557 1982 variae
570 1918 786 1997 magnitudinis
801 1922 998 1998 praebebant.
1023 1921 1130 1982 XXIII.
1153 1930 1183 1982 ct

204 2006 332 2068 Romani
353 2007 477 2081 quidem
497 2006 643 2081 operibus
663 2006 761 2081 magis
783 2021 874 2082 quam
893 2006 986 2069 armis
1002 2006 1111 2067 urbem
1125 2023 1180 2082 up

204 2091 394 2168 pugnabant,
415 2089 517 2150 Aetoli
537 2098 642 2153 contra
662 2089 754 2150 armis
769 2106 804 2150 se
821 2090 991 2151 tuebantur.
1027 2106 1097 2151 nam
1112 2106 1182 2150 cum

203 2175 298 2236 ariete
312 2181 509 2250 quaterentur
522 2174 615 2248 muri,
630 2190 692 2235 non
706 2174 840 2250 laqueis,
855 2180 889 2234 ut
902 2176 1016 2246 solent,
1032 2181 1182 2249 exceptos
1238 2251 1242 2259 Ι

204 2258 398 2321 declinabant
417 2258 510 2330 ictus,
532 2258 590 2320 sed
609 2258 715 2319 armati
736 2258 927 2333 frequentes,
949 2256 1074 2333 quidam
1093 2257 1184 2332 ignes

205 2345 310 2416 etiam,
329 2359 408 2419 quos
425 2339 589 2416 aggeribus
604 2339 760 2416 inicerent,
775 2340 922 2401 ferebant.
957 2341 1090 2401 fornices
1106 2356 1184 2416 quo·

205 2443 266 2502 que
281 2428 311 2486 in
326 2441 413 2486 muro
428 2432 515 2484 erant
528 2425 591 2499 apti
604 2425 644 2483 ad
660 2424 900 2494 excurrendunm
922 2431 953 2485 et
966 2424 1027 2499 ipsi
1041 2438 1111 2485 cum
1124 2441 1184 2501 pro

204 2507 311 2570 dirutis
322 2508 483 2568 reficerent
493 2523 608 2580 muros,
623 2507 795 2567 crebriores
806 2523 872 2581 cos,
884 2515 919 2569 nt
929 2506 1068 2583 pluribus
1080 2523 1183 2569 erum-

204 2598 329 2666 peretur
351 2590 382 2649 in
401 2588 523 2649 hostem
542 2587 635 2664 locis,
657 2589 818 2653 faciebant
852 2591 912 2653 hcc
934 2591 1039 2668 primis
1061 2591 1184 2666 diebus,
1295 2578 1296 2665 l

204 2675 276 2735 dum
295 2671 432 2748 integrae
453 2670 536 2733 vires
557 2679 658 2748 erant,
679 2679 710 2733 et
723 2674 899 2750 frequentes
914 2681 944 2736 et
957 2673 1087 2751 impigre
1101 2675 1183 2736 lece·
1295 2670 1296 2691 ³

203 2763 289 2826 runt;
312 2755 427 2816 indies
448 2755 560 2817 deinde
579 2755 742 2832 pauciores
763 2765 793 2819 et
812 2757 949 2836 segnius.
980 2758 1091 2820 etenim
1112 2776 1185 2820 cum

204 2841 305 2902 multis
325 2846 506 2916 urgerentur
525 2842 633 2917 rebus,
656 2841 740 2903 nulla
752 2857 808 2903 eos
827 2858 879 2904 res
894 2858 994 2919 aeque
1008 2859 1045 2903 ac
1058 2841 1186 2918 vigiliae

205 2925 416 2999 conficiebant,
433 2925 578 2986 Romanis
596 2927 625 2986 in
640 2941 751 3000 magna
765 2925 857 3002 copia
870 2927 996 2989 militum
1010 2926 1185 2988 succeden-

203 3008 285 3071 tibus
306 3007 374 3070 aliis
394 3010 424 3068 in
444 3010 604 3071 stationem
624 3010 767 3084 aliorum,
789 3012 918 3072 Aetolos
933 3017 1059 3087 propter
1076 3010 1186 3085 paucis

204 3099 296 3153 tatem
310 3093 436 3153 eosdem
452 3093 519 3154 dics
534 3100 705 3170 noctesque
719 3094 848 3156 adsiduo
865 3096 968 3156 labore
982 3100 1099 3155 urente.
1126 3110 1187 3170 per
1295 3148 1296 3157 ,

204 3182 347 3252 quattuor
360 3184 391 3239 ct
404 3176 508 3252 viginti
523 3177 605 3252 dies,
626 3177 668 3238 ita
680 3184 715 3238 ut
727 3180 842 3240 nullum
855 3187 976 3254 tempus
990 3193 1122 3240 vacuum
1137 3178 1185 3238 di·
1295 3184 1296 3187 ’

203 3258 365 3321 micaticne
377 3267 468 3335 esset,
483 3261 633 3321 adversus
646 3267 790 3336 quattuor
800 3278 817 3322 e
828 3262 966 3338 partibus
978 3264 1069 3323 simul
1081 3278 1186 3338 oppu-

202 3344 483 3420 gnantemhostem
504 3350 671 3405 nocturnus
689 3345 798 3407 diurno
814 3347 1007 3409 continuatus
1022 3345 1109 3406 labor
1123 3351 1185 3405 est

203 3443 273 3489 curn
288 3428 428 3502 fatigatos
444 3426 503 3487 iam
513 3428 641 3489 Aetolos
656 3429 749 3490 sciret
762 3432 871 3491 consul
882 3437 914 3491 ct
925 3446 965 3503 ex
976 3429 1095 3491 ratione
1106 3439 1185 3490 tom-

202 3510 287 3587 puris
303 3519 333 3571 ct
354 3511 438 3586 quod
457 3510 499 3572 ita
519 3513 694 3589 transfugae
709 3512 924 3586 adfirmabant,
945 3514 1004 3574 tale
1019 3512 1188 3575 consilium
