2600 4000
206 258 271 325 104
343 256 459 319 urens
471 254 603 317 murm.
625 254 709 315 csr.
722 261 766 316 n.
781 219 826 315 se.
847 258 1044 330 [comesu

205 410 341 475 bostium
355 406 522 472 exercitum
537 408 639 468 tusum
653 406 861 481 fugatumque.
893 405 952 467 bae
965 404 1084 468 litterae
1097 405 1186 484 prius

206 496 237 558 ln
252 501 361 557 senatu
381 509 400 553 a
420 489 539 568 Sergio
549 497 708 566 praetore,
734 488 846 551 deinde
866 506 907 551 ex
927 488 1109 552 auctoritate
1131 508 1186 568 pa·
1296 539 1297 566 l

206 588 285 643 uum
299 577 331 639 in
346 574 490 638 contione
504 572 745 645 suntrecitatae;
760 581 791 634 et
802 573 842 634 ob
853 590 905 635 res
916 589 1069 650 prospere
1079 584 1185 650 gestas
1296 595 1297 598 ¹

205 663 237 725 ln
257 660 325 723 dies
343 657 479 737 quinque
493 656 738 734 supplicationes
759 658 910 719 decretae.
951 654 1039 719 brevi
1057 666 1130 733 post
1143 659 1185 719 le
1296 695 1297 698 =

205 744 268 824 guli
282 753 313 806 et
322 743 366 804 ab
379 743 411 803 Τ.
427 740 567 817 Quinctio
581 748 612 802 et
626 741 665 801 ab
679 756 753 816 rege
772 740 914 818 Philippo
929 748 1089 802 venerunt.
1121 742 1184 802 Ma·
1296 769 1297 772 ¹

205 830 343 892 redonas
368 824 492 888 deducti
517 831 605 887 extra
627 825 735 886 urbem
754 822 785 884 in
807 822 910 885 villam
933 823 1104 900 publicam,
1129 822 1186 885 ibi·

207 930 268 990 que
289 910 336 973 eis
357 912 446 971 locus
459 912 497 970 'et
516 907 611 970 lautia
632 907 785 984 praebitc;
812 916 842 969 et
860 910 902 969 cd
915 908 1025 971 aedem
1038 908 1185 970 Bellonae

207 1003 333 1059 senatus
348 993 453 1065 datus;
475 991 518 1053 ibi
531 992 615 1053 haud
629 994 723 1054 mrum
736 993 831 1053 verba
846 992 940 1065 iacta,
958 1008 1027 1053 cum
1040 991 1182 1052 Macedo·

205 1097 271 1153 nes,
288 1078 506 1154 quodcumque
520 1083 647 1137 senatus
662 1073 851 1149 censuisset,
869 1074 902 1135 id
915 1091 1020 1151 regern
1034 1075 1185 1136 iacturum

205 1178 278 1226 esse
292 1159 438 1225 dicerent.
482 1160 589 1221 decem
603 1158 696 1236 legati
710 1174 796 1222 more
809 1157 973 1233 maiorum,
999 1174 1130 1234 quorum
1144 1175 1186 1220 ex

206 1240 550 1319 concitusconcitus
562 1241 729 1320 imperator
739 1243 825 1319 leges
836 1241 925 1319 pacis
935 1241 1076 1319 Philippo
1088 1244 1185 1316 daret,

205 1326 335 1402 decreti,
350 1327 582 1402 adiectumque,
596 1325 675 1389 utin
690 1343 728 1388 eo
744 1342 870 1403 numero
885 1327 1054 1403 legatorum
1066 1326 1099 1385 P.
1116 1325 1184 1387 Sul-

204 1410 305 1489 picius
321 1419 352 1474 et
363 1412 395 1471 P.
409 1409 521 1472 Villius
535 1418 658 1484 essent,
680 1409 734 1486 qui
755 1411 901 1472 consules
916 1409 1106 1487 provinciam
1119 1410 1184 1469 Ma-

205 1494 368 1557 cedoniam
383 1492 596 1557 obtinuissent
629 1492 758 1557 Cosanis
774 1510 812 1555 eo
829 1492 880 1555 die
893 1492 1136 1570 postulantibus,
1151 1501 1186 1555 ut
1296 1555 1297 1558 ,

205 1577 265 1642 sibi
279 1580 459 1640 colonorum
472 1593 618 1639 numerus
639 1586 816 1654 augeretur,
839 1577 921 1639 mille
941 1576 1077 1639 adscribi
1097 1575 1184 1651 iussi,
1296 1635 1297 1640 ,

205 1663 278 1724 dum
291 1679 331 1724 ne
346 1661 415 1738 quis
437 1661 469 1722 in
488 1677 526 1723 eo
543 1677 670 1724 numero
691 1669 790 1736 esset,
812 1660 866 1743 qui
879 1669 952 1737 post
964 1661 994 1721 P.
1012 1661 1184 1723 Cornelium

204 1756 236 1807 et
248 1745 292 1806 Ti.
308 1744 523 1823 Sempronium
538 1746 684 1807 consulas
698 1745 797 1806 hostis
812 1743 932 1806 luisset.

286 1829 380 1891 XXV.
401 1828 480 1891 Ludi
498 1827 628 1890 Romani
650 1845 688 1890 eo
709 1846 790 1891 anno
811 1829 843 1889 in
865 1827 946 1891 circo
973 1845 1131 1905 scenaque
1145 1829 1184 1889 ab

205 1911 356 1974 aedilibus
377 1912 550 1987 curulibus,
570 1911 602 1971 P.
618 1911 758 1975 cornelio
780 1911 928 1990 Scipione
948 1922 979 1974 et
1000 1913 1053 1973 cn.
1070 1912 1183 1972 Manlio

204 1996 360 2071 Vulsone,
384 2004 415 2058 et
434 1993 680 2072 magnificentius
707 2014 798 2073 quam
819 1995 896 2059 alias
917 1995 1004 2073 lacti,
1030 2005 1061 2060 et
1074 1994 1187 2058 laetius

205 2089 333 2157 propter
344 2095 397 2141 res
411 2080 492 2143 bello
507 2080 588 2142 bene
601 2089 708 2158 gestas
723 2080 862 2157 spectati,
877 2080 996 2157 totique
1009 2090 1056 2142 ter
1069 2080 1186 2142 instau·
1296 2110 1297 2133 ι

205 2163 273 2226 rati.
315 2164 418 2242 plebei
439 2162 577 2241 septiens
597 2163 767 2228 instaurati.
807 2166 859 2226 Μ’.
878 2163 996 2225 Acilius
1017 2163 1140 2226 Glabrio
1156 2171 1187 2226 et

206 2249 237 2310 c.
257 2248 380 2323 Laelius
401 2265 457 2311 eos
477 2249 569 2310 ludos
591 2250 745 2323 iecerunt,
767 2250 857 2310 etde
877 2257 1004 2324 argento
1019 2246 1185 2311 multaticio

204 2330 262 2394 tria
283 2332 373 2408 signa
391 2348 505 2406 aenea,
526 2332 669 2393 cererem
678 2331 888 2407 Liberumque
909 2340 940 2393 et
952 2331 1108 2406 Liberam
1130 2347 1186 2407 po·

205 2424 446 2558 summimus
461 2503 492 2557 et
503 2495 545 2555 Μ.
568 2495 712 2557 Claudius
732 2497 896 2560 Marcellus
918 2499 1081 2562 consulatu
1100 2497 1203 2575 inito,'

205 2596 275 2643 cum
289 2581 329 2640 de
342 2576 512 2655 provinciis
527 2585 669 2654 ageretur
683 2586 714 2640 et
727 2580 844 2642 Italiam
857 2581 979 2658 utrique
992 2581 1186 2659 provinciam

205 2671 332 2725 senatus
347 2663 535 2735 decerneret,
548 2668 583 2723 ut
595 2661 810 2747 Macedoniarn
824 2681 894 2727 cum
907 2666 993 2727 ltalia
1005 2665 1188 2729 sortirentur

204 2747 380 2811 tendebant.
406 2746 571 2809 Marcellus
585 2746 766 2823 provinciae
780 2749 922 2826 cupidior
936 2769 1046 2827 pacem
1061 2750 1187 2812 simula-

204 2839 266 2894 tam
285 2846 323 2892 ac
344 2831 484 2893 tsdacem
504 2828 653 2907 dicendo,
675 2840 706 2895 ct
724 2834 956 2908 rebellaturum,
982 2834 1009 2896 si
1030 2834 1186 2898 exercitus

203 2914 276 2976 inda
291 2915 470 2991 deportatus
484 2923 578 2990 esset,
594 2932 698 3000 regem
713 2917 825 2980 dubios
840 2917 1010 2980 sententiae
1021 2925 1126 2994 patres
1141 2919 1188 2979 ie·-

87 3001 92 3010 ’
204 3006 297 3060 cerat.
320 3006 351 3060 et
365 2997 493 3061 forsitan
509 2997 693 3062 obtinuisset
707 3003 832 3077 consul,
853 3001 884 3061 ni
900 3002 933 3076 Q.
948 3001 1084 3063 Marcius
1098 3002 1188 3071 Ralla

203 3090 235 3145 et
249 3081 280 3143 0.
295 3080 418 3144 Atinius
432 3082 536 3144 Labeo
550 3081 663 3145 tn'buni
678 3083 778 3159 plebis
792 3102 828 3146 se
844 3083 1072 3147 intercessuros
1088 3084 1188 3145 dixis·
1220 3121 1223 3127 -

204 3173 281 3240 sent,
297 3163 329 3226 ni
342 3165 429 3242 prius
443 3165 504 3242 ipsi
519 3166 560 3226 ad
573 3166 697 3241 plebem
709 3166 859 3243 tulissent,
874 3170 989 3231 vellent
1003 3167 1188 3231 iuberentne

203 3267 273 3312 cum
287 3266 361 3327 rege
374 3249 514 3326 Philippo
529 3266 640 3326 pacem
653 3267 735 3312 esse.
757 3268 795 3313 aa
808 3252 927 3330 rogatio
942 3251 1133 3328 incapitolio
1145 3252 1190 3313 ad

202 3334 325 3411 plebem
344 3334 406 3395 lata
426 3343 482 3395 est.
525 3349 633 3396 omnes
655 3334 793 3412 quinque
812 3345 843 3398 et
858 3335 983 3413 triginta
1002 3336 1101 3399 tribus
1116 3343 1197 3415 „utu

201 3422 317 3493 rogas“
331 3415 496 3480 iusserunt.
518 3425 549 3479 et
563 3434 625 3494 quo
640 3419 739 3495 magis
753 3437 863 3495 pacem
875 3429 973 3482 ratam
987 3435 1060 3482 esse
1074 3418 1106 3495 in
1120 3419 1188 3479 Ma-
1229 3460 1234 3469 ·

200 3498 335 3564 cedonia
344 3502 437 3578 vulgo
450 3502 642 3573 laetarentur,
655 3503 751 3565 tristis
764 3519 804 3563 ex
813 3503 963 3580 Hispania
973 3496 1096 3564 adlatus
1106 3517 1187 3564 nurn-
