2600 4000
271 229 385 291 tanR
398 229 545 291 XXXVII.
568 229 651 291 CAP.
666 237 711 292 M.
724 238 769 293 28.
790 232 828 308 [a.
845 236 956 310 &19⁰1
1038 233 1101 299 285

3 387 4 424 ³
120 384 212 446 reios
226 382 331 459 regiae
349 383 442 443 classi
458 381 590 458 benigue
605 390 793 443 commeatus
807 382 999 459 praebuisse,
1013 365 1099 461 quin-

97 501 101 508 ·
120 483 185 545 que
205 467 288 528 milia
307 482 454 534 vasorum
474 466 537 525 vini
552 466 706 542 pollicitos
720 480 802 527 esse.
837 468 933 528 Teum
946 482 987 527 ex
999 471 1100 533 medio

122 567 217 612 cursu
237 552 368 611 classem
388 557 515 626 repente
535 550 656 623 avertit,
676 555 730 611 aut
747 551 921 612 volentibus
936 551 973 611 iis
989 569 1101 615 usurum

120 641 294 697 commeatu
308 640 415 710 parato
436 633 592 709 hostibus,
614 639 667 695 eut
683 633 771 710 ipsos
785 649 842 709 pro
860 634 1002 697 hostibus
1017 636 1101 697 habi-

121 726 218 780 turus.
236 734 306 780 cum
316 719 503 779 direxissent
513 719 555 778 ad
565 724 676 778 terram
687 733 806 793 proras,
822 718 997 794 quindecim
1008 720 1102 782 terme

3 807 4 830 ¹
121 805 167 865 eis
184 817 280 863 naves
295 802 377 863 circa
390 802 597 881 Myonnesum
611 810 834 878 apparuerunt,
855 818 934 878 quas
949 803 1047 877 primo
1062 820 1101 864 ex

3 941 4 950 ,
121 888 224 948 classe
247 886 334 961 regia
357 893 481 961 praetor
504 901 577 947 esse
595 893 680 946 ratus
700 885 807 946 institit
825 886 925 963 sequi.
961 889 1102 962 apparuit

3 971 4 1036 l
119 970 233 1031 deinde
247 970 392 1046 piraticas
408 972 530 1031 celoces
545 976 575 1030 et
588 970 707 1030 lembos
722 984 803 1030 csse.
833 969 975 1031 chiorum
989 972 1100 1032 mariti·

120 1070 201 1114 mam
222 1070 308 1115 oram
328 1054 506 1130 depopulati
527 1070 597 1114 eum
617 1053 716 1115 omnis
731 1054 853 1128 generis
869 1054 986 1129 praeda
999 1070 1101 1115 rever·-

120 1145 220 1200 tentes
241 1133 406 1214 postquam
422 1138 527 1200 videre
541 1153 581 1198 ex
595 1139 656 1201 alto
673 1139 821 1210 classem,
843 1138 873 1198 in
888 1138 990 1213 lugam
1002 1146 1101 1200 verte-

121 1229 198 1287 runt.
227 1230 258 1284 et
273 1222 427 1284 eeleritate
447 1222 636 1298 superabant
656 1221 823 1283 levioribus
843 1229 875 1282 et
895 1223 936 1282 ad
955 1223 988 1283 id
1002 1224 1100 1284 labre-

122 1307 211 1367 factis
232 1306 380 1382 navigiis,
401 1314 431 1368 et
450 1307 612 1382 propiores
631 1313 732 1368 terrae
751 1312 846 1367 erant.
884 1306 987 1382 itaque
1004 1307 1101 1382 prius·

122 1407 214 1467 quam
235 1390 497 1468 appropinquaret
517 1390 642 1466 classis,
663 1389 869 1469 Myonnesum
886 1392 1100 1468 perlegerunta

122 1475 204 1536 unde
225 1478 292 1535 s'ee
308 1481 399 1551 portu
419 1482 503 1535 ratus
524 1475 747 1537 abstracturum
767 1490 877 1550 naves,
899 1476 1024 1550 ignarus
1042 1475 1102 1535 loci

122 1560 310 1635 sequebatur
320 1566 453 1635 praetor.
468 1559 659 1637 Myonnesus
671 1559 915 1635 promunturium
926 1558 1004 1618 inter
1009 1558 1102 1618 Teum

122 1642 309 1720 Samumque
324 1650 381 1705 cst
400 1644 469 1719 ipse
483 1644 570 1705 collis
587 1643 678 1708 estin
690 1643 815 1705 modum
826 1648 925 1702 metae
938 1641 969 1699 in
980 1648 1100 1702 acutum

122 1742 267 1788 cacumen
282 1745 301 1789 a
315 1729 411 1791 hundo
435 1729 510 1790 satis
530 1730 591 1790 lato
607 1728 782 1802 fastigatus:
804 1742 823 1786 a
837 1724 1002 1785 continenti
1018 1731 1103 1785 artae

121 1813 249 1873 semitae
264 1813 378 1874 aditum
392 1813 492 1887 habet,
508 1811 616 1873 amari
631 1825 746 1871 exesae
758 1806 902 1869 fluetibus
912 1823 1007 1884 rupes
1018 1809 1099 1868 clau·

120 1897 216 1967 dunt,
227 1897 269 1957 ita
281 1903 316 1956 ut
330 1896 515 1972 quibusdam
529 1895 605 1955 locis
619 1891 881 1970 superpendentia
895 1908 972 1953 saxa
986 1893 1057 1968 plus
1071 1893 1101 1954 iu

120 1984 214 2042 altum
230 1995 321 2053 quam
333 1994 412 2055 quae
426 1979 456 2038 in
468 1978 598 2039 statione
610 1982 681 2038 sunt
692 1990 787 2037 naves
798 1977 998 2053 promineant.
1022 1977 1102 2038 circa

121 2080 159 2124 ea
179 2061 430 2137 appropinquare
446 2077 508 2121 non
528 2076 623 2121 ausae
644 2076 756 2132 naves,
777 2077 817 2121 ne
838 2062 897 2121 sub
917 2061 980 2123 ictu
994 2076 1100 2136 super-

121 2146 265 2207 stantium
280 2145 409 2221 rupibus
423 2145 590 2221 piratarum
605 2152 719 2218 essent,
735 2142 816 2204 diem
831 2145 950 2204 trivere.
979 2144 1101 2207 tandem

120 2229 181 2291 sub
196 2234 317 2291 noctem
330 2244 411 2290 vano
426 2229 549 2304 incepto
565 2244 634 2289 cum
648 2228 853 2303 obstitissent,
867 2228 961 2289 Teum
975 2234 1101 2304 postero

121 2314 171 2374 die
186 2328 363 2385 accessere;
385 2319 416 2374 et
428 2314 459 2373 in
474 2320 580 2389 portu,
603 2312 656 2389 qui
672 2312 709 2373 ab
723 2319 810 2388 tergo
826 2312 912 2374 urbis
927 2319 975 2374 est
988 2346 1030 2360 -
1045 2311 1102 2372 Ge·

120 2396 285 2458 raesticum
310 2398 370 2475 ipsi
391 2400 613 2474 appellant—,
635 2398 766 2458 navibus
787 2397 959 2458 constitutis
980 2401 1103 2473 praetor

121 2482 161 2543 ad
189 2482 440 2558 depopulandum
456 2533 458 2536 ,
474 2481 556 2543 circa
584 2481 692 2542 urbem
720 2497 826 2557 agrum
855 2481 965 2542 milites
994 2480 1102 2541 emisit

3 2614 4 2621 ,
119 2566 255 2626 XXVlll.
282 2567 355 2642 Teii,
371 2583 440 2628 cum
451 2568 482 2626 in
495 2566 592 2627 oculis
605 2565 762 2643 populatio
774 2573 867 2636 esset,
884 2572 1022 2627 oratores
1034 2578 1102 2625 cum

121 2650 224 2711 intulis
240 2658 271 2712 et
282 2652 463 2712 velamentis
478 2651 518 2710 ad
532 2651 704 2711 Romanum
717 2650 874 2712 miserunt.
903 2649 1015 2727 quibus
1030 2665 1101 2725 pur-

121 2734 263 2807 gantibus
284 2735 436 2795 civitatem
456 2733 555 2793 omms
577 2734 648 2794 iacti
664 2733 798 2809 dictique
814 2733 935 2795 hostilis
950 2732 1102 2794 adversus

120 2816 286 2891 Romanos,
301 2825 332 2878 et
344 2817 462 2878 iuvisse
477 2833 532 2877 eos
548 2817 630 2876 omui
645 2824 814 2877 commeatu
825 2819 958 2878 classem
968 2816 1102 2879 hostium

121 2901 234 2976 arguit,
254 2908 285 2961 et
301 2908 447 2976 quantum
466 2900 526 2961 vini
541 2900 750 2979 Polyxenidae
767 2900 999 2976 promisissent;
1022 2916 1103 2976 quae

121 2983 148 3046 si
163 2984 271 3045 eadem
287 2985 380 3046 classi
390 2986 547 3047 Romanae
562 2985 679 3059 darent,
695 2991 911 3045 revocaturum
925 2998 961 3044 se
975 2999 1102 3061 apopu-

120 3067 233 3131 latione
253 3068 393 3143 militem,
421 3069 448 3131 si
468 3069 583 3143 minus,
605 3084 662 3143 pro
681 3068 824 3129 hostibus
844 3083 899 3130 eos
920 3067 1100 3129 habiturum.

121 3150 181 3213 hoc
194 3159 256 3214 tam
269 3154 356 3215 triste
370 3169 554 3231 responsum
569 3169 638 3214 eum
653 3152 841 3214 rettulissent
854 3152 960 3228 legati,
976 3161 1102 3214 vocatur

3 3258 4 3303 t
121 3234 152 3293 in
173 3237 346 3299 condonent
367 3255 387 3299 a
407 3237 632 3314 magistratibus
653 3238 805 3314 populus,
832 3245 865 3299 ut
884 3236 957 3313 quid
978 3243 1103 3312 agerent

123 3322 340 3384 consultarent.
373 3339 411 3386 eo
427 3325 505 3384 iorte
522 3321 573 3382 die
587 3320 796 3399 Polyxenidas
817 3337 886 3383 eum
900 3321 987 3396 regia
1001 3322 1102 3380 classe

122 3418 142 3462 a
155 3402 333 3480 colophona
347 3407 505 3483 proiectus
520 3412 683 3482 postquam
698 3406 835 3466 movisse
849 3421 868 3466 a
883 3403 975 3465 Samo
990 3405 1101 3464 Rorna-

122 3502 178 3548 nos
193 3487 317 3565 audivit,
331 3497 362 3551 et
376 3490 415 3548 ad
426 3483 634 3561 Myonnesum
644 3482 758 3555 piratas
771 3481 1103 3558 persecutosTeiorum
