2600 4000
190 200 193 207 ·
276 239 393 323 LIBER
406 239 540 298 XXXIV.
564 201 759 303 capssrour.
783 246 938 316 [acuas]
1037 240 1116 305 tao·

107 391 221 468 procul
241 386 372 447 navibus
394 387 460 448 suis
482 388 670 464 castrisque,
690 389 744 449 ubi
765 405 854 465 spem
869 391 927 452 nisi
942 392 972 452 in
986 393 1098 455 uirtute

106 473 269 546 baberent,
280 471 490 532 intermedius
502 471 610 533 hostes
623 473 774 547 proelium
786 472 954 545 commisit3
969 477 1097 537 alterum

108 557 198 635 quod
218 555 362 616 cohortes
384 555 422 615 ab
443 562 530 630 tergo
551 555 694 616 hostibus
714 554 841 627 obiecit;
870 559 991 619 tertium
1012 562 1097 634 quod

106 640 279 702 secundam
290 638 451 713 legionem,
466 639 576 700 ceteris
588 640 731 700 omnibus
743 639 853 701 effusis
865 641 904 701 ad
918 643 1096 717 sequendos

106 726 227 799 hostes,
243 722 336 799 pleno
351 722 449 798 gradu
461 723 519 783 sub
532 723 628 799 signis
639 724 844 799 compositam
855 725 1097 801 instructamque

15 874 21 883 ,
107 807 216 870 subire
229 807 270 867 ad
284 800 404 882 portam
416 813 586 868 castrorum
596 807 707 879 iussitl.
729 806 803 867 nihil
815 808 1096 870 deindeavictoria

107 898 276 954 cessatum.
312 906 380 950 cum
400 891 539 966 receptui
554 892 644 967 signo
660 891 731 952 dato
748 907 823 952 suos
839 893 948 968 spoliis
965 904 1094 955 onustos

108 978 141 1037 in
156 983 258 1036 castra
270 974 456 1049 reduxisset,
477 975 585 1049 paucis
600 974 686 1035 horis
701 975 801 1035 noctis
814 976 854 1035 ad
870 977 1002 1051 quietern
1014 976 1095 1039 datis

106 1059 150 1120 ad
164 1057 376 1135 praedandum
388 1057 422 1131 in
436 1073 529 1135 agros
544 1059 638 1119 duxit.
662 1056 801 1131 ell'trsius,
817 1065 851 1141 ut
866 1061 986 1136 sparsis
998 1061 1094 1123 hosti·

107 1144 169 1204 bus
184 1144 266 1218 iuga,
281 1141 419 1217 praedati
434 1149 515 1204 sunt.
536 1150 617 1219 quae
630 1156 683 1202 res
699 1158 760 1202 non
772 1142 874 1204 minus
886 1160 978 1221 quam
990 1161 1094 1221 pugna

106 1227 209 1304 pridie
230 1226 364 1287 adversa
375 1225 593 1301 Emporitanos
607 1226 764 1301 Hispanos
785 1229 973 1304 accolasque
987 1244 1094 1291 eorum

106 1312 140 1372 in
157 1311 344 1372 deditionem
359 1310 515 1385 compulit.
551 1311 636 1371 multi
650 1317 682 1369 et
694 1311 822 1371 aliarum
837 1312 1018 1388 civitatium,
1041 1315 1094 1389 qui

105 1395 271 1469 Emporias
286 1394 491 1470 perfugerant,
509 1394 694 1456 dediderunt
707 1408 752 1454 se.
774 1411 853 1471 quos
866 1412 974 1458 omnes
986 1399 1094 1473 appel·

107 1480 190 1538 latos
199 1476 335 1553 'benigne
346 1479 481 1554 vinoque
492 1487 523 1539 et
534 1479 603 1540 cibo
616 1485 741 1540 curatos
752 1480 863 1540 domos
875 1480 998 1541 dimisit.
1021 1498 1093 1542 con-

108 1561 212 1622 festim
226 1561 296 1622 inde
310 1570 411 1623 castra
420 1563 531 1633 movim
554 1568 584 1625 et
595 1562 790 1643 quacumque
799 1563 963 1624 incedebat
973 1572 1093 1638 agmen,

108 1644 202 1719 legati
217 1645 390 1708 dedentium
408 1646 546 1709 civitates
561 1663 636 1709 suas
651 1648 869 1708 occurrebant:
893 1654 925 1706 et
938 1662 1008 1706 cum
1020 1647 1081 1707 Tar

109 1744 254 1789 raconem
271 1731 438 1805 venialem
453 1733 553 1792 omnis
570 1732 614 1792 cis
626 1732 748 1791 lberam
759 1730 909 1805 Hispania
924 1731 1093 1804 perdomita

109 1820 188 1887 erat,
209 1814 384 1891 captivique
406 1813 436 1875 et'
448 1815 578 1876 Romani
600 1822 632 1875 et
645 1814 763 1875 socium
784 1829 821 1874 ac
834 1813 933 1874 Latini
949 1814 1090 1889 nominis,

108 1897 201 1957 variis
217 1898 342 1959 casibus
360 1898 390 1956 iu
400 1898 550 1972 Hispania
565 1898 718 1977 oppressi,
734 1899 850 1959 donum
862 1898 982 1959 consuli
994 1915 1012 1958 a
1023 1899 1092 1959 bar-

10 2011 11 2036 t
108 1979 191 2042 baris
214 1981 449 2041 reducebantur.
482 1982 564 2040 lama
585 1981 698 2042 deinde
717 1976 860 2059 vulgatur
881 1984 1040 2045 consulem
1062 1984 1093 2044 in

10 2041 11 2110 3
106 2064 323 2124 'liudetaniam
338 2064 505 2122 exercitum
520 2065 691 2138 ducturum,
707 2073 738 2125 et
751 2068 792 2125 ad
805 2067 915 2128 devios
929 2074 1091 2128 montanos

106 2149 281 2224 proiectum
304 2146 395 2205 etiam
416 2146 495 2206 ialso
515 2148 667 2222 perlatum
687 2155 743 2207 est.
774 2149 818 2207 ‘ad
839 2150 921 2208 hunc
934 2165 1048 2209 vanum
1063 2157 1093 2209 et

108 2232 178 2291 siue
193 2236 318 2291 auctore
329 2230 390 2291 ullo
405 2245 559 2292 rumorem
569 2229 820 2305 Bergistanorum
832 2232 961 2293 claritatis
973 2239 1092 2307 septem

109 2314 237 2375 castella
250 2314 437 2391 deiecerunt.
460 2331 516 2376 eos
532 2311 666 2375 deducto
682 2315 940 2378 exercituconsul
951 2316 1091 2376 sinemo
1154 2309 1158 2321 '

108 2398 257 2459 morando
279 2399 399 2474 proelio
420 2399 658 2474 inpotestatcm
678 2398 797 2473 redigit.
832 2397 916 2460 baud
936 2400 979 2460 ita
997 2402 1091 2461 multo

109 2491 181 2557 post
193 2482 294 2557 iidem,
306 2495 450 2558 regresso
462 2485 668 2545 Tarraconem
680 2484 817 2559 consule,
827 2485 1008 2560 priusquam
1020 2484 1092 2544 inde

111 2583 266 2642 quoquam
292 2569 490 2642 procederet,
516 2569 704 2629 deiecerunt.
741 2567 849 2628 iterum
869 2568 1006 2630 subactis
1034 2567 1092 2628 sed

110 2666 169 2711 non
191 2650 299 2711 eadem
319 2651 410 2712 venia
422 2652 511 2712 victis
527 2652 592 2712 luit.
629 2652 687 2713 sub
703 2665 819 2713 corona
831 2653 958 2714 vaniore
972 2666 1090 2726 omnes,

110 2751 148 2794 ne
162 2735 286 2808 saepius
302 2751 410 2811 pacem
425 2736 633 2797 sollicitarent.

191 2816 284 2877 XVII.
313 2820 435 2880 Interim
449 2819 482 2878 P.
496 2819 629 2880 Manlius
651 2825 776 2895 praetor
796 2820 933 2881 exercitu
952 2826 1090 2880 veterae

110 2901 143 2976 Q.
154 2900 296 2978 Minucio,
309 2904 358 2965 cui
369 2909 573 2978 successerat,
586 2910 725 2979 accepto,
738 2903 881 2965 adiuncto
894 2910 925 2964 et
934 2903 994 2978 Ap.
1003 2903 1090 2963 alau-

110 2985 151 3045 dii
165 2984 294 3048 Neronis
308 3004 348 3047 ex
362 2988 508 3049 ulteriora
521 2987 669 3064 Hispania
682 2992 787 3048 vetere
801 2988 873 3048 item
888 2987 1038 3060 exercitu,
1059 2987 1089 3045 in

109 3069 322 3131 'liudetaniam
337 3071 550 3146 proficiscitur.
587 3071 724 3133 omnium
737 3070 945 3146 Hispanorum
958 3070 1090 3131 maxime

110 3153 245 3215 imbelles
259 3154 411 3216 habentur
422 3155 595 3217 Turdetani.
629 3154 698 3216 lreti
711 3160 813 3215 tamen
826 3154 1018 3215 multitudiue
1033 3168 1091 3213 sua

111 3236 229 3297 obviam
249 3238 349 3300 ierunt
363 3239 475 3315 agmini
488 3241 638 3302 Romano.
677 3253 774 3315 eques
790 3238 946 3299 immissus
959 3236 1092 3319 turbavit

111 3321 261 3397 extemplo
276 3323 374 3383 aciem
388 3339 504 3398 eorum.
542 3324 688 3399 pedestre
701 3321 852 3397 proelium
868 3320 980 3382 nullius
996 3321 1090 3380 lerme

111 3406 281 3466 certaminis
302 3407 372 3466 taio
400 3408 509 3468 milites
530 3412 667 3480 veteres,
689 3406 779 3481 periti
798 3405 932 3468 hostium
946 3402 1091 3477 bellique,

110 3486 189 3548 baud
214 3487 338 3549 dubiam
352 3504 487 3567 pugnam
502 3490 649 3551 iecerunt
677 3505 738 3549 occ
752 3495 853 3549 amen
867 3501 905 3546 ea
920 3500 1023 3562 pugna
1037 3484 1092 3543 de-
