2600 4000
275 265 404 346 'ilaue
417 283 684 348 ximvurcnn.
698 253 742 345 cn.
764 247 849 359 [ae.
866 287 927 362 req
1033 283 1098 348 ars

122 440 189 500 iore
208 437 461 499 erubescendum.
492 435 552 494 LX.
578 435 728 494 adversus
750 448 787 493 ea
800 409 958 495 Terentius
975 445 1098 509 praetor

121 522 311 600 rogationem
323 519 469 580 Petilliam
481 526 514 579 et
528 520 653 579 senatus
668 516 842 578 consultum
857 523 887 577 et
900 516 1045 578 iudicium
1059 523 1098 582 de

120 606 152 668 L.
169 605 314 681 Scipione
335 605 446 679 iactum
465 601 617 663 recitavita
639 617 689 675 se,
701 600 741 660 .ni
761 601 909 660 reteratur
924 602 1054 677 pecunia
1067 601 1098 663 in
1215 629 1219 638 ·

120 688 276 766 publicum
291 702 371 764 quae
385 687 517 747 iudicata
531 684 583 757 sit,
606 684 679 745 nihil
693 684 807 745 habere
822 684 906 759 quod
922 683 1024 761 iaciat,
1039 687 1098 747 nisi

6 817 15 860 ,ι
77 811 92 851 ‚⁴
121 781 155 834 ut
168 771 275 848 prendi
289 772 463 832 damnatum
477 777 507 831 et
520 770 551 830 in
562 761 685 829 vincula
699 768 769 829 duci
779 767 891 830 iubeat.
907 767 1017 829 tribuni
1030 785 1097 832 cum

122 855 152 916 ln
174 855 332 917 consilium
354 853 571 928 secessissent,
594 855 688 929 paulo
704 860 776 928 post
790 853 821 914 C.
836 853 971 914 Fannius
986 868 1026 914 ex
1040 871 1096 914 sun

121 941 367 1014 collegarumque
384 938 520 1014 aliorum,
535 945 656 1013 praeter
671 936 849 1013 Gracchum,
865 937 1013 999 sententia
1028 955 1095 1015 pro·

5 1071 7 1104 ζ
121 1019 267 1084 nuntiavit
286 1022 419 1100 praetori
439 1038 500 1083 non
522 1021 889 1098 intercederetribunos‚
914 1023 1094 1098 quominus
1141 1087 1143 1090 ,

5 1159 7 1174 Α
122 1122 177 1168 tua
191 1111 343 1181 potestate
356 1112 466 1167 utatur.
486 1104 528 1165 Ti.
544 1105 700 1166 Gracchus
711 1105 753 1167 ila
764 1105 907 1180 decrevit,
924 1105 1095 1182 quominus

5 1195 7 1274 ξ
54 1205 57 1208 ·
120 1205 159 1250 ex
173 1189 264 1250 bonis
276 1190 309 1250 L.
322 1189 475 1266 Scipionis
490 1190 573 1265 quod
584 1188 749 1249 iudicatum
761 1188 972 1265 sitredigatur,
988 1186 1022 1251 se
1033 1208 1095 1252 non
1132 1221 1135 1226 ·

119 1273 308 1334 intercedere
324 1274 469 1348 praetori:
491 1273 524 1332 L.
541 1269 726 1346 Scipionem,
743 1271 796 1346 qui
809 1283 913 1347 regem
929 1275 1093 1349 opulentis-

5 1351 6 1354 ’
119 1357 229 1417 simum
244 1357 327 1418 orbis
343 1364 490 1419 terrarum
504 1354 658 1429 devicerit,
673 1353 831 1430 Imperium
845 1356 951 1432 pop‘uli
965 1358 1105 1430 Romani.

118 1441 336 1516 propagaverit
348 1440 378 1500 ln
393 1440 513 1501 ultimos
530 1443 676 1498 terrarum
690 1438 783 1510 lines,
803 1453 907 1515 regern
920 1440 1096 1517 Eumenem,

4 1543 6 1572 ·
118 1524 272 1596 Rhodios,
293 1523 369 1583 alios
392 1528 435 1583 tot
448 1521 542 1582 Asiae
555 1521 648 1581 urbes
664 1520 834 1582 devinxerit
847 1524 952 1597 populi
965 1525 1092 1585 Romani

36 1645 41 1652 ·
117 1606 291 1678 beneflciis,
319 1603 465 1681 plurimos
491 1605 586 1665 duces
607 1603 741 1665 hostium
761 1604 791 1664 in
812 1605 963 1679 triumpho
984 1606 1092 1668 ductos

119 1705 242 1750 carcere
258 1688 429 1764 incluserit,
446 1705 507 1750 non
521 1703 686 1764 passurum
701 1688 778 1748 inter
791 1686 897 1747 hostes
912 1688 1017 1762 populi
1031 1691 1078 1751 Ro
1131 1725 1135 1732 ·
1156 1715 1158 1718 ’

119 1772 198 1844 mani
212 1772 244 1831 L.
258 1771 432 1846 Scipionem
447 1770 477 1832 in
492 1787 615 1832 carcerc
629 1770 703 1832 etin
718 1769 847 1830 vinculis
862 1785 941 1846 esse,
956 1772 1092 1849 mittique

8 1855 26 1872 ‘¹
118 1870 187 1916 eum
203 1871 238 1916 se
249 1856 363 1917 iubere.
386 1862 468 1916 tanto
480 1855 616 1915 adsensu
627 1852 762 1914 auditum
775 1860 824 1913 est
834 1853 997 1931 decretum,
1011 1856 1089 1918 adeo

3 1951 5 1960 ¹
118 1939 277 2001 dimissum
292 1939 325 1998 L.
342 1938 515 2014 Scipionem
536 1937 605 1997 laeti
618 1935 757 1998 homines
773 1934 926 2012 viderunt,
947 1944 981 1999 ut
995 1938 1046 1999 vix
1060 1939 1090 1999 in
1124 1936 1128 1942 '

118 2022 227 2080 eadem
243 2021 362 2081 civitate
376 2021 530 2082 videretur
543 2021 655 2082 iactum
670 2021 820 2083 iudicium.
843 2021 872 2080 in
888 2020 968 2083 bona
980 2023 1091 2084 deinde
1133 2092 1135 2096 Α
1253 2086 1255 2090 .

3 2152 5 2157 ,
118 2103 150 2162 l.
168 2102 320 2185 Scipionis
336 2119 518 2179 possessum
532 2104 654 2178 publice
670 2110 848 2180 quaestores
863 2112 986 2179 praetor
999 2100 1101 2168 misit

117 2201 219 2261 neque
240 2187 269 2247 in
285 2183 323 2247 iis
338 2204 398 2249 non
419 2188 511 2247 modo
532 2185 693 2262 vestigium
707 2186 799 2249 ullium
814 2186 983 2262 comparuit
997 2204 1089 2265 pecu·
1116 2262 1119 2267 Δ

3 2282 4 2297 ’
118 2269 186 2331 niae
200 2271 311 2347 regiae,
327 2272 384 2331 sed
398 2285 589 2347 nequaquam
606 2277 719 2331 tantum
733 2272 889 2331 redactum
901 2278 948 2331 est
959 2278 1090 2346 quantae

3 2404 4 2407 ,
117 2368 255 2414 summae
269 2355 428 2415 damnatus
443 2355 549 2415 iuerat.
572 2355 682 2418 collata
696 2355 826 2429 pecunia
838 2370 856 2413 a
867 2354 1004 2428 cognatis
1017 2353 1090 2414 ami·

3 2466 5 2489 i
118 2436 224 2512 cisque
241 2443 272 2498 et
292 2437 449 2499 clientibus
470 2444 518 2499 est
530 2438 563 2498 L.
580 2436 731 2512 Scipioni,
751 2443 784 2498 ut
805 2437 830 2496 si
847 2437 998 2511 acciperet
1012 2453 1088 2512 cam,

117 2518 298 2595 locupletior
308 2514 461 2597 aliquanto
474 2512 567 2597 ess'et
588 2537 679 2597 quam
690 2527 760 2581 ante
771 2520 968 2582 calamitatem
981 2521 1087 2586 iuerat.

56 2649 61 2657 .
116 2600 189 2663 n'ihil
203 2605 329 2679 accepit.
353 2622 432 2680 quae
446 2605 621 2666 necessaria
635 2605 676 2664 ad
691 2605 804 2665 cultum
819 2609 912 2675 erant,
930 2603 1087 2679 redempta

3 2676 5 2735 ἶ
116 2686 144 2742 ei
159 2701 178 2744 a
193 2687 339 2759 proximis
351 2689 491 2763 cognatis
506 2695 585 2748 sunt.
597 2720 600 2724 ι
613 2694 804 2764 verteratque
819 2685 996 2762 Scipionum
1013 2680 1086 2746 invi·

116 2766 167 2826 dia
181 2767 210 2827 in
227 2776 395 2847 praetorem
410 2778 440 2831 et
454 2771 613 2833 consilium
628 2772 696 2830 eius
710 2768 742 2830 et'
753 2775 960 2831 accusatores.
