2600 4000
200 204 266 270 280
331 202 446 265 LIBER
460 200 608 263 XXXVII.
630 202 714 264 CAP-
729 212 773 266 21.
786 203 830 266 Η.
854 210 891 279 [a.
903 209 940 263 U.
952 226 976 264 c.
988 211 1052 279 tot]

202 358 281 418 inter
294 370 330 418 se
344 353 484 432 partibus
499 369 569 414 cnm
584 360 813 430 oppugnarent,
828 361 859 414 et
872 352 1012 416 viderent
1026 357 1095 417 slne
1110 371 1187 435 ope-

202 441 297 515 ribus,
316 439 409 500 armis
424 438 581 514 scalisque
594 438 664 513 capi
679 453 740 498 non
755 452 861 513 posse,
880 437 1008 499 missum
1024 440 1063 500 ab
1076 441 1186 505 Antio-

201 524 260 587 cho
283 520 471 600 praesidium
493 522 582 583 trium
603 521 717 582 milium
743 527 928 583 armatorum
949 538 1018 583 cum
1039 521 1187 588 intrasset
1293 597 1294 602 ,

203 609 317 682 urbem,
333 608 488 682 extemplo
503 606 733 683 oppugnatione
747 604 864 667 omissa
878 605 988 667 classis
1000 607 1040 666 ad
1051 608 1187 670 insulam
1293 627 1294 656 2

202 707 237 756 sc
258 691 387 768 recepit,
408 689 482 750 nibil
503 690 586 751 alind
601 705 692 765 quam
707 689 895 765 depopulato
910 691 993 751 eirca
1006 691 1115 754 urbem
1129 693 1186 756 ho
1210 733 1219 746 .
1293 711 1294 718 ¹

202 777 292 839 stium
307 791 391 851 agro.
423 773 514 835 Xllll.
541 774 613 835 inde
627 772 742 849 placuit
754 774 921 835 Eumenem
935 775 1059 835 domum
1075 776 1188 839 dimitti

202 869 232 923 et
247 874 433 937 praeparare
454 858 574 920 consuli
592 864 685 934 atque
705 858 853 919 exercitui
874 873 954 935 quae
968 859 1009 919 ad
1023 861 1187 922 transitum

201 944 391 1020 Hellesponti
406 957 485 1018 opus
499 946 618 1017 essent,
638 942 808 1003 Romanam
821 941 1036 1018 Rhodiamque
1051 944 1187 1006 classem

201 1029 302 1089 redire
316 1027 450 1101 Sammo,
471 1034 564 1102 atque
577 1026 619 1088 lbi
634 1026 664 1086 in
680 1026 811 1088 statione
825 1042 906 1101 esse,
923 1043 962 1088 ne
973 1027 1187 1106 Polyxenidas

201 1112 240 1173 ab
254 1110 379 1186 Epheso
399 1118 546 1172 moveret
576 1126 633 1171 rex
645 1111 785 1184 Elaeam,
806 1111 935 1173 Romani
948 1127 986 1172 ac
999 1111 1113 1173 Rhodii
1128 1112 1187 1173 Sa-

205 1210 287 1257 mum
301 1195 465 1256 redierunt
491 1196 532 1255 ibi
546 1195 587 1254 ill.
600 1195 749 1256 Aemilius
763 1196 857 1255 irater
870 1193 1023 1272 praetoris
1037 1195 1186 1258 decessit

204 1279 315 1342 Rhodii
327 1277 487 1340 celebratis
499 1280 667 1355 exsequiis,
679 1278 830 1340 adversus
842 1281 984 1352 classem,
998 1294 1091 1354 quam
1102 1281 1188 1342 lama

203 1370 268 1425 erat
288 1378 328 1423 ex
342 1361 433 1441 Syria
454 1363 575 1437 venire,
595 1363 743 1423 tredecim
762 1363 827 1423 suis
848 1361 979 1424 navibus
999 1370 1030 1424 et
1043 1378 1108 1424 una
1122 1363 1188 1426 coa

204 1447 429 1525 quinqueremi,
451 1447 546 1507 altera
567 1446 689 1520 Cnidia,
709 1447 866 1521 Rhodum,
887 1453 921 1509 ut
941 1446 983 1508 ibi
1002 1446 1034 1507 in
1052 1449 1188 1510 statione

202 1539 323 1606 essent,
351 1529 480 1607 proiecti
506 1537 586 1591 sunt.
622 1529 717 1592 biduo
742 1538 907 1607 antequam
932 1530 1090 1593 Eudamus
1116 1548 1187 1594 cum

203 1620 304 1679 classe
323 1616 362 1678 ab
384 1614 477 1676 Samo
498 1615 630 1685 veniret,
654 1614 800 1675 tredecim
815 1616 854 1675 ab
868 1614 979 1677 Rhodo
1001 1630 1099 1677 naves
1116 1632 1187 1677 cum

203 1700 391 1777 Pamphilida
404 1699 560 1777 praelecto
575 1698 727 1759 adversus
739 1699 868 1760 eandem
880 1698 1040 1778 Syriacam
1052 1702 1188 1762 classem

204 1787 324 1859 nissae,
338 1784 509 1859 adsumptis
519 1782 650 1845 navibus
663 1789 806 1858 quattuor
818 1799 899 1860 quae
910 1780 1016 1845 cariae
1026 1783 1188 1860 praesidio

203 1876 297 1942 erant,
319 1867 570 1945 oppugnantibus
587 1867 681 1943 regiis
694 1868 832 1929 Daedala
845 1873 876 1928 et
890 1868 1041 1942 quaedam
1055 1868 1117 1929 alia
1129 1867 1188 1929 Pe·

203 1967 295 2014 raeae
311 1954 436 2013 castella
451 1951 613 2015 obsidione
627 1959 815 2014 exemerunt.
836 1951 1006 2015 Eudamum
1022 1951 1189 2015 confestim
1294 2030 1295 2035 ἵ

203 2036 288 2098 exire
309 2036 431 2111 placuit.
465 2035 586 2099 additae
600 2036 672 2099 huic
688 2052 813 2113 quoque
828 2039 955 2099 suntad
970 2052 1038 2098 eam
1052 2039 1188 2098 classem

204 2137 296 2197 quam
310 2120 442 2182 hahebat
456 2136 511 2181 sex
527 2134 653 2198 apertae
666 2136 771 2183 naves.
807 2123 965 2198 proiectus
981 2136 1066 2195 cum,
1089 2136 1187 2197 quau

203 2213 266 2267 tum
282 2208 456 2267 accelerare
469 2213 598 2282 poterat,
613 2211 806 2280 maturasset,
821 2206 861 2266 ad
873 2211 1002 2281 portum,
1018 2220 1110 2282 quem
1121 2204 1188 2265 hlo-

203 2290 302 2366 gisten
316 2296 438 2365 vocant,
454 2305 657 2366 praegressos
672 2290 882 2366 consequitur.
903 2287 976 2350 inde
990 2306 1052 2351 uno
1064 2288 1191 2364 agroino

202 2373 393 2435 Phaselidem
409 2389 478 2434 oum
492 2375 659 2446 venissent,
676 2374 823 2449 optimum
833 2371 934 2435 visum
949 2380 997 2435 est
1009 2372 1050 2433 ibi
1064 2372 1191 2434 hostem

204 2456 349 2533 opperiri.
383 2456 488 2516 XXIll.
510 2458 541 2516 in
563 2457 696 2518 confinio
716 2457 830 2534 Lyciae
853 2465 883 2519 et
895 2456 1096 2535 Pamphyliae
1108 2456 1190 2517 Pha·

203 2540 276 2599 selis
293 2546 355 2600 esta
370 2539 522 2614 prominet
534 2540 655 2614 penitus
666 2540 696 2599 in
709 2541 810 2616 altum,
824 2541 1075 2617 conspiciturque
1086 2541 1190 2616 prima

204 2630 350 2682 terrarum
364 2621 507 2682 Rhodum
521 2638 541 2682 a
555 2622 657 2683 Cilicia
677 2623 867 2700 petentibus,
889 2632 920 2686 et
938 2625 1047 2701 procul
1061 2623 1190 2684 navium

205 2703 331 2781 praebet
348 2712 555 2782 prospectum.
586 2722 625 2768 eo
645 2706 792 2783 maxime,
815 2708 894 2771 utin
912 2708 1004 2771 obvio
1020 2706 1116 2770 classi
1129 2706 1189 2768 ho-

203 2792 294 2850 stium
309 2798 423 2863 essent,
439 2792 555 2853 electus
569 2791 657 2854 locus
673 2799 730 2853 est.
764 2801 914 2868 ceterum,
936 2793 1021 2868 quod
1034 2808 1098 2854 nou
1113 2807 1190 2867 pro·

203 2874 359 2949 viderunt,
381 2884 412 2938 et
431 2878 500 2936 loco
521 2875 608 2952 gravi
622 2884 653 2937 et
667 2883 805 2952 tempore
819 2876 890 2937 anni
900 2909 944 2921 —
954 2877 1089 2938 medium
1103 2874 1190 2936 enim

203 2959 330 3019 aestatis
354 2967 487 3034 erat-,
512 2960 633 3023 adhoc
653 2954 783 3021 insolito
799 2962 896 3023 odore
922 2961 1066 3037 ingruere
1086 2960 1189 3021 morbi

202 3044 305 3117 vulgo,
321 3043 451 3104 maxime
465 3044 496 3104 in
510 3045 658 3120 remiges,
675 3053 852 3121 coepemnt
889 3045 976 3105 ouius
992 3043 1190 3121 pestilentiae

203 3133 286 3188 metu
300 3126 428 3201 proiecti
443 3143 512 3188 cum
527 3128 832 3204 praeterveherentur
845 3128 1059 3208 Pamphylium
1074 3128 1188 3201 sinum,

203 3210 243 3271 ad
269 3209 528 3289 Eurymedontem
556 3228 677 3273 amnem
701 3215 833 3289 appulsa
861 3213 964 3274 classe
993 3212 1121 3273 audiunt
1147 3211 1189 3272 ab

201 3294 371 3369 Aspendiis
379 3294 419 3355 ad
427 3294 532 3355 Sidam
542 3296 641 3358 bostis
654 3312 735 3358 esse.
749 3297 867 3359 tardius
879 3296 1101 3372 navigaverant
1110 3294 1188 3372 regii
1294 3366 1295 3373 χ

203 3377 335 3440 adverso
356 3384 494 3453 tempore
508 3378 693 3456 Etesiarum,
720 3380 805 3456 quod
819 3383 902 3444 velut
916 3388 1027 3443 statum
1041 3379 1189 3441 Favoniis

207 3459 307 3521 ventis
332 3475 389 3523 est.
418 3461 607 3524 Rhodiorum
629 3465 709 3537 duae
730 3471 761 3524 et
781 3464 901 3539 triginta
922 3462 1135 3539 quadriremes
1157 3470 1188 3524 et
1294 3518 1295 3525 ,
