2600 4000
193 226 235 290 38
367 226 483 286 LIBER
493 225 597 285 xllltl.
619 226 756 286 chara
770 233 811 286 43.
834 231 953 298 [uua.
967 233 1029 301 sca]

192 379 305 441 vallum
321 379 418 453 parati
433 384 524 452 atque
539 375 677 438 instructi
692 391 841 451 coepere,
862 382 989 450 repente
1004 391 1113 436 omnes
1126 391 1173 436 ra·

193 461 272 524 lictis
289 462 470 523 stationibus
483 477 539 537 per
553 475 695 521 aversam
710 466 826 535 partem
843 466 1014 520 castrorum
1025 459 1065 518 ad
1076 464 1174 521 tumu·

194 550 265 620 lum,
281 547 321 606 ad
336 554 437 607 castra
450 544 655 606 Athamanum
669 544 853 619 perfugiunt.
880 543 966 603 multi
980 543 1011 602 in
1025 542 1084 602 hac
1100 558 1175 617 quo·

194 647 254 706 que
281 637 341 690 tam
369 630 488 706 trepida
515 629 588 703 luga
613 629 694 703 capti
719 627 864 702 caesique
890 633 963 688 sunt
984 628 1175 688 Aetolorum

192 714 361 790 Philippus
378 715 404 774 si
418 713 492 773 satis
510 713 570 773 diei
584 719 773 788 superesset,
788 728 850 773 non
865 711 977 772 dubius
994 711 1066 786 quin
1079 709 1176 770 Atha·

194 813 301 858 manes
324 813 449 873 quoque
469 796 541 857 exui
563 797 672 857 castris
692 797 866 871 potuissent
880 795 930 855 die
946 810 1002 870 per
1016 794 1175 869 proelium,

195 882 307 941 deinde
327 897 384 956 per
405 880 605 955 direptionem
624 886 794 942 castrorum
808 880 972 953 absumpto
987 879 1045 938 sub
1060 879 1176 944 tumulo

194 968 224 1026 in
240 964 381 1040 proxima
396 964 521 1038 planitie
535 965 691 1040 consedit,
713 964 812 1039 prima
825 964 894 1023 luce
908 961 1100 1038 insequentis
1115 960 1176 1022 diei

194 1050 314 1110 hostem
336 1048 551 1122 adgressurus.
585 1049 642 1108 sed
656 1048 758 1108 Aetoli
778 1048 889 1109 eodem
910 1062 1026 1121 pavore
1040 1062 1103 1123 quo
1119 1061 1177 1106 sua

195 1139 296 1192 castra
310 1131 504 1207 reliquerant,
526 1139 616 1192 nocte
634 1133 777 1208 proxima
790 1132 923 1207 dispersi
938 1132 1090 1206 sugerunt.
1113 1145 1176 1189 ma·

194 1217 276 1276 ximo
293 1216 362 1275 usui
376 1215 434 1276 luit
443 1217 652 1294 Amynander,
669 1231 730 1292 quo
746 1217 825 1277 duce
837 1215 1024 1276 Athamanes
1036 1215 1175 1276 itinerum

196 1299 284 1377 periti
309 1300 437 1360 summis
464 1300 617 1361 montibus
638 1316 695 1375 per
716 1301 810 1361 calles
832 1301 952 1375 ignotas
973 1296 1175 1375 sequentibus

194 1399 250 1445 eos
264 1383 405 1445 hostibus
421 1385 450 1443 in
467 1384 617 1445 Aetoliam
634 1385 851 1459 perduxerunt.
884 1400 947 1445 non
962 1384 1004 1445 ita
1018 1384 1131 1444 multos
1145 1381 1177 1441 iu

195 1468 338 1543 dispersa
359 1470 431 1543 luga
451 1484 539 1529 error
557 1469 656 1529 intulit
675 1467 706 1526 in
719 1467 923 1528 Macedonum
938 1469 1072 1542 equites,
1095 1481 1177 1542 quos

195 1553 263 1612 luce
280 1552 376 1626 prima
386 1552 554 1628 Philippus,
569 1560 603 1613 ut
618 1554 774 1613 desertum
789 1552 937 1612 tumulum
951 1551 1043 1625 videt,
1058 1551 1100 1610 ad
1111 1566 1176 1611 car·

196 1637 330 1710 pandum
345 1636 479 1697 hostium
494 1652 603 1711 agmen
618 1635 708 1696 misit.

278 1721 379 1781 XLlll.
401 1720 459 1780 Per
473 1736 528 1782 eos
541 1722 608 1782 dies
620 1729 650 1781 et
660 1720 875 1794 Athenagoras
885 1720 990 1795 regius
1001 1718 1177 1794 praelectus

194 1804 356 1866 Dardanos
384 1805 567 1881 recipientes
596 1821 631 1865 se
656 1805 687 1864 in
715 1804 785 1864 finis
811 1804 957 1880 adeptus,
988 1807 1177 1877 postremum

195 1903 304 1961 agmen
321 1888 466 1957 turbavitt
489 1889 560 1949 dein
574 1895 740 1964 postquam
753 1888 888 1949 Dardani
902 1887 1064 1948 conversis
1078 1885 1177 1960 signis

195 1970 336 2032 direxere
352 1971 456 2046 aciem,
473 1987 573 2049 aequa
587 1989 692 2049 pugna
704 1973 785 2034 iusto
801 1971 919 2048 proelio
935 1977 1009 2033 erat.
1042 1968 1095 2032 ubi
1108 1986 1176 2031 rur-

195 2070 249 2118 sus
265 2058 435 2131 procedere
446 2059 579 2119 Dardani
592 2059 777 2135 coepissent,
792 2056 895 2132 equite
907 2062 937 2118 et
950 2055 1011 2117 lavi
1023 2062 1177 2115 armatura

194 2140 270 2215 regii
284 2142 400 2202 nullum
414 2143 482 2203 talis
494 2143 598 2203 auxilii
609 2158 707 2219 genus
720 2142 868 2202 habentes
879 2141 1051 2214 Dardanos,
1068 2153 1177 2199 onera·

196 2232 308 2300 tosque
328 2225 532 2288 immobilibus
549 2229 656 2300 armis,
679 2227 847 2287 vexabantt
875 2230 905 2284 et
918 2225 989 2285 loca
1005 2224 1075 2299 ipsa
1089 2221 1176 2283 adiu·

196 2311 316 2371 vabant.
351 2312 446 2373 occisi
466 2312 614 2388 perpauci
635 2317 720 2382 sunt,
747 2310 852 2384 plures
873 2307 1040 2382 vulnerati,
1066 2312 1177 2381 captus

196 2409 294 2469 nemo,
311 2396 383 2471 quia
398 2412 458 2455 non
474 2397 627 2454 excedunt
642 2401 755 2453 temere
767 2391 927 2452 ordinibus
941 2391 1017 2466 suis,
1032 2390 1090 2450 sed
1102 2404 1177 2450 con·

196 2477 294 2538 lentim
309 2484 339 2537 et
353 2483 490 2552 pugnant
502 2484 531 2537 et
545 2477 666 2536 cedunt.
924 2534 930 2547 ,

278 2562 323 2622 lta
334 2562 589 2621 damnaRomano
602 2567 730 2635 accepta
742 2560 822 2619 bello
830 2560 951 2621 duabus
964 2575 1020 2635 per
1028 2562 1176 2635 opportu-

196 2663 253 2706 nas
275 2645 489 2720 expeditiones
508 2643 648 2704 coercitis
663 2644 805 2719 gentibus
820 2644 994 2705 restituerat
1006 2642 1177 2717 Philippus,

195 2733 316 2805 incepto
329 2730 408 2803 lorti,
420 2745 481 2789 non
493 2744 645 2804 prospero
658 2730 758 2789 solum
770 2734 889 2788 eventu.
908 2727 1015 2788 minuit
1025 2725 1137 2786 deinde
1149 2724 1178 2783 ei

197 2817 274 2877 torte
282 2814 382 2875 oblata
392 2829 444 2874 res
455 2813 773 2875 hostiumAetolorum
784 2827 952 2872 numerum.
966 2810 1086 2886 Scopas
1093 2808 1178 2883 prin-
1291 2793 1292 2824 ³

197 2915 272 2974 ceps
288 2899 400 2974 gentiS,
421 2900 459 2960 ab
474 2898 670 2958 Alexandrea
684 2912 795 2972 magno
812 2911 880 2956 cum
895 2895 1035 2971 pondere
1056 2892 1122 2953 auri
1136 2892 1178 2951 ab

195 2998 269 3058 rege
283 2983 457 3044 Ptolemaeo
480 2983 608 3055 missus,
631 2997 689 3041 sex
703 2981 785 3041 milia
799 2980 935 3056 peditum
950 2986 980 3040 et
991 2976 1177 3054 quingentos

192 3068 315 3141 equites
326 3069 469 3128 mercede
481 3064 934 3143 conductosAegyplumvexit
951 3078 1056 3123 neoex
1067 3062 1178 3121 iuven-

192 3158 260 3212 tute
284 3152 462 3213 Aetolorum
490 3166 675 3228 quemquam
699 3149 889 3225 reliquisset,
918 3148 949 3207 ni
972 3144 1179 3219 Damocritus,

192 3236 356 3297 nuncbelli
365 3237 448 3313 quod
456 3237 590 3310 instaret,
599 3252 681 3296 nunc
689 3235 807 3295 laturae
815 3230 1179 3302 solitudinisadmoneus,

193 3320 343 3380 incertum
365 3337 439 3382 cura
458 3321 557 3396 gentis
579 3336 617 3379 an
638 3326 672 3380 ut
693 3320 908 3378 adversaretur
925 3315 1047 3391 Scopae
1068 3328 1178 3388 parua

196 3405 287 3466 donis
303 3407 412 3482 cultus,
422 3410 540 3481 partem
555 3404 706 3465 iuniorum
721 3402 899 3476 castigando
912 3400 994 3461 domi
1009 3397 1179 3459 continuis·

198 3496 253 3551 set.
275 3490 352 3554 haec
367 3507 405 3551 ea
420 3495 535 3551 aestate
550 3489 588 3549 ab
603 3486 749 3549 Romanis
762 3483 964 3561 Philippoque
978 3488 1067 3558 gesta
1080 3487 1179 3541 erant.
