2600 4000
277 236 393 298 LIBER
402 235 536 296 XXXIV.
559 235 642 297 CAP.
655 243 699 297 59.
711 244 754 298 60.
766 243 810 299 61.
834 242 870 309 [a.
882 241 915 300 C.
927 242 989 307 193]
1057 234 1118 301 173

138 395 259 463 essent,
280 395 312 450 et
330 387 559 463 impetraturum
580 384 697 461 aliquid
712 392 763 446 aut
777 383 864 460 pacis
879 401 975 446 causa
989 402 1118 450 eonces-

138 490 252 538 surum.
285 472 327 532 ita
340 471 459 547 integra
479 470 634 532 dilatares
650 477 707 530 est.
735 471 854 544 legatos
868 470 944 530 mitti
961 471 1001 531 ad
1014 487 1119 548 regem

138 558 266 621 eosdem
291 555 344 632 qui
363 554 577 634 Lysimachiae
599 553 684 629 apud
704 569 774 614 eum
795 554 917 616 luerent
934 555 1063 629 placuit,
1084 556 1119 617 l).

139 641 309 707 sulpicium
321 639 353 699 P.
367 639 492 699 Villium
506 638 539 698 P.
553 638 683 698 Aelium.

223 725 284 785 Lx.
311 723 448 784 Vixdum
462 722 483 783 ii
497 722 627 799 proiecti
642 728 742 795 erant,
765 737 834 782 cum
848 737 867 781 a
882 721 1063 797 cartilagine
1077 724 1118 783 le-

138 810 201 887 gati
220 808 333 870 bellum
353 806 436 868 haud
452 807 545 868 dubie
559 821 670 883 parare
683 804 868 866 Antiochum
881 805 1052 866 Hannibale
1065 807 1120 868 mi·

137 894 234 955 nistro
248 893 426 964 attulerunt,
444 890 676 965 inieceruntque
691 904 809 965 euram,
825 905 865 950 ne
883 889 973 951 simul
988 896 1019 950 et
1030 889 1118 951 Puni·

138 994 206 1039 cum
222 977 407 1038 excitaretur
420 975 542 1036 bellum.
564 974 715 1035 Hannibal
730 974 828 1050 patria
841 975 993 1050 profugus
1009 990 1120 1050 perve-

137 1067 225 1123 nerat
239 1061 280 1121 ad
294 1060 494 1135 Antiochum,
515 1059 595 1120 sicut
608 1066 680 1121 ante
695 1060 808 1120 dictum
823 1065 886 1129 est;
913 1065 944 1119 et
957 1067 1022 1120 erat
1036 1058 1120 1135 apud

136 1160 240 1221 regem
260 1145 292 1206 in
313 1160 425 1222 magno
445 1144 579 1216 honore,
601 1144 688 1205 nulla
706 1143 766 1204 alia
779 1149 844 1204 arte
857 1143 917 1205 nisi
933 1143 1018 1219 quod
1032 1145 1119 1204 volu-

137 1231 212 1291 tanti
227 1228 281 1292 diu
294 1229 423 1291 consilia
438 1230 477 1290 de
488 1229 627 1289 Romano
641 1227 722 1289 bello
738 1243 828 1289 nemo
843 1228 944 1303 aptior
958 1242 1053 1304 super
1067 1226 1119 1291 tali

136 1331 171 1375 ro
185 1314 341 1391 particeps
357 1328 429 1375 esse
444 1312 594 1375 sermonis
610 1318 738 1389 poterat.
759 1313 909 1374 sententIa
924 1312 990 1373 eius
1002 1328 1065 1373 una
1075 1319 1119 1373 at·

138 1415 198 1475 que
223 1398 332 1459 cadem
353 1411 477 1474 sempor
502 1404 580 1473 erat,
605 1404 639 1458 ut
659 1397 689 1457 in
708 1396 794 1458 Italia
813 1396 926 1459 bellum
946 1402 1118 1472 gereretur.

136 1482 253 1544 ltaliam
278 1490 309 1544 et
334 1488 521 1545 commeatus
548 1489 579 1542 et
604 1481 728 1543 militem
757 1480 962 1557 praebituram
991 1487 1119 1543 externo

136 1567 226 1629 hosti.
249 1567 275 1628 si
290 1566 364 1628 nihil
377 1566 419 1627 ibi
434 1573 601 1640 moveatur,
619 1566 772 1642 liceatque
786 1567 903 1641 populo
917 1565 1058 1626 Romano
1074 1565 1119 1624 vi-

137 1651 221 1711 ribus
237 1658 267 1712 et
280 1651 378 1728 copiis
392 1651 497 1712 Italiae
511 1657 599 1713 extra
612 1651 728 1710 ltaliam
742 1650 856 1710 bellum
870 1663 994 1722 gerere,
1018 1661 1120 1723 neque

137 1750 241 1810 regem
266 1751 366 1813 neque
391 1742 513 1811 gentem
534 1737 626 1796 ullam
651 1748 756 1809 parem
777 1733 923 1793 Romanis
944 1746 1026 1792 esse.
1063 1729 1122 1792 sibi

138 1826 258 1880 centum
271 1827 369 1881 tectas
383 1836 481 1881 naves
492 1825 523 1878 et
534 1820 640 1879 decem
651 1817 734 1877 milia
744 1816 888 1892 peditum,
904 1815 985 1875 mille
998 1815 1119 1892 equites

137 1903 334 1979 deposcebat.
357 1918 395 1963 ca
409 1919 444 1963 se
460 1904 562 1964 classe
573 1902 703 1977 primurn
714 1900 848 1961 Africam
861 1901 1032 1978 petiturum.
1054 1914 1119 1959 ma-

136 2003 274 2064 gnopere
295 1984 453 2047 confidere
472 1991 503 2045 et
518 1984 783 2061 Carthaginienses
800 1985 840 2046 ad
854 1984 1064 2047 rebellandum
1078 1983 1118 2044 ab

137 2087 172 2131 se
188 2070 330 2144 compelli
347 2083 453 2144 posse.
487 2068 515 2128 si
528 2068 571 2127 illi
586 2076 773 2144 cunctentur,
790 2085 826 2129 se
841 2071 944 2144 aliqua
959 2076 1046 2144 parte
1059 2068 1117 2128 lta·

137 2154 197 2213 liae
224 2152 425 2213 excitaturum
448 2151 595 2213 Romanis
621 2152 745 2212 bellum.
780 2167 885 2226 regem
914 2166 983 2211 oum
1008 2149 1118 2210 ceteris

138 2235 280 2298 omnibus
300 2235 431 2297 transire
451 2235 481 2295 in
496 2235 653 2311 Europam
674 2235 802 2306 debere,
825 2240 855 2295 et
868 2234 899 2294 in
914 2233 1017 2309 aliqua
1031 2240 1119 2308 parte

138 2320 285 2382 Graeciae
300 2320 407 2396 copias
424 2320 594 2395 continere,
611 2335 713 2396 neque
727 2318 928 2393 traicientem,
944 2322 975 2378 et
989 2316 1073 2393 quod
1087 2315 1118 2375 in

137 2404 272 2481 speciem
284 2406 457 2481 famamque
467 2403 539 2465 belli
550 2405 625 2466 satis
637 2404 685 2480 sit,
696 2408 836 2480 paratum
848 2402 987 2466 traicere.
1000 2400 1075 2461 LXI.
1088 2399 1119 2459 in

137 2488 217 2551 hanc
243 2490 425 2551 sententiam
446 2505 515 2551 curn
536 2489 719 2550 adduxisset
737 2502 856 2563 regem,
885 2485 1119 2563 praeparandos

138 2573 196 2634 sibi
211 2573 297 2634 adid
311 2574 506 2651 popularium
520 2574 639 2635 animos
653 2580 753 2646 ratus,
770 2572 900 2647 litteras,
913 2586 953 2631 ne
967 2586 1030 2647 quo
1043 2584 1119 2632 casu

137 2656 324 2733 interceptae
339 2660 441 2734 palam
453 2658 587 2718 lacerent
598 2664 717 2732 conata,
733 2657 869 2718 scribere
880 2672 942 2718 non
953 2662 1002 2717 est
1012 2669 1118 2716 ausus.

136 2741 312 2801 Aristonem
328 2740 481 2818 quendam
491 2739 616 2819 Tyrium
627 2747 757 2802 nanctus
767 2740 892 2818 Ephesi,
908 2745 1119 2821 expertusque

138 2823 293 2884 solertiam
314 2823 480 2885 levioribus
495 2824 685 2899 ministeriis,
706 2825 816 2900 partim
830 2824 920 2886 donis
936 2823 1045 2898 partim
1061 2837 1118 2898 spe

138 2907 344 2984 praemiorum
367 2915 539 2982 oneratum,
562 2907 673 2984 quihus
695 2908 786 2969 etiam
805 2908 875 2984 ipse
888 2923 945 2967 rex
959 2907 1117 2981 adnuerat,

137 2991 348 3068 Carthaginem
374 3008 443 3053 eum
466 2992 617 3054 mandatIs
641 2992 744 3063 mittit;
778 2992 841 3053 edit
864 2991 988 3052 nomina
1011 3005 1117 3051 eorum

138 3077 250 3153 quibus
265 3077 425 3138 conventis
440 3092 521 3152 opus
533 3082 632 3148 esset;
654 3076 775 3137 instruit
785 3076 876 3137 etiam
887 3075 1015 3137 secretis
1026 3074 1116 3149 notis,

137 3176 193 3236 per
208 3178 286 3238 quas
301 3161 382 3222 haud
398 3159 490 3223 dubie
502 3167 706 3236 agnoscerent
716 3177 774 3223 sua
784 3162 928 3222 mandata
939 3176 1019 3222 esse.
1035 3160 1117 3220 hunc

136 3243 312 3307 Aristonem
323 3245 504 3322 Carthagine
518 3246 732 3308 obversantem
747 3262 808 3307 non
824 3246 910 3322 prius
925 3244 1014 3306 amici
1026 3260 1117 3321 quarn

135 3325 247 3391 inimici
260 3329 453 3405 Hannibalis,
477 3347 539 3406 qua
560 3330 599 3390 de
614 3345 709 3391 eausa
723 3330 874 3405 venisset,
896 3331 1116 3405 cognoverunt.

136 3418 167 3473 et
180 3414 278 3489 primo
293 3413 324 3473 in
340 3414 461 3476 cheulis
473 3414 686 3490 conviviisque
698 3415 850 3476 celebrata
861 3413 1054 3474 sermonibus
1065 3426 1116 3470 res

136 3501 199 3561 esta
223 3496 334 3559 deinde
348 3498 378 3557 in
394 3505 503 3559 senatu
518 3497 642 3574 quidam
657 3498 729 3558 nihil
745 3505 845 3560 actum
858 3513 931 3558 esse
945 3496 1048 3556 dicere
1062 3510 1115 3554 ex·
