2600 4000
277 253 393 314 LlBlt'R
406 254 552 313 XXXVll.
574 255 658 315 CAP.
671 262 715 316 ll.
738 260 774 328 [a.
791 256 822 314 C.
839 262 899 328 190]
1014 254 1076 318 297

99 407 173 470 llll.
200 421 256 467 rex
277 405 346 482 ipse
368 406 397 465 in
420 407 528 468 dextro
550 423 645 470 cornu
659 414 739 479 erat;
762 407 924 471 Seleucum
939 411 1034 473 fllium
1048 420 1079 472 et

99 490 290 565 Antipatrum
306 489 407 550 iratris
419 490 513 551 lilium
524 490 555 551 in
566 492 656 553 laevo
668 493 862 568 praeposulu
882 493 983 554 media
993 496 1078 556 acies

99 574 197 635 tribus
213 574 372 649 permissa,
387 574 534 634 Minnioni
548 581 580 636 et
592 575 721 636 Zeuxidi
735 582 766 636 et
778 576 918 652 Philippo
932 578 1078 652 magistro

99 657 340 733 elephantorum.

185 740 301 802 Nebula
315 742 469 814 matutina,
488 750 646 804 crescente
661 741 711 803 die
724 746 825 805 levata
838 742 869 803 in
884 744 992 817 nubes,
1008 743 1079 804 cali·

100 825 200 901 ginem
212 824 311 896 dedit;
335 825 445 887 humor
455 823 536 901 iude,
548 827 586 886 ab
598 833 703 888 austro
714 827 806 900 velut,
822 827 958 903 pertudit
969 828 1080 887 omnia

2 959 3 962 η
102 923 181 985 quac
196 906 269 968 nihil
283 909 449 971 admodum
464 910 627 982 Romanis,
643 910 752 971 eadem
766 911 1018 987 perincommoda
1031 925 1079 970 re

2 991 3 994 ’
100 992 158 1068 giis
173 997 269 1052 erant.
296 1009 367 1052 narn
382 1000 412 1054 et
427 991 600 1054 obscuritas
615 993 693 1054 lucis
708 993 739 1053 in
754 994 820 1054 acie
834 993 956 1054 modica
969 993 1079 1054 Roma·

100 1076 147 1136 nis
162 1092 224 1136 non
245 1076 398 1137 adimebat
411 1076 441 1135 in
457 1077 557 1138 omnis
572 1084 676 1152 partes
692 1085 906 1153 conspectum,
928 1084 959 1137 et
971 1075 1081 1137 humor

100 1166 163 1221 tolo
194 1160 259 1220 lere
278 1160 364 1234 gravi
383 1169 500 1222 armatu
521 1160 594 1222 nihil
613 1161 734 1235 gladios
754 1166 807 1221 aut
827 1162 889 1236 pila
902 1159 1079 1221 hebetabat=

99 1242 175 1318 regii
194 1250 257 1304 tam
277 1244 338 1303 lata
358 1243 425 1303 acie
446 1259 486 1304 ne
501 1259 540 1303 cx
560 1243 662 1305 medio
683 1244 807 1320 quidem
823 1259 938 1305 cornua
952 1260 1010 1304 sua
1024 1243 1080 1304 cir·

101 1326 292 1402 cumspicere
313 1333 467 1402 poterant,
490 1328 602 1388 nedum
622 1328 750 1388 extremi
770 1329 848 1389 inter
867 1344 903 1389 sa
921 1325 1080 1403 conspice-

100 1416 219 1483 rentur,
242 1415 272 1469 et
292 1409 400 1471 humor
419 1427 510 1472 arcus
532 1412 706 1488 fundasque
727 1419 758 1473 et
773 1411 941 1474 iaculorum
962 1419 1081 1473 amenta

101 1494 277 1555 emollierat
306 1494 436 1555 falcatae
451 1511 577 1571 quoquc
592 1496 768 1571 quadrigae,
787 1496 898 1571 quibus
913 1512 948 1557 se
964 1503 1080 1571 pertur-

101 1578 241 1639 batumm
256 1576 388 1638 hostium
404 1579 501 1639 aciem
511 1577 683 1642 Antiochus
698 1580 877 1653 crediderat,
893 1581 922 1638 in
936 1594 1010 1640 suos
1022 1585 1080 1638 ter-

101 1676 203 1723 rorem
218 1666 382 1722 verterunt
405 1671 539 1725 armatae
554 1671 655 1725 autem
670 1663 701 1723 in
715 1665 797 1724 hunc
811 1662 943 1722 maxime
956 1660 1080 1722 modum

103 1750 204 1805 ereata
224 1745 370 1820 cuspides
386 1744 469 1806 circa
483 1754 636 1809 temonem
650 1747 690 1807 ab
704 1746 776 1820 iugo
791 1745 899 1805 decern
914 1741 1015 1803 cubita
1029 1758 1077 1802 cx-

103 1828 210 1889 stantis
232 1830 315 1890 velut
335 1845 451 1892 cornua
472 1831 639 1904 habebant,
663 1830 776 1904 quibus
794 1826 944 1902 quidquid
958 1824 1080 1887 obvium

103 1912 226 1973 daretur
239 1914 462 1988 transfigerent.
485 1921 516 1972 ct
526 1914 556 1971 ln
568 1912 712 1972 extremis
724 1909 803 1985 iugis
815 1908 906 1970 binae
917 1909 999 1971 circa
1009 1908 1081 1969 emi·

2 2032 13 2049 ·
103 1995 216 2057 nebant
227 1994 332 2068 lalces,
346 2003 479 2070 aequata
490 1994 562 2069 iugo
574 1997 677 2067 altera,
693 1992 962 2056 allerainleriorin
973 2002 1079 2056 terran

103 2080 238 2151 devexa,
259 2077 311 2136 illa
328 2083 363 2137 ut
383 2077 533 2152 quidquid
553 2078 592 2137 ab
606 2078 700 2138 latere
714 2076 887 2139 obiceretur
901 2078 1081 2150 abscideret,

104 2161 181 2220 haec
197 2165 230 2219 ut
242 2160 408 2235 prolapsos
423 2159 645 2236 subeuntisque
665 2161 862 2237 contingeret
884 2160 956 2222 item
966 2160 1005 2221 ab
1018 2162 1082 2220 axi-

105 2245 163 2305 bus
182 2248 317 2303 rotarum
337 2243 490 2317 utrimque
509 2241 600 2306 binae
618 2245 728 2305 eodem
743 2245 835 2305 modo
851 2244 994 2305 diversae
1008 2241 1082 2303 deli-

103 2326 254 2403 gabantur
265 2326 369 2386 ialccs.
391 2327 437 2388 sic
448 2334 580 2388 armatas
592 2325 767 2404 quadrigas,
784 2328 856 2402 quia
867 2327 894 2388 si
905 2328 936 2388 in
944 2333 1084 2387 extremo

105 2411 202 2472 autin
223 2411 325 2471 medio
346 2414 465 2472 locatae
480 2411 594 2486 torent,
615 2426 673 2488 per
687 2427 762 2473 suos
777 2412 916 2487 agendae
931 2415 1033 2486 eraut,
1054 2410 1084 2468 in

106 2494 204 2571 prima
224 2495 305 2570 acie,
327 2502 360 2556 ut
376 2502 446 2558 unte
460 2495 573 2556 dictum
587 2500 650 2569 est,
670 2497 826 2557 locaverat
838 2511 903 2556 rex.
936 2494 1020 2571 quod
1033 2494 1085 2554 ubi

103 2579 255 2640 Eumenes
281 2578 370 2653 vidit,
394 2579 478 2641 haud
497 2579 621 2655 ignarus
640 2595 778 2655 pugnae,
804 2586 835 2640 et
856 2595 948 2654 quarn
969 2592 1085 2652 anceps

105 2670 190 2724 esset
203 2661 308 2724 auxilii
322 2678 438 2738 genus,
456 2662 483 2723 si
498 2664 568 2738 quis
583 2679 730 2738 pavorem
744 2662 842 2740 magis
857 2663 946 2739 equis
960 2662 1088 2723 iniceret

106 2761 199 2822 quarn
212 2745 293 2806 iusta
307 2746 479 2807 adoriretur
491 2762 604 2821 pugna,
619 2746 781 2808 cretenses
796 2745 971 2822 sagittarios
986 2745 1085 2805 fundi·

106 2835 253 2903 torresque
263 2833 295 2887 et
304 2828 487 2890 iaculatores
494 2827 528 2866 **
535 2829 670 2904 equitum
681 2845 743 2889 nou
755 2830 912 2891 consertos
924 2830 981 2890 sed
994 2844 1086 2904 quarn

105 2911 237 2973 maxime
252 2918 381 2988 possent
395 2911 556 2986 dispersos
569 2928 733 2973 excurrere
746 2911 838 2987 iubet,
853 2920 933 2973 etex
944 2910 1086 2973 omuibus

106 2996 195 3058 simul
217 2994 355 3071 partibus
376 2996 437 3055 tela
455 2995 605 3072 ingerere.
638 2996 717 3056 haec
729 2997 813 3056 velut
827 2997 963 3071 procella
976 2996 1087 3072 partim

106 3077 284 3141 vulneribus
304 3079 464 3141 missilium
478 3079 614 3155 undique
628 3080 837 3141 coniectorum
850 3078 960 3156 partlm
975 3082 1086 3140 clamo·

105 3163 190 3225 ribus
212 3161 349 3226 dissonis
371 3161 414 3224 ita
435 3161 643 3225 consternavit
661 3180 778 3240 equos,
804 3169 837 3224 ut
858 3172 984 3240 repente
1004 3163 1088 3224 velut

107 3246 245 3308 effrenati
266 3247 384 3323 passim
405 3247 520 3309 incerto
541 3262 634 3310 cursu
655 3249 821 3319 tercentum
844 3265 974 3324 quorum
991 3248 1086 3321 impe·

108 3337 158 3390 tus
171 3338 202 3391 et
221 3330 299 3391 levis
319 3337 473 3392 armatura
487 3338 516 3392 et
530 3332 665 3408 expediti
680 3332 849 3393 funditores
865 3339 896 3392 et
908 3333 1001 3393 velox
1016 3329 1086 3389 cre

2 3444 3 3455 2
107 3412 205 3473 tensis
218 3422 371 3475 momento
387 3414 594 3484 declinabant;
616 3423 647 3474 et
661 3430 758 3489 eques
773 3415 967 3489 insequendo
978 3413 1087 3472 tumul«

2 3484 3 3535 ἶ
106 3503 170 3556 turn
185 3510 223 3556 ac
238 3511 384 3571 pavorem
399 3497 487 3574 equis
502 3497 698 3566 cameltscue,
714 3502 744 3557 et
757 3497 834 3572 ipsis
850 3497 940 3557 simul
950 3499 1087 3556 conster-
