<?xml version="1.0" encoding="UTF-8"?>
<!DOCTYPE html PUBLIC "-//W3C//DTD XHTML 1.0 Transitional//EN"
    "http://www.w3.org/TR/xhtml1/DTD/xhtml1-transitional.dtd">
<html xmlns="http://www.w3.org/1999/xhtml" xml:lang="en" lang="en">
 <head>
  <title>
</title>
<meta http-equiv="Content-Type" content="text/html;charset=utf-8" />
  <meta name='ocr-system' content='tesseract 3.04.00' />
  <meta name='ocr-capabilities' content='ocr_page ocr_carea ocr_par ocr_line ocrx_word'/>
</head>
<body>
  <div class='ocr_page' id='page_1' title='image "./aburbeconditali00mlgoog_0200.png"; bbox 0 0 2600 4000; ppageno 0'>
   <div class='ocr_carea' id='block_1_1' title="bbox 189 198 1058 300">
    <p class='ocr_par' dir='ltr' id='par_1_1' title="bbox 189 198 1058 300">
     <span class='ocr_line' id='line_1_1' title="bbox 189 198 1058 300; baseline -0.003 -6"><span class='ocrx_word' id='word_1_1' title='bbox 189 198 250 294; x_wconf 77' lang='lat' dir='ltr'><strong>iso</strong></span> <span class='ocrx_word' id='word_1_2' title='bbox 301 227 417 289; x_wconf 73' lang='lat' dir='ltr'><strong>naun</strong></span> <span class='ocrx_word' id='word_1_3' title='bbox 431 227 567 288; x_wconf 83' lang='lat' dir='ltr'><strong>xxxiv.</strong></span> <span class='ocrx_word' id='word_1_4' title='bbox 588 227 671 287; x_wconf 77' lang='lat' dir='ltr'><strong>cnr.</strong></span> <span class='ocrx_word' id='word_1_5' title='bbox 684 233 840 292; x_wconf 74' lang='lat' dir='ltr'><strong>ananan</strong></span> <span class='ocrx_word' id='word_1_6' title='bbox 862 230 947 300; x_wconf 65' lang='lat' dir='ltr'><strong>[en.</strong></span> <span class='ocrx_word' id='word_1_7' title='bbox 960 232 1058 299; x_wconf 59' lang='lat' dir='ltr'><strong>aar}</strong></span> 
     </span>
    </p>
   </div>
   <div class='ocr_carea' id='block_1_2' title="bbox 125 375 1173 2132">
    <p class='ocr_par' dir='ltr' id='par_1_2' title="bbox 125 375 1173 2132">
     <span class='ocr_line' id='line_1_2' title="bbox 187 375 1173 458; baseline -0.003 -18"><span class='ocrx_word' id='word_1_8' title='bbox 187 395 249 458; x_wconf 89' lang='lat' dir='ltr'><strong>que</strong></span> <span class='ocrx_word' id='word_1_9' title='bbox 263 379 302 439; x_wconf 89' lang='lat' dir='ltr'><strong>ab</strong></span> <span class='ocrx_word' id='word_1_10' title='bbox 317 376 355 439; x_wconf 92' lang='lat' dir='ltr'><strong>iis</strong></span> <span class='ocrx_word' id='word_1_11' title='bbox 372 376 547 438; x_wconf 76' lang='lat' dir='ltr'>abstineret.</span> <span class='ocrx_word' id='word_1_12' title='bbox 568 392 608 437; x_wconf 91' lang='lat' dir='ltr'><strong>ne</strong></span> <span class='ocrx_word' id='word_1_13' title='bbox 623 375 708 452; x_wconf 87' lang='lat' dir='ltr'><strong>quod</strong></span> <span class='ocrx_word' id='word_1_14' title='bbox 720 376 877 452; x_wconf 90' lang='lat' dir='ltr'><strong>oppidum,</strong></span> <span class='ocrx_word' id='word_1_15' title='bbox 885 391 955 439; x_wconf 91' lang='lat' dir='ltr'><strong>-ucu</strong></span> <span class='ocrx_word' id='word_1_16' title='bbox 965 377 1051 454; x_wconf 88' lang='lat' dir='ltr'><strong>quod</strong></span> <span class='ocrx_word' id='word_1_17' title='bbox 1063 379 1173 440; x_wconf 86' lang='lat' dir='ltr'><strong>castel-</strong></span> 
     </span>
     <span class='ocr_line' id='line_1_3' title="bbox 185 460 1172 536; baseline -0.006 -9"><span class='ocrx_word' id='word_1_18' title='bbox 185 463 293 527; x_wconf 89' lang='lat' dir='ltr'><strong>lumin</strong></span> <span class='ocrx_word' id='word_1_19' title='bbox 307 478 366 523; x_wconf 89' lang='lat' dir='ltr'><strong>suo</strong></span> <span class='ocrx_word' id='word_1_20' title='bbox 381 460 524 521; x_wconf 92' lang='lat' dir='ltr'><strong>alienove</strong></span> <span class='ocrx_word' id='word_1_21' title='bbox 537 475 613 536; x_wconf 76' lang='lat' dir='ltr'><strong>agro</strong></span> <span class='ocrx_word' id='word_1_22' title='bbox 627 461 783 521; x_wconf 90' lang='lat' dir='ltr'><strong>conderet.</strong></span> <span class='ocrx_word' id='word_1_23' title='bbox 807 460 944 535; x_wconf 87' lang='lat' dir='ltr'><strong>obsides,</strong></span> <span class='ocrx_word' id='word_1_24' title='bbox 959 475 997 520; x_wconf 88' lang='lat' dir='ltr'><strong>ea</strong></span> <span class='ocrx_word' id='word_1_25' title='bbox 1007 461 1049 522; x_wconf 85' lang='lat' dir='ltr'><strong>ita</strong></span> <span class='ocrx_word' id='word_1_26' title='bbox 1059 461 1172 536; x_wconf 87' lang='lat' dir='ltr'><strong>lutura,</strong></span> 
     </span>
     <span class='ocr_line' id='line_1_4' title="bbox 186 543 1173 622; baseline -0.002 -13"><span class='ocrx_word' id='word_1_27' title='bbox 186 548 273 609; x_wconf 89' lang='lat' dir='ltr'><strong>daret</strong></span> <span class='ocrx_word' id='word_1_28' title='bbox 288 546 434 622; x_wconf 87' lang='lat' dir='ltr'><strong>quinque,</strong></span> <span class='ocrx_word' id='word_1_29' title='bbox 450 560 531 620; x_wconf 92' lang='lat' dir='ltr'><strong>quos</strong></span> <span class='ocrx_word' id='word_1_30' title='bbox 544 543 722 619; x_wconf 88' lang='lat' dir='ltr'><strong>imperatori</strong></span> <span class='ocrx_word' id='word_1_31' title='bbox 731 545 871 605; x_wconf 89' lang='lat' dir='ltr'><strong>Romano</strong></span> <span class='ocrx_word' id='word_1_32' title='bbox 882 544 1061 620; x_wconf 77' lang='lat' dir='ltr'><strong>placuisset,</strong></span> <span class='ocrx_word' id='word_1_33' title='bbox 1076 544 1173 607; x_wconf 85' lang='lat' dir='ltr'><strong>tilium</strong></span> 
     </span>
     <span class='ocr_line' id='line_1_5' title="bbox 187 627 1173 704; baseline -0.002 -11"><span class='ocrx_word' id='word_1_34' title='bbox 187 634 217 694; x_wconf 92' lang='lat' dir='ltr'><strong>in</strong></span> <span class='ocrx_word' id='word_1_35' title='bbox 237 631 275 692; x_wconf 92' lang='lat' dir='ltr'><strong>iis</strong></span> <span class='ocrx_word' id='word_1_36' title='bbox 296 646 403 699; x_wconf 84' lang='lat' dir='ltr'><strong>snum;</strong></span> <span class='ocrx_word' id='word_1_37' title='bbox 435 635 466 690; x_wconf 89' lang='lat' dir='ltr'><strong>et</strong></span> <span class='ocrx_word' id='word_1_38' title='bbox 484 629 598 689; x_wconf 89' lang='lat' dir='ltr'><strong>talenta</strong></span> <span class='ocrx_word' id='word_1_39' title='bbox 618 634 740 689; x_wconf 86' lang='lat' dir='ltr'><strong>centum</strong></span> <span class='ocrx_word' id='word_1_40' title='bbox 760 627 877 703; x_wconf 81' lang='lat' dir='ltr'><strong>argenti</strong></span> <span class='ocrx_word' id='word_1_41' title='bbox 897 627 928 689; x_wconf 91' lang='lat' dir='ltr'><strong>in</strong></span> <span class='ocrx_word' id='word_1_42' title='bbox 948 629 1120 704; x_wconf 78' lang='lat' dir='ltr'>praesenti,</span> <span class='ocrx_word' id='word_1_43' title='bbox 1142 635 1173 691; x_wconf 86' lang='lat' dir='ltr'><strong>et</strong></span> 
     </span>
     <span class='ocr_line' id='line_1_6' title="bbox 187 710 1131 792; baseline -0.006 -15"><span class='ocrx_word' id='word_1_44' title='bbox 187 714 408 792; x_wconf 83' lang='lat' dir='ltr'><strong>quinquaginta</strong></span> <span class='ocrx_word' id='word_1_45' title='bbox 421 712 537 772; x_wconf 86' lang='lat' dir='ltr'><strong>talenta</strong></span> <span class='ocrx_word' id='word_1_46' title='bbox 549 712 580 771; x_wconf 93' lang='lat' dir='ltr'><strong>in</strong></span> <span class='ocrx_word' id='word_1_47' title='bbox 595 710 735 787; x_wconf 78' lang='lat' dir='ltr'><strong>singulos</strong></span> <span class='ocrx_word' id='word_1_48' title='bbox 750 727 849 773; x_wconf 89' lang='lat' dir='ltr'><strong>annos</strong></span> <span class='ocrx_word' id='word_1_49' title='bbox 864 726 1034 789; x_wconf 84' lang='lat' dir='ltr'><strong>perennes</strong></span> <span class='ocrx_word' id='word_1_50' title='bbox 1049 718 1131 773; x_wconf 89' lang='lat' dir='ltr'><strong>octo.</strong></span> 
     </span>
     <span class='ocr_line' id='line_1_7' title="bbox 270 794 1170 873; baseline -0.003 -14"><span class='ocrx_word' id='word_1_51' title='bbox 270 797 405 859; x_wconf 83' lang='lat' dir='ltr'>XXXVI.</span> <span class='ocrx_word' id='word_1_52' title='bbox 426 795 512 856; x_wconf 88' lang='lat' dir='ltr'><strong>Haec</strong></span> <span class='ocrx_word' id='word_1_53' title='bbox 527 795 704 871; x_wconf 88' lang='lat' dir='ltr'><strong>conscripta</strong></span> <span class='ocrx_word' id='word_1_54' title='bbox 719 795 828 857; x_wconf 88' lang='lat' dir='ltr'><strong>castris</strong></span> <span class='ocrx_word' id='word_1_55' title='bbox 844 796 973 873; x_wconf 91' lang='lat' dir='ltr'><strong>propius</strong></span> <span class='ocrx_word' id='word_1_56' title='bbox 987 794 1096 856; x_wconf 90' lang='lat' dir='ltr'><strong>urbem</strong></span> <span class='ocrx_word' id='word_1_57' title='bbox 1105 811 1170 856; x_wconf 90' lang='lat' dir='ltr'><strong>mo·</strong></span> 
     </span>
     <span class='ocr_line' id='line_1_8' title="bbox 186 878 1172 957; baseline -0.004 -11"><span class='ocrx_word' id='word_1_58' title='bbox 186 885 224 946; x_wconf 93' lang='lat' dir='ltr'><strong>tis</strong></span> <span class='ocrx_word' id='word_1_59' title='bbox 238 881 503 944; x_wconf 74' lang='lat' dir='ltr'><strong>Lacedaemonem</strong></span> <span class='ocrx_word' id='word_1_60' title='bbox 522 878 694 955; x_wconf 87' lang='lat' dir='ltr'><strong>mittuntur,</strong></span> <span class='ocrx_word' id='word_1_61' title='bbox 715 894 773 940; x_wconf 92' lang='lat' dir='ltr'><strong>nec</strong></span> <span class='ocrx_word' id='word_1_62' title='bbox 793 894 870 940; x_wconf 90' lang='lat' dir='ltr'><strong>saue</strong></span> <span class='ocrx_word' id='word_1_63' title='bbox 884 878 1050 957; x_wconf 87' lang='lat' dir='ltr'><strong>quicquam</strong></span> <span class='ocrx_word' id='word_1_64' title='bbox 1065 895 1172 942; x_wconf 86' lang='lat' dir='ltr'><strong>eorum</strong></span> 
     </span>
     <span class='ocr_line' id='line_1_9' title="bbox 188 962 1170 1041; baseline -0.004 -12"><span class='ocrx_word' id='word_1_65' title='bbox 188 967 263 1030; x_wconf 87' lang='lat' dir='ltr'><strong>satis</strong></span> <span class='ocrx_word' id='word_1_66' title='bbox 278 964 421 1041; x_wconf 76' lang='lat' dir='ltr'><strong>placebat</strong></span> <span class='ocrx_word' id='word_1_67' title='bbox 434 969 584 1041; x_wconf 83' lang='lat' dir='ltr'><strong>tyranno,</strong></span> <span class='ocrx_word' id='word_1_68' title='bbox 606 962 666 1025; x_wconf 92' lang='lat' dir='ltr'><strong>nisi</strong></span> <span class='ocrx_word' id='word_1_69' title='bbox 682 963 766 1039; x_wconf 93' lang='lat' dir='ltr'><strong>quod</strong></span> <span class='ocrx_word' id='word_1_70' title='bbox 781 968 904 1039; x_wconf 87' lang='lat' dir='ltr'><strong>praeter</strong></span> <span class='ocrx_word' id='word_1_71' title='bbox 918 979 1006 1039; x_wconf 88' lang='lat' dir='ltr'><strong>spem</strong></span> <span class='ocrx_word' id='word_1_72' title='bbox 1020 964 1170 1027; x_wconf 87' lang='lat' dir='ltr'><strong>reducen-</strong></span> 
     </span>
     <span class='ocr_line' id='line_1_10' title="bbox 187 1046 1170 1123; baseline -0.005 -11"><span class='ocrx_word' id='word_1_73' title='bbox 187 1052 296 1117; x_wconf 86' lang='lat' dir='ltr'>dorum</span> <span class='ocrx_word' id='word_1_74' title='bbox 317 1047 458 1108; x_wconf 88' lang='lat' dir='ltr'><strong>exsulum</strong></span> <span class='ocrx_word' id='word_1_75' title='bbox 479 1046 593 1108; x_wconf 86' lang='lat' dir='ltr'><strong>mentio</strong></span> <span class='ocrx_word' id='word_1_76' title='bbox 618 1047 703 1108; x_wconf 90' lang='lat' dir='ltr'><strong>nulla</strong></span> <span class='ocrx_word' id='word_1_77' title='bbox 722 1047 802 1108; x_wconf 85' lang='lat' dir='ltr'><strong>lacta</strong></span> <span class='ocrx_word' id='word_1_78' title='bbox 816 1053 890 1123; x_wconf 78' lang='lat' dir='ltr'><strong>erat</strong></span> <span class='ocrx_word' id='word_1_79' title='bbox 923 1048 1056 1108; x_wconf 87' lang='lat' dir='ltr'><strong>maxime</strong></span> <span class='ocrx_word' id='word_1_80' title='bbox 1069 1054 1170 1110; x_wconf 90' lang='lat' dir='ltr'><strong>autem</strong></span> 
     </span>
     <span class='ocr_line' id='line_1_11' title="bbox 190 1129 1171 1207; baseline -0.004 -12"><span class='ocrx_word' id='word_1_81' title='bbox 190 1132 324 1195; x_wconf 89' lang='lat' dir='ltr'><strong>omnium</strong></span> <span class='ocrx_word' id='word_1_82' title='bbox 344 1146 382 1191; x_wconf 89' lang='lat' dir='ltr'><strong>ea</strong></span> <span class='ocrx_word' id='word_1_83' title='bbox 402 1145 455 1191; x_wconf 90' lang='lat' dir='ltr'><strong>res</strong></span> <span class='ocrx_word' id='word_1_84' title='bbox 470 1129 662 1206; x_wconf 81' lang='lat' dir='ltr'><strong>offendebat,</strong></span> <span class='ocrx_word' id='word_1_85' title='bbox 685 1131 770 1207; x_wconf 92' lang='lat' dir='ltr'><strong>quod</strong></span> <span class='ocrx_word' id='word_1_86' title='bbox 792 1136 823 1191; x_wconf 91' lang='lat' dir='ltr'><strong>et</strong></span> <span class='ocrx_word' id='word_1_87' title='bbox 841 1146 939 1192; x_wconf 87' lang='lat' dir='ltr'><strong>naves</strong></span> <span class='ocrx_word' id='word_1_88' title='bbox 961 1138 992 1192; x_wconf 91' lang='lat' dir='ltr'><strong>et</strong></span> <span class='ocrx_word' id='word_1_89' title='bbox 1004 1132 1171 1199; x_wconf 81' lang='lat' dir='ltr'><strong>maritimae</strong></span> 
     </span>
     <span class='ocr_line' id='line_1_12' title="bbox 187 1214 1168 1292; baseline -0.004 -14"><span class='ocrx_word' id='word_1_90' title='bbox 187 1218 325 1279; x_wconf 84' lang='lat' dir='ltr'><strong>civitates</strong></span> <span class='ocrx_word' id='word_1_91' title='bbox 346 1215 510 1292; x_wconf 84' lang='lat' dir='ltr'><strong>ademptae</strong></span> <span class='ocrx_word' id='word_1_92' title='bbox 529 1222 626 1277; x_wconf 88' lang='lat' dir='ltr'><strong>erant.</strong></span> <span class='ocrx_word' id='word_1_93' title='bbox 659 1214 757 1277; x_wconf 87' lang='lat' dir='ltr'><strong>luerat</strong></span> <span class='ocrx_word' id='word_1_94' title='bbox 772 1222 874 1276; x_wconf 89' lang='lat' dir='ltr'><strong>autem</strong></span> <span class='ocrx_word' id='word_1_95' title='bbox 888 1214 916 1275; x_wconf 89' lang='lat' dir='ltr'><strong>ei</strong></span> <span class='ocrx_word' id='word_1_96' title='bbox 931 1231 1042 1290; x_wconf 78' lang='lat' dir='ltr'><strong>magno</strong></span> <span class='ocrx_word' id='word_1_97' title='bbox 1058 1214 1168 1276; x_wconf 80' lang='lat' dir='ltr'><strong>fructui</strong></span> 
     </span>
     <span class='ocr_line' id='line_1_13' title="bbox 187 1298 1168 1375; baseline -0.003 -13"><span class='ocrx_word' id='word_1_98' title='bbox 187 1315 280 1373; x_wconf 90' lang='lat' dir='ltr'><strong>mare,</strong></span> <span class='ocrx_word' id='word_1_99' title='bbox 296 1313 417 1361; x_wconf 87' lang='lat' dir='ltr'><strong>ornnem</strong></span> <span class='ocrx_word' id='word_1_100' title='bbox 432 1315 518 1360; x_wconf 92' lang='lat' dir='ltr'><strong>oram</strong></span> <span class='ocrx_word' id='word_1_101' title='bbox 530 1298 649 1360; x_wconf 83' lang='lat' dir='ltr'><strong>Maleae</strong></span> <span class='ocrx_word' id='word_1_102' title='bbox 664 1299 868 1375; x_wconf 89' lang='lat' dir='ltr'><strong>praedatoriis</strong></span> <span class='ocrx_word' id='word_1_103' title='bbox 883 1299 1014 1361; x_wconf 88' lang='lat' dir='ltr'><strong>navibus</strong></span> <span class='ocrx_word' id='word_1_104' title='bbox 1028 1299 1168 1360; x_wconf 84' lang='lat' dir='ltr'><strong>intestam</strong></span> 
     </span>
     <span class='ocr_line' id='line_1_14' title="bbox 186 1383 1168 1458; baseline -0.002 -13"><span class='ocrx_word' id='word_1_105' title='bbox 186 1383 320 1445; x_wconf 86' lang='lat' dir='ltr'><strong>habenti.</strong></span> <span class='ocrx_word' id='word_1_106' title='bbox 351 1383 538 1444; x_wconf 88' lang='lat' dir='ltr'><strong>iuventutem</strong></span> <span class='ocrx_word' id='word_1_107' title='bbox 558 1391 719 1458; x_wconf 87' lang='lat' dir='ltr'><strong>praetcrea</strong></span> <span class='ocrx_word' id='word_1_108' title='bbox 739 1383 905 1445; x_wconf 87' lang='lat' dir='ltr'><strong>civitatium</strong></span> <span class='ocrx_word' id='word_1_109' title='bbox 922 1399 1027 1444; x_wconf 89' lang='lat' dir='ltr'><strong>earum</strong></span> <span class='ocrx_word' id='word_1_110' title='bbox 1041 1384 1082 1443; x_wconf 89' lang='lat' dir='ltr'><strong>ad</strong></span> <span class='ocrx_word' id='word_1_111' title='bbox 1096 1400 1168 1458; x_wconf 93' lang='lat' dir='ltr'><strong>sup·</strong></span> 
     </span>
     <span class='ocr_line' id='line_1_15' title="bbox 188 1466 1169 1545; baseline 0.001 -18"><span class='ocrx_word' id='word_1_112' title='bbox 188 1470 373 1545; x_wconf 86' lang='lat' dir='ltr'><strong>piamentum</strong></span> <span class='ocrx_word' id='word_1_113' title='bbox 397 1467 494 1543; x_wconf 76' lang='lat' dir='ltr'><strong>longe</strong></span> <span class='ocrx_word' id='word_1_114' title='bbox 514 1466 621 1542; x_wconf 90' lang='lat' dir='ltr'><strong>optimi</strong></span> <span class='ocrx_word' id='word_1_115' title='bbox 644 1468 766 1542; x_wconf 80' lang='lat' dir='ltr'><strong>generis</strong></span> <span class='ocrx_word' id='word_1_116' title='bbox 791 1468 919 1529; x_wconf 89' lang='lat' dir='ltr'><strong>militum</strong></span> <span class='ocrx_word' id='word_1_117' title='bbox 939 1467 1081 1529; x_wconf 89' lang='lat' dir='ltr'><strong>habebat.</strong></span> <span class='ocrx_word' id='word_1_118' title='bbox 1113 1467 1169 1528; x_wconf 89' lang='lat' dir='ltr'><strong>has</strong></span> 
     </span>
     <span class='ocr_line' id='line_1_16' title="bbox 188 1551 1169 1628; baseline -0.004 -13"><span class='ocrx_word' id='word_1_119' title='bbox 188 1552 388 1620; x_wconf 85' lang='lat' dir='ltr'><strong>condiciones</strong></span> <span class='ocrx_word' id='word_1_120' title='bbox 411 1566 597 1628; x_wconf 89' lang='lat' dir='ltr'><strong>quamquam</strong></span> <span class='ocrx_word' id='word_1_121' title='bbox 617 1551 687 1625; x_wconf 88' lang='lat' dir='ltr'><strong>ipse</strong></span> <span class='ocrx_word' id='word_1_122' title='bbox 707 1551 739 1611; x_wconf 91' lang='lat' dir='ltr'><strong>iu</strong></span> <span class='ocrx_word' id='word_1_123' title='bbox 754 1559 875 1613; x_wconf 88' lang='lat' dir='ltr'><strong>secreto</strong></span> <span class='ocrx_word' id='word_1_124' title='bbox 895 1551 1088 1614; x_wconf 84' lang='lat' dir='ltr'><strong>volutaverat</strong></span> <span class='ocrx_word' id='word_1_125' title='bbox 1102 1567 1169 1612; x_wconf 90' lang='lat' dir='ltr'><strong>eum</strong></span> 
     </span>
     <span class='ocr_line' id='line_1_17' title="bbox 125 1635 1169 1711; baseline -0.003 -14"><span class='ocrx_word' id='word_1_126' title='bbox 125 1666 128 1672; x_wconf 94' lang='lat'>·</span> <span class='ocrx_word' id='word_1_127' title='bbox 188 1636 303 1711; x_wconf 88' lang='lat' dir='ltr'><strong>amieis,</strong></span> <span class='ocrx_word' id='word_1_128' title='bbox 318 1635 410 1710; x_wconf 83' lang='lat' dir='ltr'><strong>vulgo</strong></span> <span class='ocrx_word' id='word_1_129' title='bbox 425 1642 526 1697; x_wconf 70' lang='lat' dir='ltr'><strong>mmen</strong></span> <span class='ocrx_word' id='word_1_130' title='bbox 541 1650 648 1697; x_wconf 87' lang='lat' dir='ltr'><strong>omues</strong></span> <span class='ocrx_word' id='word_1_131' title='bbox 664 1635 745 1695; x_wconf 87' lang='lat' dir='ltr'><strong>lama</strong></span> <span class='ocrx_word' id='word_1_132' title='bbox 759 1635 906 1711; x_wconf 81' lang='lat' dir='ltr'><strong>terebant,</strong></span> <span class='ocrx_word' id='word_1_133' title='bbox 921 1636 1009 1696; x_wconf 89' lang='lat' dir='ltr'><strong>vanis</strong></span> <span class='ocrx_word' id='word_1_134' title='bbox 1024 1643 1057 1696; x_wconf 90' lang='lat' dir='ltr'><strong>ut</strong></span> <span class='ocrx_word' id='word_1_135' title='bbox 1068 1635 1109 1696; x_wconf 91' lang='lat' dir='ltr'><strong>ad</strong></span> <span class='ocrx_word' id='word_1_136' title='bbox 1120 1650 1169 1695; x_wconf 85' lang='lat' dir='ltr'><strong>ue·</strong></span> 
     </span>
     <span class='ocr_line' id='line_1_18' title="bbox 188 1718 1170 1795; baseline -0.002 -14"><span class='ocrx_word' id='word_1_137' title='bbox 188 1729 284 1781; x_wconf 89' lang='lat' dir='ltr'><strong>teram</strong></span> <span class='ocrx_word' id='word_1_138' title='bbox 303 1720 410 1791; x_wconf 85' lang='lat' dir='ltr'><strong>fldem,</strong></span> <span class='ocrx_word' id='word_1_139' title='bbox 436 1719 482 1781; x_wconf 89' lang='lat' dir='ltr'><strong>sic</strong></span> <span class='ocrx_word' id='word_1_140' title='bbox 503 1720 544 1780; x_wconf 88' lang='lat' dir='ltr'><strong>ed</strong></span> <span class='ocrx_word' id='word_1_141' title='bbox 558 1725 679 1780; x_wconf 85' lang='lat' dir='ltr'><strong>secreta</strong></span> <span class='ocrx_word' id='word_1_142' title='bbox 692 1718 826 1794; x_wconf 81' lang='lat' dir='ltr'><strong>tegenda</strong></span> <span class='ocrx_word' id='word_1_143' title='bbox 839 1720 1003 1781; x_wconf 84' lang='lat' dir='ltr'><strong>satellitum</strong></span> <span class='ocrx_word' id='word_1_144' title='bbox 1016 1720 1170 1795; x_wconf 79' lang='lat' dir='ltr'><strong>regiorum</strong></span> 
     </span>
     <span class='ocr_line' id='line_1_19' title="bbox 188 1801 1169 1881; baseline -0.004 -16"><span class='ocrx_word' id='word_1_145' title='bbox 188 1801 328 1881; x_wconf 77' lang='lat' dir='ltr'><strong>ingeniis.</strong></span> <span class='ocrx_word' id='word_1_146' title='bbox 350 1820 412 1865; x_wconf 89' lang='lat' dir='ltr'><strong>non</strong></span> <span class='ocrx_word' id='word_1_147' title='bbox 425 1811 487 1864; x_wconf 88' lang='lat' dir='ltr'><strong>tam</strong></span> <span class='ocrx_word' id='word_1_148' title='bbox 500 1803 603 1864; x_wconf 90' lang='lat' dir='ltr'><strong>omnia</strong></span> <span class='ocrx_word' id='word_1_149' title='bbox 616 1803 752 1864; x_wconf 90' lang='lat' dir='ltr'><strong>universi</strong></span> <span class='ocrx_word' id='word_1_150' title='bbox 768 1819 861 1881; x_wconf 88' lang='lat' dir='ltr'><strong>quam</strong></span> <span class='ocrx_word' id='word_1_151' title='bbox 873 1820 911 1865; x_wconf 90' lang='lat' dir='ltr'><strong>ea</strong></span> <span class='ocrx_word' id='word_1_152' title='bbox 923 1819 1003 1880; x_wconf 90' lang='lat' dir='ltr'><strong>quae</strong></span> <span class='ocrx_word' id='word_1_153' title='bbox 1014 1802 1054 1865; x_wconf 92' lang='lat' dir='ltr'><strong>ad</strong></span> <span class='ocrx_word' id='word_1_154' title='bbox 1066 1818 1169 1879; x_wconf 87' lang='lat' dir='ltr'><strong>quem-</strong></span> 
     </span>
     <span class='ocr_line' id='line_1_20' title="bbox 190 1886 1170 1964; baseline -0.003 -15"><span class='ocrx_word' id='word_1_155' title='bbox 190 1904 250 1964; x_wconf 90' lang='lat' dir='ltr'><strong>que</strong></span> <span class='ocrx_word' id='word_1_156' title='bbox 265 1888 453 1963; x_wconf 83' lang='lat' dir='ltr'><strong>pertinerent</strong></span> <span class='ocrx_word' id='word_1_157' title='bbox 466 1888 578 1963; x_wconf 78' lang='lat' dir='ltr'><strong>singuli</strong></span> <span class='ocrx_word' id='word_1_158' title='bbox 593 1886 770 1963; x_wconf 86' lang='lat' dir='ltr'><strong>carpebant.</strong></span> <span class='ocrx_word' id='word_1_159' title='bbox 800 1887 851 1963; x_wconf 91' lang='lat' dir='ltr'><strong>qui</strong></span> <span class='ocrx_word' id='word_1_160' title='bbox 866 1889 1008 1949; x_wconf 88' lang='lat' dir='ltr'><strong>exsulum</strong></span> <span class='ocrx_word' id='word_1_161' title='bbox 1022 1888 1170 1963; x_wconf 81' lang='lat' dir='ltr'><strong>coniuges</strong></span> 
     </span>
     <span class='ocr_line' id='line_1_21' title="bbox 189 1970 1171 2048; baseline -0.002 -15"><span class='ocrx_word' id='word_1_162' title='bbox 189 1973 220 2033; x_wconf 92' lang='lat' dir='ltr'><strong>in</strong></span> <span class='ocrx_word' id='word_1_163' title='bbox 235 1971 428 2032; x_wconf 87' lang='lat' dir='ltr'><strong>matrimonio</strong></span> <span class='ocrx_word' id='word_1_164' title='bbox 448 1970 603 2033; x_wconf 88' lang='lat' dir='ltr'><strong>habebant</strong></span> <span class='ocrx_word' id='word_1_165' title='bbox 621 1977 674 2033; x_wconf 91' lang='lat' dir='ltr'><strong>aut</strong></span> <span class='ocrx_word' id='word_1_166' title='bbox 687 1986 727 2033; x_wconf 91' lang='lat' dir='ltr'><strong>ex</strong></span> <span class='ocrx_word' id='word_1_167' title='bbox 739 1971 831 2035; x_wconf 92' lang='lat' dir='ltr'><strong>bonis</strong></span> <span class='ocrx_word' id='word_1_168' title='bbox 846 1987 953 2034; x_wconf 92' lang='lat' dir='ltr'><strong>eorum</strong></span> <span class='ocrx_word' id='word_1_169' title='bbox 967 1971 1084 2048; x_wconf 90' lang='lat' dir='ltr'><strong>aliquid</strong></span> <span class='ocrx_word' id='word_1_170' title='bbox 1098 1987 1171 2048; x_wconf 91' lang='lat' dir='ltr'><strong>pos·</strong></span> 
     </span>
     <span class='ocr_line' id='line_1_22' title="bbox 189 2055 1172 2132; baseline -0.002 -14"><span class='ocrx_word' id='word_1_171' title='bbox 189 2055 343 2128; x_wconf 80' lang='lat' dir='ltr'><strong>sederant,</strong></span> <span class='ocrx_word' id='word_1_172' title='bbox 357 2061 514 2132; x_wconf 88' lang='lat' dir='ltr'><strong>tamquam</strong></span> <span class='ocrx_word' id='word_1_173' title='bbox 527 2057 671 2118; x_wconf 86' lang='lat' dir='ltr'><strong>amissuri</strong></span> <span class='ocrx_word' id='word_1_174' title='bbox 685 2072 748 2118; x_wconf 91' lang='lat' dir='ltr'><strong>non</strong></span> <span class='ocrx_word' id='word_1_175' title='bbox 762 2057 911 2119; x_wconf 89' lang='lat' dir='ltr'><strong>reddituri</strong></span> <span class='ocrx_word' id='word_1_176' title='bbox 925 2056 1172 2132; x_wconf 79' lang='lat' dir='ltr'><strong>indignabantur.</strong></span> 
     </span>
    </p>
   </div>
   <div class='ocr_carea' id='block_1_3' title="bbox 103 2140 1172 2218">
    <p class='ocr_par' dir='ltr' id='par_1_3' title="bbox 103 2140 1172 2218">
     <span class='ocr_line' id='line_1_23' title="bbox 103 2140 1172 2218; baseline -0.002 -15"><span class='ocrx_word' id='word_1_177' title='bbox 103 2181 105 2183; x_wconf 94' lang='lat'>-</span> <span class='ocrx_word' id='word_1_178' title='bbox 189 2140 289 2203; x_wconf 88' lang='lat' dir='ltr'><strong>servis</strong></span> <span class='ocrx_word' id='word_1_179' title='bbox 304 2140 439 2202; x_wconf 88' lang='lat' dir='ltr'><strong>liberatis</strong></span> <span class='ocrx_word' id='word_1_180' title='bbox 457 2157 477 2201; x_wconf 91' lang='lat' dir='ltr'><strong>a</strong></span> <span class='ocrx_word' id='word_1_181' title='bbox 491 2145 623 2218; x_wconf 77' lang='lat' dir='ltr'><strong>tyranno</strong></span> <span class='ocrx_word' id='word_1_182' title='bbox 638 2157 701 2203; x_wconf 93' lang='lat' dir='ltr'><strong>non</strong></span> <span class='ocrx_word' id='word_1_183' title='bbox 717 2141 803 2202; x_wconf 86' lang='lat' dir='ltr'><strong>irrita</strong></span> <span class='ocrx_word' id='word_1_184' title='bbox 815 2142 909 2203; x_wconf 93' lang='lat' dir='ltr'><strong>modo</strong></span> <span class='ocrx_word' id='word_1_185' title='bbox 924 2141 1026 2202; x_wconf 89' lang='lat' dir='ltr'><strong>lutura</strong></span> <span class='ocrx_word' id='word_1_186' title='bbox 1037 2140 1172 2214; x_wconf 87' lang='lat' dir='ltr'><strong>libertas,</strong></span> 
     </span>
    </p>
   </div>
   <div class='ocr_carea' id='block_1_4' title="bbox 188 2224 1172 2384">
    <p class='ocr_par' dir='ltr' id='par_1_4' title="bbox 188 2224 1172 2384">
     <span class='ocr_line' id='line_1_24' title="bbox 189 2224 1172 2301; baseline -0.002 -15"><span class='ocrx_word' id='word_1_187' title='bbox 189 2225 247 2286; x_wconf 92' lang='lat' dir='ltr'><strong>sed</strong></span> <span class='ocrx_word' id='word_1_188' title='bbox 260 2226 355 2286; x_wconf 91' lang='lat' dir='ltr'><strong>multo</strong></span> <span class='ocrx_word' id='word_1_189' title='bbox 373 2224 494 2287; x_wconf 80' lang='lat' dir='ltr'><strong>foedior</strong></span> <span class='ocrx_word' id='word_1_190' title='bbox 508 2242 601 2301; x_wconf 88' lang='lat' dir='ltr'><strong>quam</strong></span> <span class='ocrx_word' id='word_1_191' title='bbox 615 2226 725 2287; x_wconf 83' lang='lat' dir='ltr'><strong>ruisset</strong></span> <span class='ocrx_word' id='word_1_192' title='bbox 739 2230 809 2286; x_wconf 89' lang='lat' dir='ltr'><strong>ante</strong></span> <span class='ocrx_word' id='word_1_193' title='bbox 823 2226 956 2287; x_wconf 91' lang='lat' dir='ltr'><strong>servitus</strong></span> <span class='ocrx_word' id='word_1_194' title='bbox 970 2224 1172 2286; x_wconf 77' lang='lat' dir='ltr'><strong>redeuntibus</strong></span> 
     </span>
     <span class='ocr_line' id='line_1_25' title="bbox 188 2308 1172 2384; baseline -0.002 -13"><span class='ocrx_word' id='word_1_195' title='bbox 188 2311 220 2371; x_wconf 91' lang='lat' dir='ltr'><strong>in</strong></span> <span class='ocrx_word' id='word_1_196' title='bbox 234 2309 380 2370; x_wconf 89' lang='lat' dir='ltr'><strong>iratorum</strong></span> <span class='ocrx_word' id='word_1_197' title='bbox 401 2310 593 2371; x_wconf 90' lang='lat' dir='ltr'><strong>dominorum</strong></span> <span class='ocrx_word' id='word_1_198' title='bbox 613 2314 796 2384; x_wconf 87' lang='lat' dir='ltr'><strong>potestatem</strong></span> <span class='ocrx_word' id='word_1_199' title='bbox 816 2316 886 2369; x_wconf 83' lang='lat' dir='ltr'><strong>ante</strong></span> <span class='ocrx_word' id='word_1_200' title='bbox 902 2310 1010 2370; x_wconf 88' lang='lat' dir='ltr'><strong>oeulos</strong></span> <span class='ocrx_word' id='word_1_201' title='bbox 1025 2308 1172 2370; x_wconf 87' lang='lat' dir='ltr'><strong>obversa·</strong></span> 
     </span>
    </p>
   </div>
   <div class='ocr_carea' id='block_1_5' title="bbox 189 2392 1296 2468">
    <p class='ocr_par' dir='ltr' id='par_1_5' title="bbox 189 2392 1296 2468">
     <span class='ocr_line' id='line_1_26' title="bbox 189 2392 1296 2468; baseline -0.002 -15"><span class='ocrx_word' id='word_1_202' title='bbox 189 2393 286 2455; x_wconf 89' lang='lat' dir='ltr'><strong>batur.</strong></span> <span class='ocrx_word' id='word_1_203' title='bbox 308 2392 510 2453; x_wconf 87' lang='lat' dir='ltr'><strong>mercennarii</strong></span> <span class='ocrx_word' id='word_1_204' title='bbox 523 2392 633 2452; x_wconf 88' lang='lat' dir='ltr'><strong>milites</strong></span> <span class='ocrx_word' id='word_1_205' title='bbox 647 2399 679 2451; x_wconf 88' lang='lat' dir='ltr'><strong>et</strong></span> <span class='ocrx_word' id='word_1_206' title='bbox 689 2392 786 2466; x_wconf 90' lang='lat' dir='ltr'><strong>pretia</strong></span> <span class='ocrx_word' id='word_1_207' title='bbox 795 2392 918 2455; x_wconf 79' lang='lat' dir='ltr'><strong>utilitiae</strong></span> <span class='ocrx_word' id='word_1_208' title='bbox 931 2408 1043 2454; x_wconf 85' lang='lat' dir='ltr'><strong>casura</strong></span> <span class='ocrx_word' id='word_1_209' title='bbox 1051 2392 1083 2453; x_wconf 93' lang='lat' dir='ltr'><strong>in</strong></span> <span class='ocrx_word' id='word_1_210' title='bbox 1095 2406 1174 2468; x_wconf 85' lang='lat' dir='ltr'><strong>pace</strong></span> <span class='ocrx_word' id='word_1_211' title='bbox 1295 2407 1296 2412; x_wconf 47' lang='lat'>¹</span> 
     </span>
    </p>
   </div>
   <div class='ocr_carea' id='block_1_6' title="bbox 188 2474 1172 2805">
    <p class='ocr_par' dir='ltr' id='par_1_6' title="bbox 188 2474 1172 2805">
     <span class='ocr_line' id='line_1_27' title="bbox 190 2474 1172 2551; baseline -0.001 -14"><span class='ocrx_word' id='word_1_212' title='bbox 190 2491 282 2551; x_wconf 82' lang='lat' dir='ltr'><strong>aegre</strong></span> <span class='ocrx_word' id='word_1_213' title='bbox 302 2475 457 2550; x_wconf 83' lang='lat' dir='ltr'><strong>terebant,</strong></span> <span class='ocrx_word' id='word_1_214' title='bbox 478 2482 509 2535; x_wconf 91' lang='lat' dir='ltr'><strong>et</strong></span> <span class='ocrx_word' id='word_1_215' title='bbox 526 2474 657 2536; x_wconf 89' lang='lat' dir='ltr'><strong>reditum</strong></span> <span class='ocrx_word' id='word_1_216' title='bbox 678 2474 737 2535; x_wconf 90' lang='lat' dir='ltr'><strong>sibi</strong></span> <span class='ocrx_word' id='word_1_217' title='bbox 757 2476 874 2537; x_wconf 90' lang='lat' dir='ltr'><strong>nullum</strong></span> <span class='ocrx_word' id='word_1_218' title='bbox 893 2492 965 2538; x_wconf 88' lang='lat' dir='ltr'><strong>esse</strong></span> <span class='ocrx_word' id='word_1_219' title='bbox 986 2477 1016 2536; x_wconf 93' lang='lat' dir='ltr'><strong>in</strong></span> <span class='ocrx_word' id='word_1_220' title='bbox 1033 2474 1172 2537; x_wconf 86' lang='lat' dir='ltr'><strong>civitates</strong></span> 
     </span>
     <span class='ocr_line' id='line_1_28' title="bbox 188 2558 1171 2637; baseline 0 -18"><span class='ocrx_word' id='word_1_221' title='bbox 188 2559 350 2630; x_wconf 88' lang='lat' dir='ltr'><strong>videbant,</strong></span> <span class='ocrx_word' id='word_1_222' title='bbox 372 2558 511 2618; x_wconf 87' lang='lat' dir='ltr'><strong>intensas</strong></span> <span class='ocrx_word' id='word_1_223' title='bbox 532 2574 594 2619; x_wconf 89' lang='lat' dir='ltr'><strong>non</strong></span> <span class='ocrx_word' id='word_1_224' title='bbox 614 2558 754 2635; x_wconf 83' lang='lat' dir='ltr'><strong>tyrannis</strong></span> <span class='ocrx_word' id='word_1_225' title='bbox 768 2561 866 2636; x_wconf 81' lang='lat' dir='ltr'><strong>magis</strong></span> <span class='ocrx_word' id='word_1_226' title='bbox 884 2577 976 2637; x_wconf 91' lang='lat' dir='ltr'><strong>qnam</strong></span> <span class='ocrx_word' id='word_1_227' title='bbox 990 2559 1171 2622; x_wconf 89' lang='lat' dir='ltr'><strong>satellitibus</strong></span> 
     </span>
     <span class='ocr_line' id='line_1_29' title="bbox 189 2640 1171 2718; baseline -0.002 -14"><span class='ocrx_word' id='word_1_228' title='bbox 189 2656 306 2704; x_wconf 90' lang='lat' dir='ltr'><strong>eorum.</strong></span> <span class='ocrx_word' id='word_1_229' title='bbox 332 2640 482 2701; x_wconf 85' lang='lat' dir='ltr'>XXXVII.</span> <span class='ocrx_word' id='word_1_230' title='bbox 501 2640 579 2702; x_wconf 87' lang='lat' dir='ltr'><strong>haee</strong></span> <span class='ocrx_word' id='word_1_231' title='bbox 593 2642 671 2701; x_wconf 87' lang='lat' dir='ltr'><strong>inter</strong></span> <span class='ocrx_word' id='word_1_232' title='bbox 686 2657 721 2703; x_wconf 87' lang='lat' dir='ltr'><strong>se</strong></span> <span class='ocrx_word' id='word_1_233' title='bbox 735 2643 834 2718; x_wconf 91' lang='lat' dir='ltr'><strong>primo</strong></span> <span class='ocrx_word' id='word_1_234' title='bbox 849 2644 880 2706; x_wconf 89' lang='lat' dir='ltr'><strong>in</strong></span> <span class='ocrx_word' id='word_1_235' title='bbox 895 2644 1017 2706; x_wconf 71' lang='lat' dir='ltr'><strong>obeidis</strong></span> <span class='ocrx_word' id='word_1_236' title='bbox 1033 2650 1171 2705; x_wconf 90' lang='lat' dir='ltr'><strong>serentes</strong></span> 
     </span>
     <span class='ocr_line' id='line_1_30' title="bbox 190 2723 1172 2805; baseline 0 -19"><span class='ocrx_word' id='word_1_237' title='bbox 190 2727 334 2796; x_wconf 72' lang='lat' dir='ltr'><strong>tremere,</strong></span> <span class='ocrx_word' id='word_1_238' title='bbox 351 2723 463 2786; x_wconf 90' lang='lat' dir='ltr'><strong>deinde</strong></span> <span class='ocrx_word' id='word_1_239' title='bbox 474 2726 576 2787; x_wconf 90' lang='lat' dir='ltr'><strong>subito</strong></span> <span class='ocrx_word' id='word_1_240' title='bbox 587 2726 628 2786; x_wconf 88' lang='lat' dir='ltr'><strong>ad</strong></span> <span class='ocrx_word' id='word_1_241' title='bbox 639 2742 724 2788; x_wconf 90' lang='lat' dir='ltr'><strong>arma</strong></span> <span class='ocrx_word' id='word_1_242' title='bbox 735 2726 952 2791; x_wconf 84' lang='lat' dir='ltr'><strong>discmrerunt.</strong></span> <span class='ocrx_word' id='word_1_243' title='bbox 969 2744 1031 2805; x_wconf 93' lang='lat' dir='ltr'><strong>quo</strong></span> <span class='ocrx_word' id='word_1_244' title='bbox 1042 2727 1172 2789; x_wconf 90' lang='lat' dir='ltr'><strong>tumultu</strong></span> 
     </span>
    </p>
   </div>
   <div class='ocr_carea' id='block_1_7' title="bbox 190 2808 1292 2891">
    <p class='ocr_par' dir='ltr' id='par_1_7' title="bbox 190 2808 1292 2891">
     <span class='ocr_line' id='line_1_31' title="bbox 190 2808 1292 2891; baseline -0.001 -21"><span class='ocrx_word' id='word_1_245' title='bbox 190 2825 259 2870; x_wconf 89' lang='lat' dir='ltr'><strong>cum</strong></span> <span class='ocrx_word' id='word_1_246' title='bbox 272 2824 328 2884; x_wconf 88' lang='lat' dir='ltr'><strong>per</strong></span> <span class='ocrx_word' id='word_1_247' title='bbox 339 2824 375 2870; x_wconf 87' lang='lat' dir='ltr'><strong>ee</strong></span> <span class='ocrx_word' id='word_1_248' title='bbox 386 2809 462 2871; x_wconf 89' lang='lat' dir='ltr'><strong>satis</strong></span> <span class='ocrx_word' id='word_1_249' title='bbox 474 2808 618 2871; x_wconf 86' lang='lat' dir='ltr'><strong>irritatam</strong></span> <span class='ocrx_word' id='word_1_250' title='bbox 629 2810 849 2874; x_wconf 89' lang='lat' dir='ltr'><strong>multitudinem</strong></span> <span class='ocrx_word' id='word_1_251' title='bbox 863 2818 1001 2874; x_wconf 87' lang='lat' dir='ltr'><strong>cerneret</strong></span> <span class='ocrx_word' id='word_1_252' title='bbox 1011 2817 1170 2891; x_wconf 81' lang='lat' dir='ltr'><strong>tyrannus,</strong></span> <span class='ocrx_word' id='word_1_253' title='bbox 1291 2817 1292 2842; x_wconf 74' lang='lat'>³</span> 
     </span>
    </p>
   </div>
   <div class='ocr_carea' id='block_1_8' title="bbox 189 2894 1173 3139">
    <p class='ocr_par' dir='ltr' id='par_1_8' title="bbox 189 2894 1173 3139">
     <span class='ocr_line' id='line_1_32' title="bbox 190 2894 1173 2973; baseline 0.001 -20"><span class='ocrx_word' id='word_1_254' title='bbox 190 2894 365 2955; x_wconf 89' lang='lat' dir='ltr'><strong>contionem</strong></span> <span class='ocrx_word' id='word_1_255' title='bbox 379 2894 526 2956; x_wconf 87' lang='lat' dir='ltr'><strong>advocari</strong></span> <span class='ocrx_word' id='word_1_256' title='bbox 539 2894 639 2956; x_wconf 89' lang='lat' dir='ltr'><strong>iussit.</strong></span> <span class='ocrx_word' id='word_1_257' title='bbox 661 2894 714 2956; x_wconf 92' lang='lat' dir='ltr'><strong>ubi</strong></span> <span class='ocrx_word' id='word_1_258' title='bbox 729 2911 798 2958; x_wconf 89' lang='lat' dir='ltr'><strong>cum</strong></span> <span class='ocrx_word' id='word_1_259' title='bbox 809 2911 847 2956; x_wconf 90' lang='lat' dir='ltr'><strong>ea</strong></span> <span class='ocrx_word' id='word_1_260' title='bbox 859 2913 939 2972; x_wconf 91' lang='lat' dir='ltr'><strong>quae</strong></span> <span class='ocrx_word' id='word_1_261' title='bbox 949 2897 1173 2973; x_wconf 87' lang='lat' dir='ltr'><strong>imperarentur</strong></span> 
     </span>
     <span class='ocr_line' id='line_1_33' title="bbox 189 2977 1173 3057; baseline 0.001 -20"><span class='ocrx_word' id='word_1_262' title='bbox 189 2977 229 3037; x_wconf 90' lang='lat' dir='ltr'><strong>ab</strong></span> <span class='ocrx_word' id='word_1_263' title='bbox 248 2977 396 3039; x_wconf 89' lang='lat' dir='ltr'><strong>Romanis</strong></span> <span class='ocrx_word' id='word_1_264' title='bbox 422 2978 636 3053; x_wconf 87' lang='lat' dir='ltr'><strong>exposuisset,</strong></span> <span class='ocrx_word' id='word_1_265' title='bbox 664 2985 696 3040; x_wconf 90' lang='lat' dir='ltr'><strong>et</strong></span> <span class='ocrx_word' id='word_1_266' title='bbox 714 2979 857 3055; x_wconf 78' lang='lat' dir='ltr'><strong>graviora</strong></span> <span class='ocrx_word' id='word_1_267' title='bbox 881 2986 974 3056; x_wconf 87' lang='lat' dir='ltr'><strong>atque</strong></span> <span class='ocrx_word' id='word_1_268' title='bbox 999 2979 1173 3057; x_wconf 78' lang='lat' dir='ltr'><strong>indigniora</strong></span> 
     </span>
     <span class='ocr_line' id='line_1_34' title="bbox 191 3060 1172 3139; baseline 0.002 -18"><span class='ocrx_word' id='word_1_269' title='bbox 191 3060 343 3138; x_wconf 86' lang='lat' dir='ltr'><strong>quaedam</strong></span> <span class='ocrx_word' id='word_1_270' title='bbox 357 3063 435 3123; x_wconf 82' lang='lat' dir='ltr'><strong>falso</strong></span> <span class='ocrx_word' id='word_1_271' title='bbox 451 3063 647 3138; x_wconf 78' lang='lat' dir='ltr'><strong>adduxisset,</strong></span> <span class='ocrx_word' id='word_1_272' title='bbox 667 3069 697 3124; x_wconf 88' lang='lat' dir='ltr'><strong>et</strong></span> <span class='ocrx_word' id='word_1_273' title='bbox 711 3063 751 3125; x_wconf 94' lang='lat' dir='ltr'><strong>ad</strong></span> <span class='ocrx_word' id='word_1_274' title='bbox 766 3063 886 3139; x_wconf 79' lang='lat' dir='ltr'><strong>singula</strong></span> <span class='ocrx_word' id='word_1_275' title='bbox 900 3080 981 3125; x_wconf 90' lang='lat' dir='ltr'><strong>nunc</strong></span> <span class='ocrx_word' id='word_1_276' title='bbox 996 3064 1036 3124; x_wconf 93' lang='lat' dir='ltr'><strong>ab</strong></span> <span class='ocrx_word' id='word_1_277' title='bbox 1049 3063 1172 3126; x_wconf 88' lang='lat' dir='ltr'><strong>univcr-</strong></span> 
     </span>
    </p>
   </div>
   <div class='ocr_carea' id='block_1_9' title="bbox 189 3143 1294 3559">
    <p class='ocr_par' dir='ltr' id='par_1_9' title="bbox 189 3143 1294 3559">
     <span class='ocr_line' id='line_1_35' title="bbox 189 3143 1294 3225; baseline 0.001 -20"><span class='ocrx_word' id='word_1_278' title='bbox 189 3145 234 3205; x_wconf 91' lang='lat' dir='ltr'><strong>sis</strong></span> <span class='ocrx_word' id='word_1_279' title='bbox 254 3161 336 3206; x_wconf 89' lang='lat' dir='ltr'><strong>nune</strong></span> <span class='ocrx_word' id='word_1_280' title='bbox 350 3162 370 3206; x_wconf 89' lang='lat' dir='ltr'><strong>a</strong></span> <span class='ocrx_word' id='word_1_281' title='bbox 383 3146 520 3223; x_wconf 89' lang='lat' dir='ltr'><strong>partibus</strong></span> <span class='ocrx_word' id='word_1_282' title='bbox 543 3146 695 3209; x_wconf 86' lang='lat' dir='ltr'><strong>contionis</strong></span> <span class='ocrx_word' id='word_1_283' title='bbox 710 3150 943 3225; x_wconf 85' lang='lat' dir='ltr'><strong>acclamaretur,</strong></span> <span class='ocrx_word' id='word_1_284' title='bbox 964 3146 1173 3224; x_wconf 79' lang='lat' dir='ltr'><strong>interrogavit,</strong></span> <span class='ocrx_word' id='word_1_285' title='bbox 1293 3143 1294 3146; x_wconf 73' lang='grc'>’</span> 
     </span>
     <span class='ocr_line' id='line_1_36' title="bbox 190 3228 1293 3308; baseline 0.001 -18"><span class='ocrx_word' id='word_1_286' title='bbox 190 3228 265 3304; x_wconf 87' lang='lat' dir='ltr'><strong>qnid</strong></span> <span class='ocrx_word' id='word_1_287' title='bbox 285 3246 321 3291; x_wconf 88' lang='lat' dir='ltr'><strong>se</strong></span> <span class='ocrx_word' id='word_1_288' title='bbox 335 3231 528 3306; x_wconf 88' lang='lat' dir='ltr'><strong>respondere</strong></span> <span class='ocrx_word' id='word_1_289' title='bbox 543 3231 583 3291; x_wconf 88' lang='lat' dir='ltr'><strong>ad</strong></span> <span class='ocrx_word' id='word_1_290' title='bbox 598 3246 635 3290; x_wconf 90' lang='lat' dir='ltr'><strong>ea</strong></span> <span class='ocrx_word' id='word_1_291' title='bbox 649 3238 703 3292; x_wconf 89' lang='lat' dir='ltr'><strong>aut</strong></span> <span class='ocrx_word' id='word_1_292' title='bbox 717 3231 791 3308; x_wconf 88' lang='lat' dir='ltr'><strong>quid</strong></span> <span class='ocrx_word' id='word_1_293' title='bbox 807 3232 909 3294; x_wconf 87' lang='lat' dir='ltr'><strong>lacere</strong></span> <span class='ocrx_word' id='word_1_294' title='bbox 923 3233 1045 3294; x_wconf 90' lang='lat' dir='ltr'><strong>vellent.</strong></span> <span class='ocrx_word' id='word_1_295' title='bbox 1072 3246 1173 3308; x_wconf 89' lang='lat' dir='ltr'><strong>prope</strong></span> <span class='ocrx_word' id='word_1_296' title='bbox 1291 3287 1293 3302; x_wconf 30' lang='lat' dir='ltr'>f</span> 
     </span>
     <span class='ocr_line' id='line_1_37' title="bbox 189 3314 1174 3393; baseline 0 -19"><span class='ocrx_word' id='word_1_297' title='bbox 189 3328 251 3374; x_wconf 91' lang='lat' dir='ltr'><strong>una</strong></span> <span class='ocrx_word' id='word_1_298' title='bbox 264 3330 344 3375; x_wconf 89' lang='lat' dir='ltr'><strong>voce</strong></span> <span class='ocrx_word' id='word_1_299' title='bbox 355 3330 462 3375; x_wconf 90' lang='lat' dir='ltr'><strong>omnes</strong></span> <span class='ocrx_word' id='word_1_300' title='bbox 475 3314 549 3374; x_wconf 90' lang='lat' dir='ltr'><strong>nihil</strong></span> <span class='ocrx_word' id='word_1_301' title='bbox 559 3315 751 3390; x_wconf 88' lang='lat' dir='ltr'><strong>respondere</strong></span> <span class='ocrx_word' id='word_1_302' title='bbox 762 3322 793 3377; x_wconf 88' lang='lat' dir='ltr'><strong>et</strong></span> <span class='ocrx_word' id='word_1_303' title='bbox 803 3317 916 3379; x_wconf 89' lang='lat' dir='ltr'><strong>bellum</strong></span> <span class='ocrx_word' id='word_1_304' title='bbox 927 3316 993 3393; x_wconf 79' lang='lat' dir='ltr'><strong>geri</strong></span> <span class='ocrx_word' id='word_1_305' title='bbox 1004 3316 1174 3378; x_wconf 82' lang='lat' dir='ltr'><strong>iusserunt</strong></span> 
     </span>
     <span class='ocr_line' id='line_1_38' title="bbox 190 3397 1173 3474; baseline 0 -16"><span class='ocrx_word' id='word_1_306' title='bbox 190 3403 221 3458; x_wconf 89' lang='lat' dir='ltr'><strong>et</strong></span> <span class='ocrx_word' id='word_1_307' title='bbox 234 3413 291 3474; x_wconf 91' lang='lat' dir='ltr'><strong>pro</strong></span> <span class='ocrx_word' id='word_1_308' title='bbox 307 3413 342 3459; x_wconf 93' lang='lat' dir='ltr'><strong>se</strong></span> <span class='ocrx_word' id='word_1_309' title='bbox 357 3398 500 3474; x_wconf 89' lang='lat' dir='ltr'><strong>quisque,</strong></span> <span class='ocrx_word' id='word_1_310' title='bbox 517 3399 620 3473; x_wconf 86' lang='lat' dir='ltr'><strong>qualia</strong></span> <span class='ocrx_word' id='word_1_311' title='bbox 632 3397 793 3461; x_wconf 89' lang='lat' dir='ltr'><strong>multitudo</strong></span> <span class='ocrx_word' id='word_1_312' title='bbox 804 3400 891 3474; x_wconf 84' lang='lat' dir='ltr'><strong>solet,</strong></span> <span class='ocrx_word' id='word_1_313' title='bbox 908 3400 1023 3462; x_wconf 93' lang='lat' dir='ltr'><strong>bonum</strong></span> <span class='ocrx_word' id='word_1_314' title='bbox 1036 3398 1173 3461; x_wconf 89' lang='lat' dir='ltr'><strong>animum</strong></span> 
     </span>
     <span class='ocr_line' id='line_1_39' title="bbox 190 3478 1291 3559; baseline 0.005 -19"><span class='ocrx_word' id='word_1_315' title='bbox 190 3478 303 3543; x_wconf 79' lang='lat' dir='ltr'><strong>babere</strong></span> <span class='ocrx_word' id='word_1_316' title='bbox 318 3488 349 3544; x_wconf 89' lang='lat' dir='ltr'><strong>et</strong></span> <span class='ocrx_word' id='word_1_317' title='bbox 362 3482 442 3543; x_wconf 93' lang='lat' dir='ltr'><strong>bene</strong></span> <span class='ocrx_word' id='word_1_318' title='bbox 456 3496 584 3559; x_wconf 87' lang='lat' dir='ltr'><strong>sperare</strong></span> <span class='ocrx_word' id='word_1_319' title='bbox 597 3483 747 3558; x_wconf 88' lang='lat' dir='ltr'><strong>iubentes,</strong></span> <span class='ocrx_word' id='word_1_320' title='bbox 761 3483 849 3544; x_wconf 81' lang='lat' dir='ltr'><strong>sortis</strong></span> <span class='ocrx_word' id='word_1_321' title='bbox 863 3484 1015 3546; x_wconf 79' lang='lat' dir='ltr'><strong>fortunam</strong></span> <span class='ocrx_word' id='word_1_322' title='bbox 1026 3482 1175 3544; x_wconf 86' lang='lat' dir='ltr'><strong>adiuvare</strong></span> <span class='ocrx_word' id='word_1_323' title='bbox 1290 3489 1291 3546; x_wconf 70' lang='grc' dir='ltr'>Ξ</span> 
     </span>
    </p>
   </div>
   <div class='ocr_carea' id='block_1_10' title="bbox 0 0 1311 4000">
    <p class='ocr_par' dir='ltr' id='par_1_10' title="bbox 0 0 1311 4000">
     <span class='ocr_line' id='line_1_40' title="bbox 0 0 1311 4000; baseline 0 0"><span class='ocrx_word' id='word_1_324' title='bbox 0 0 1311 4000; x_wconf 95' lang='lat' dir='ltr'><strong> </strong></span> 
     </span>
    </p>
   </div>
  </div>
 </body>
</html>
