2600 4000
317 211 433 273 LtBER
446 211 581 273 xxxtv.
605 210 689 271 cul).
703 220 747 274 st.
770 218 806 285 [a.
819 217 850 271 c,
862 218 923 284 195]
1046 210 1106 274 151

129 370 288 443 temporat
308 379 360 424 res
380 362 452 423 mihi
474 362 627 437 duplicem
649 361 858 423 defensionem
874 363 1015 437 praebet:
1037 380 1106 423 nam

129 459 160 513 et
173 449 251 528 ipsis
265 447 447 508 vocantibus
462 463 499 507 ac
512 446 702 507 tradentibus
716 445 825 506 urbem
836 460 903 505 eam
915 446 1029 521 accepi,
1045 464 1105 509 non

129 531 298 608 occupavi;
331 537 361 590 et
382 531 488 605 accepi
509 530 615 591 urbem
636 545 706 591 cum
724 528 856 604 Philippi
875 529 1019 605 partium,
1045 546 1105 591 non

128 618 159 678 iu
179 622 283 676 vestra
303 613 451 676 societate
472 620 564 675 esset.
599 621 722 689 tempus
743 620 843 673 autem
864 628 901 672 eo
922 627 971 672 me
990 612 1106 688 liberat,

130 700 216 776 quod
237 714 305 759 curn
325 702 385 758 lam
398 701 500 773 Argos
520 697 679 772 haberem,
702 696 835 758 societas
854 696 927 755 mihi
947 695 1107 758 vobiscum

130 782 288 853 eonvenit3
313 789 344 842 et
358 788 392 842 ut
403 781 492 842 vobis
507 781 655 842 mitterem
670 780 710 841 ad
724 780 837 841 bellum
852 780 980 856 auxilia,
1000 796 1062 842 uon
1078 789 1108 843 ut

128 867 222 942 Argis
236 866 425 941 praesidium
440 867 623 926 deducerem
639 863 810 940 pepigistis.
843 870 874 924 at
887 864 1010 925 hercule
1025 863 1056 924 in
1070 880 1108 925 ea

106 1012 111 1019 ,
130 949 341 1012 controversia
356 964 434 1025 quae
449 950 488 1009 de
499 949 591 1024 Argis
606 956 662 1022 est,
679 946 819 1024 superior
833 963 901 1009 sum
915 954 946 1008 et
956 949 1108 1024 aequitate

129 1036 181 1105 rei,
199 1034 284 1111 quod
298 1049 359 1094 non
374 1039 508 1094 vestram
522 1032 641 1108 urbem,
663 1034 720 1093 sed
733 1031 881 1108 hostium,
903 1033 987 1108 quod
1002 1033 1106 1093 volen-

132 1123 204 1192 tem,
221 1133 283 1179 noa
298 1117 329 1177 vi
343 1123 480 1177 coactam
494 1118 615 1192 accepi,
631 1122 661 1176 et
675 1122 779 1177 vestro
793 1118 1005 1193 confessione,
1023 1118 1107 1192 quod

130 1203 159 1263 in
182 1200 414 1263 condicionibus
435 1200 591 1263 societatis
610 1200 715 1275 Argos
735 1198 809 1260 mihi
828 1199 1004 1276 reliquistis.
1027 1207 1106 1263 cete-

128 1302 195 1346 rum
210 1300 321 1347 nomen
336 1285 458 1364 tyranni
473 1292 503 1345 et
516 1286 595 1346 lactu
609 1301 659 1344 me
673 1290 829 1360 premunt,
844 1285 930 1360 quod
943 1299 1052 1346 servos
1067 1284 1106 1345 ad

129 1371 296 1430 libertatem
317 1384 412 1444 voco,
433 1369 517 1444 quod
531 1367 561 1427 in
582 1384 674 1444 agros
697 1368 820 1443 inopem
840 1369 960 1444 plebem
976 1368 1106 1431 deduco.

129 1454 169 1512 de
190 1453 312 1514 nomine
332 1452 392 1513 hoc
412 1453 603 1529 respondere
623 1468 768 1528 possum,
794 1468 858 1527 me,
884 1454 1107 1529 qualiscunque

129 1552 213 1611 sum,
236 1552 304 1596 eurn
326 1551 397 1597 esse
416 1537 469 1612 qui
483 1537 540 1612 tui,
563 1552 631 1597 eum
645 1537 760 1612 tuipse
774 1551 907 1612 mecum,
928 1537 961 1596 T.
977 1535 1106 1610 Quincti,

130 1620 306 1679 societatem
320 1619 475 1697 pepigisti.
498 1627 561 1682 tum
574 1636 625 1681 me
637 1635 742 1695 regem
752 1620 901 1695 appellari
916 1618 1033 1679 anobis
1045 1634 1107 1679 me·

130 1703 228 1778 mini,
239 1719 319 1764 nunc
332 1712 496 1784 tyrannum
509 1704 615 1765 vocari
629 1705 731 1764 video.
762 1703 866 1776 itaque
881 1703 908 1764 si
922 1716 980 1776 ego
995 1715 1105 1764 nomen

128 1786 246 1861 imperii
260 1794 435 1863 mutassem,
449 1788 522 1848 mihi
536 1803 623 1849 meae
637 1786 868 1861 inconstantiae,
886 1800 955 1846 cum
969 1802 1028 1847 vos
1042 1802 1105 1847 mu·

128 1870 212 1945 tetis,
226 1871 318 1933 vobis
333 1880 455 1932 vestrae
468 1871 628 1931 reddenda
641 1870 719 1932 ratio
735 1875 792 1930 est.
824 1870 908 1946 quod
921 1870 961 1929 ad
976 1869 1105 1931 multitu·

129 1954 229 2015 dinem
258 1954 359 2017 servis
386 1953 553 2015 liberandis
585 1960 705 2016 auctam
732 1960 761 2016 et
788 1954 947 2031 egentibus
976 1953 1105 2016 divisun.

127 2054 235 2113 agrum
250 2038 364 2108 attinet,
380 2052 510 2111 possum
525 2036 648 2111 quidem
663 2045 695 2097 et
706 2038 737 2097 in
751 2037 812 2098 hoc
826 2054 874 2098 me
884 2039 949 2099 iure
960 2039 1106 2115 temporis

127 2121 228 2181 tutari.
254 2120 314 2179 ium
329 2120 461 2179 feceram
474 2118 566 2192 haec,
582 2120 816 2194 qualiacumque
830 2128 910 2193 sunt,
926 2137 995 2181 cum
1009 2122 1106 2182 socie·

128 2211 221 2265 tatem
242 2216 362 2261 mecum
383 2201 543 2277 pepigistis
559 2207 590 2261 et
603 2202 717 2262 auxilia
731 2202 761 2261 in
778 2201 859 2263 bello
874 2203 1026 2263 adversus
1038 2202 1107 2263 Phi-

127 2287 244 2361 lippum
255 2284 428 2361 accepistis.
451 2285 850 2362 sedsinuncealecissem,
865 2285 1018 2360 condico,
1034 2286 1108 2362 quid

126 2370 157 2430 in
172 2384 210 2429 ec
225 2385 283 2429 vos
299 2370 458 2430 laesissem
473 2376 525 2430 aut
535 2375 668 2430 vestram
679 2369 839 2430 amicitiam
850 2369 1038 2432 violassemt
1051 2370 1107 2430 sed

127 2453 211 2528 illud,
226 2467 275 2513 me
289 2468 374 2515 more
389 2459 481 2529 atque
495 2453 631 2515 instituto
647 2453 795 2514 maiorum
809 2453 931 2515 iecisse.
959 2453 1053 2515 nolite
1068 2454 1107 2514 ad

128 2544 248 2598 vestras
274 2539 359 2613 leges
379 2544 472 2613 atque
493 2536 630 2599 instituta
650 2538 776 2614 exigere
796 2553 833 2598 ee
854 2554 934 2614 quae
952 2536 1107 2599 Lacedae·

127 2636 218 2680 mone
236 2620 321 2681 dunt.
349 2620 423 2681 nihil
444 2636 624 2696 comparare
646 2622 768 2697 singula
781 2637 912 2683 necesse
927 2628 983 2684 est.
1015 2637 1109 2684 vosa

126 2718 224 2763 censu
243 2703 392 2778 equitem,
415 2721 434 2764 a
455 2720 551 2765 censu
569 2705 704 2780 peditem
725 2705 840 2780 legitis;
869 2713 900 2767 et
920 2721 1038 2781 paucos
1053 2721 1107 2765 ex·

128 2785 240 2847 cellere
257 2786 377 2861 opibus,
393 2787 513 2861 plebem
528 2788 697 2848 subiectam
712 2803 784 2849 esse
798 2789 857 2849 illis
871 2790 972 2849 vultis.
1002 2796 1108 2850 noster

126 2871 228 2945 legum
249 2872 328 2930 lator
347 2886 409 2931 non
431 2870 460 2928 in
474 2886 643 2945 paucorum
663 2887 757 2932 manu
777 2888 842 2933 rem
862 2873 1015 2947 publicem
1036 2888 1108 2933 esse

125 2952 230 3028 voluit,
247 2968 338 3029 quem
352 2970 411 3015 vos
425 2960 563 3016 senatum
578 2955 756 3031 appellatis,
776 2970 834 3016 nec
848 2956 1000 3017 excellere
1014 2973 1107 3018 unum

126 3042 179 3097 aut
193 3037 320 3099 alterum
336 3037 475 3099 ordinem
489 3038 520 3098 in
536 3038 673 3110 civitate3
688 3039 745 3100 sed
756 3040 1036 3116 peraequationem
1047 3041 1107 3101 lor·

127 3127 219 3181 tunae
234 3137 271 3182 oc
287 3121 442 3197 dignitatis
457 3123 524 3183 iore
538 3122 668 3184 credidit
680 3129 716 3185 ut
728 3123 813 3185 molti
828 3131 941 3199 essent,
958 3123 1010 3199 qui
1024 3140 1109 3185 arma

127 3219 183 3277 pre
203 3206 302 3280 patria
325 3206 449 3271 terrent.
481 3207 620 3283 pluribus
635 3222 685 3268 me
699 3208 812 3283 etipse
826 3207 930 3284 egisse
944 3224 1036 3283 quarn
1051 3224 1107 3284 pro

126 3289 225 3361 patrio
249 3305 392 3352 sermone
407 3290 588 3365 [brevitatis]
605 3293 711 3352 fateor.
745 3300 774 3353 et
787 3292 920 3354 breviter
935 3299 1110 3367 peroratum

125 3386 195 3431 esse
211 3374 307 3447 potuit
317 3372 390 3433 nillil
403 3390 460 3447 me,
469 3381 633 3450 postquam
644 3374 805 3437 vobiscum
817 3376 930 3437 institui
938 3373 1110 3448 amicitiam,

126 3470 181 3514 cur
197 3454 263 3515 eius
276 3472 334 3516 vos
350 3458 519 3532 paeniteret
532 3457 755 3519 commisisse.“
