2600 4000
224 231 266 295 oo
363 228 619 292 nunaxxxiu.
642 227 1050 304 chP.1o.1o.[s.1J.c.aeo1

223 384 368 447 victoriae
380 397 466 458 spem
477 382 628 442 tereiana
650 385 807 454 postremo
819 378 892 453 luga
903 384 1073 440 ceterorum
1083 382 1197 456 nudati,

224 485 293 530 cum
315 468 395 528 duae
414 466 475 527 iam
494 464 577 525 acies
591 462 725 524 hostium
739 476 779 522 ex
792 462 931 533 diverso,
953 463 1031 524 levis
1045 473 1198 527 armatura

222 553 261 613 ab
280 552 390 624 latere,
412 548 533 626 clipeati
554 545 741 621 caetratique
755 562 774 605 a
788 547 888 608 ircnte
907 554 1065 623 ingerent,
1086 555 1117 610 et
1137 548 1197 626 ipsi

222 652 256 697 re
270 635 413 696 inclinata
433 634 531 708 primo
545 632 689 693 rettulere
703 629 828 705 pedem,
849 628 961 690 deinde
973 628 1097 707 impulsi
1111 639 1197 709 terga

220 725 355 793 vertunt,
378 725 408 779 et
421 716 561 793 plerique
580 713 708 796 abiectis
729 713 836 787 armis,
858 714 941 774 nulla
954 730 1012 789 spe
1026 722 1195 779 castrorum

139 832 143 838 v
221 803 421 864 tenendorum
435 800 550 874 relicta,
565 797 740 860 corinthum
754 797 912 872 petierunt.
944 797 1103 860 Niceratus
1117 817 1196 862 mer·

221 886 372 947 cannariis
387 882 531 945 militibus
546 883 587 944 ad
599 882 658 943 hos
671 882 923 957 persequendos,
937 880 1091 957 equitibus
1103 884 1196 946 Thra·
1297 875 1298 892 ¹

221 985 353 1046 cumque
373 967 493 1029 auxiliis
514 966 544 1026 in
564 966 765 1041 populatores
781 964 846 1040 agri
861 964 999 1042 Sicyonii
1013 965 1118 1029 missis
1132 985 1195 1029 ma-

220 1068 311 1126 gnam
325 1051 367 1113 ibi
382 1066 506 1128 quoque
522 1051 648 1110 caedem
661 1048 769 1122 edidit,
784 1049 931 1109 maiorem
945 1065 1045 1126 prope
1059 1068 1150 1126 quam
1164 1052 1195 1113 in

219 1135 338 1211 proelio
352 1136 432 1211 ipso.
460 1150 499 1195 ex
512 1133 550 1194 iis
566 1147 691 1210 quoque
705 1134 757 1208 qui
770 1131 913 1193 Pellenen
927 1133 1126 1211 Phliuntaque
1142 1137 1194 1198 de
1297 1157 1298 1160 ¹

173 1243 178 1251 ·
219 1220 358 1296 populati
379 1225 479 1293 erant,
500 1216 695 1292 incompositi
709 1216 818 1292 partim
833 1218 1033 1294 omniumque
1041 1217 1140 1292 ignari
1154 1220 1195 1280 ad

220 1310 321 1365 castra
333 1309 532 1374 revertentes,
547 1301 578 1361 in
593 1301 728 1362 hostium
743 1300 891 1361 stationes
905 1308 1058 1377 tamquam
1072 1301 1104 1361 in
1118 1318 1194 1363 suae·

218 1385 291 1447 illati
306 1394 388 1455 sunt;
410 1386 520 1463 partim
534 1400 574 1445 ex
588 1385 732 1445 discursu
745 1386 778 1445 id
792 1385 877 1460 quod
893 1391 958 1446 erat
971 1385 1133 1461 suspicati,
1151 1385 1195 1447 ita

218 1485 254 1530 se
267 1471 298 1530 in
313 1472 416 1546 lugam
430 1469 547 1547 passim
561 1476 752 1545 sparserant,
768 1474 802 1529 ut
816 1469 854 1529 ab
868 1468 947 1545 ipsis
961 1468 1132 1545 amestibus
1146 1484 1193 1531 er·

216 1561 320 1615 rantes
336 1551 633 1616 circumvenirentur.
660 1552 836 1614 ceciderunt
849 1569 887 1614 eo
902 1554 953 1614 die
966 1553 1048 1613 mille
1062 1560 1092 1614 et
1107 1553 1193 1630 quin·

216 1639 308 1712 genti,
325 1638 407 1714 capti
420 1636 555 1699 trecenti.
575 1635 695 1698 Achaia
709 1637 808 1698 omnis
821 1652 932 1711 magna
944 1637 1071 1699 liberata
1084 1643 1176 1699 metu.

299 1723 380 1783 XVI.
407 1721 589 1797 Priusquam
610 1721 803 1781 dimicaretur
823 1721 863 1781 ad
878 1721 1145 1800 Cynoscephalas,
1158 1722 1193 1782 L.

217 1804 373 1880 Quinctius
389 1806 553 1885 Corcyram
567 1803 676 1866 excitis
689 1807 884 1866 Acarnanum
899 1804 1098 1882 principibus,
1113 1821 1193 1882 quae

217 1890 284 1949 sola
298 1888 445 1949 Graeciae
458 1890 591 1964 gentium
605 1889 636 1948 in
652 1889 798 1949 societate
812 1888 1016 1950 Macedonum
1029 1897 1191 1965 manserat,

216 1971 332 2035 uitium
357 1973 513 2050 quoddam
539 1971 583 2032 ibi
602 1977 703 2034 motus
724 1973 805 2034 iecit.
840 1973 920 2035 duae
941 1979 1042 2035 autern
1061 1973 1193 2036 maxime

215 2070 329 2119 causae
350 2073 406 2121 eos
426 2063 583 2120 tenuerant
603 2056 632 2116 in
655 2057 786 2118 amicitia
804 2057 902 2132 regis,
914 2074 984 2118 una
1003 2059 1083 2120 tides
1102 2058 1193 2120 insita

213 2141 304 2216 genti,
319 2142 415 2203 altera
427 2148 527 2203 metus
543 2141 709 2217 odiumque
722 2141 909 2203 Aetolorum.
936 2142 1099 2204 concilium
1111 2142 1190 2203 Leu-

213 2226 321 2286 cadem
336 2226 481 2288 indictum
495 2231 550 2287 est.
585 2240 622 2285 eo
637 2239 739 2302 neque
754 2226 853 2286 cuncti
869 2240 1042 2287 convenere
1055 2226 1191 2288 Acarna-

214 2325 284 2370 num
298 2310 416 2385 populi,
431 2326 488 2371 nec
502 2309 541 2370 iis
556 2309 608 2386 qui
623 2315 830 2370 convenerant
842 2307 923 2369 idern
938 2309 1061 2386 placuit.
1090 2310 1147 2371 sed
1160 2316 1192 2371 et

212 2392 369 2467 principes
391 2399 421 2453 et
433 2393 628 2467 magistratus
642 2392 851 2468 pervicerunt,
871 2400 904 2454 ut
918 2393 1069 2469 privatum
1083 2393 1190 2455 decre-

212 2481 274 2535 tum
294 2476 452 2535 Romanae
470 2475 625 2536 societatis
645 2475 742 2535 lieret.
777 2476 808 2537 id
829 2492 934 2538 omnes
957 2477 1009 2551 qui
1029 2475 1191 2539 abluerant

211 2571 303 2630 aegre
326 2557 430 2631 passi,
458 2565 489 2619 et
508 2557 539 2617 iu
559 2558 619 2619 hoc
640 2559 761 2621 fremitu
780 2561 879 2635 gentis
900 2577 920 2620 a
938 2559 1078 2634 Philippo
1100 2560 1189 2621 missi

211 2640 272 2700 duo
296 2639 452 2715 principes
466 2641 660 2702 Acarnanum
673 2643 846 2705 Androcles
868 2651 898 2707 et
909 2643 1104 2705 Echedemus
1124 2660 1189 2705 uon

211 2723 251 2783 ad
272 2723 441 2785 tollendum
460 2726 553 2786 modo
575 2726 731 2787 decretum
743 2729 901 2789 Romanae
915 2724 1071 2789 societatis
1082 2729 1188 2790 velue»

209 2812 293 2881 runt,
315 2808 482 2869 sedetiam
502 2817 537 2871 ut
547 2809 719 2872 Archelaus
740 2818 771 2872 et
783 2810 897 2872 Bianor
916 2811 1074 2888 principes
1088 2811 1188 2887 gentis

209 2890 309 2965 ambo,
325 2892 409 2966 quod
427 2900 569 2955 auctores
584 2893 651 2956 eius
667 2895 836 2957 sententiae
847 2893 987 2971 luissent,
1002 2894 1187 2970 proditionis

207 2990 238 3032 tn
254 2975 384 3036 concilio
397 2976 621 3052 damnarentur,
637 2978 833 3041 etZeuxidae
842 2977 987 3056 praetori,
1003 2978 1088 3055 quod
1098 2978 1138 3038 de
1150 2994 1189 3039 ea

206 3072 241 3116 re
251 3059 426 3134 rettulisset,
442 3059 602 3137 imperium
613 3062 821 3138 abrogaretur
841 3078 907 3124 rem
918 3062 1117 3135 temerariam
1129 3062 1189 3124 sed

207 3145 319 3202 eventu
331 3158 514 3218 prosperam
524 3145 658 3206 damnati
673 3146 818 3208 iecerunt
840 3146 1041 3209 suadentibus
1051 3160 1189 3222 namque

206 3223 327 3296 amicis,
350 3226 494 3287 cederent
512 3228 641 3303 tempori
662 3237 693 3290 et
708 3229 872 3309 corcyram
893 3232 934 3292 ad
946 3232 1105 3293 Romanos
1122 3229 1187 3291 abi·

204 3311 280 3378 rent,
297 3313 467 3369 statuerunt
477 3309 589 3371 offerre
600 3327 635 3373 se
646 3313 837 3389 multitudini,
854 3322 884 3376 et
895 3321 949 3376 aut
958 3331 996 3376 eo
1006 3315 1078 3391 ipso
1090 3313 1187 3375 lenire

205 3388 266 3451 iras
287 3397 340 3452 aut
359 3393 424 3469 pati
440 3394 525 3468 quod
540 3411 631 3457 casus
647 3396 777 3460 tulisset.
810 3414 880 3460 curn
894 3414 930 3459 se
944 3398 1097 3475 frequenti
1111 3412 1181 3459 cou-

205 3473 274 3537 cillo
289 3473 475 3551 intulissent,
497 3476 594 3554 primo
609 3496 744 3542 murmur
758 3497 794 3541 ac
809 3480 947 3543 tremitum
961 3481 1183 3544 admirantium
