2600 4000
270 223 387 290 blatta
397 224 558 286 XXXVIII.
582 224 664 286 CAP.
679 232 744 286 Η.
766 232 804 300 [a
818 232 849 282 O·
863 234 927 302 tea]
1024 226 1088 293 319

101 383 194 445 simui
207 381 240 443 iu
253 376 466 443 Athamaniam
478 378 567 440 redit.
593 378 753 439 Xenonem
767 375 838 437 inde
853 393 922 438 cum
936 377 1018 441 mitte
1031 398 1085 458 pe.

101 465 218 528 ditibus
235 464 439 542 praemissum
452 459 615 539 Ethopiam
630 476 785 536 occupare
800 459 897 536 iubet,
913 471 1086 537 opportune

100 549 269 625 Argitheae
288 547 508 616 imminentem
537 561 628 623 quem
647 544 701 606 ubi
721 542 818 607 teneri
839 544 879 605 ab
899 545 965 605 suis
985 548 1085 609 locum

100 632 193 705 vidit,
214 634 284 709 ipse
303 631 387 692 circa
406 632 552 707 tempium
566 630 649 692 lovis
663 629 774 690 Acraei
788 627 894 703 posuit
908 637 1019 692 castra.
1043 631 1084 692 ibi
1176 640 1178 643 ’

102 734 196 779 unum
212 715 293 778 diem
304 715 398 777 ioeda
410 720 592 790 tempestate
605 719 752 789 retentus,
767 718 894 789 postero
910 713 960 774 die
971 715 1086 776 ducere

103 801 144 862 ad
150 799 328 876 Argitheam
339 798 476 861 intendit.
492 797 635 860 euntibus
642 799 798 873 extemplo
810 813 985 874 apparuere
992 798 1084 861 Atha·

101 899 209 947 manes
224 882 256 944 in
269 884 404 946 tumulos
425 881 608 943 imminentis
622 881 692 943 viae
707 879 926 945 discurrentes.
953 883 994 944 ad
1008 899 1083 959 quo·

101 985 170 1030 rum
185 974 388 1044 conspectum
405 966 570 1029 constitere
584 965 682 1041 prima
697 966 801 1042 signa,
821 973 950 1042 totoque
963 967 1085 1044 agmine
1190 1023 1196 1030 .

100 1069 200 1130 pavor
213 1060 244 1114 et
257 1049 420 1128 trepidatio
434 1057 515 1122 erat;
536 1058 567 1113 et
580 1066 637 1126 pro
652 1065 688 1112 se
703 1048 837 1126 quisque
848 1050 994 1126 quidnam
1007 1053 1071 1113 tutu

100 1153 168 1198 rum
183 1133 438 1212 esset'cogitare,
459 1135 486 1195 si
501 1134 532 1195 in
548 1135 646 1195 valles
661 1134 816 1197 subiectas
829 1135 959 1212 rupibus
974 1150 1084 1212 agmen

94 1222 181 1284 toret
194 1219 373 1285 demissum.
395 1220 472 1280 baec
487 1217 678 1281 tumultuatio
692 1234 797 1293 regem
808 1218 991 1296 cupIentem,
1006 1219 1085 1281 sisa

102 1309 320 1381 sequerentur,
339 1300 452 1380 raptim
465 1303 599 1364 evadere
613 1303 786 1379 angustias,
805 1318 954 1365 revocare
968 1302 1084 1382 primos

2 1405 3 1410 ¹
100 1396 133 1451 et
152 1389 262 1449 eadem
282 1402 344 1464 qua
363 1394 491 1449 venerat
503 1386 555 1448 vla
567 1385 683 1449 reterre
698 1387 805 1463 coegit
812 1388 910 1464 signa.
939 1388 1082 1450 Athama·

102 1483 159 1534 nes
180 1471 278 1548 primo
300 1486 340 1532 ex
363 1470 523 1534 intervallo
544 1471 638 1547 quieti
661 1473 883 1549 sequebantur:
916 1477 1083 1549 postquam

101 1557 202 1618 Aetoli
216 1571 253 1617 se
267 1553 500 1634 coniunxerunt,
515 1556 583 1632 hos,
599 1563 632 1618 ut
645 1557 685 1617 ab
699 1563 786 1633 tergo
801 1555 914 1632 agmini
928 1555 1084 1628 instarent,

100 1641 304 1717 reliquerunt,
326 1640 387 1717 ipsi
401 1641 440 1702 ab
454 1640 601 1703 lateribus
616 1657 651 1702 se
667 1641 942 1712 circumfuderunt,
960 1638 1084 1714 quidam
1132 1715 1135 1720 Q

101 1739 158 1801 per
177 1731 267 1786 notas
289 1725 382 1787 ealles
403 1726 545 1788 breviore
567 1725 619 1786 via
639 1724 815 1802 praegressi
835 1722 982 1784 transitus
1002 1722 1080 1782 inse-

101 1810 192 1879 dere;
218 1815 398 1885 tantumque
412 1811 558 1871 tumultus
572 1806 795 1867 Macedonibus
810 1811 859 1867 est
872 1805 1031 1880 iniectum,
1053 1814 1085 1868 ut

100 1894 193 1969 fugae
212 1893 309 1968 magis
331 1893 450 1953 effusae
471 1906 564 1967 quam
584 1888 702 1951 itineris
723 1888 855 1950 ordinati
874 1890 967 1953 modo
982 1889 1083 1953 multis

99 1976 193 2038 armts
217 1974 356 2051 utrisque
380 1974 493 2037 relictis
519 1972 634 2035 flumen
655 1971 838 2035 traiecerint.
871 1973 922 2037 hic
942 1974 1014 2037 flnis
1034 1990 1082 2036 se·

101 2057 217 2136 quendi
231 2058 296 2118 tuit.
316 2055 390 2118 inde
403 2064 468 2119 tuto
481 2057 670 2119 Macedones
685 2057 845 2135 Gomphos
860 2066 891 2120 et
904 2058 1085 2136 aGomphis
1189 2082 1191 2086 ·

3 2190 4 2193 ,
100 2141 355 2203 inMacedoniam
365 2140 532 2203 redierunt
547 2140 735 2204 Athamanes
745 2143 910 2219 Aetolique
921 2142 1083 2219 Ethopiam

85 2226 140 2287 ad
157 2224 317 2286 Xenonem
338 2240 375 2287 ac
395 2223 476 2286 mitte
493 2225 682 2287 Macedonas
704 2226 925 2303 opprimendos
945 2227 1084 2302 undique

100 2316 331 2372 concurrerunt
357 2308 546 2371 Macedones
561 2324 670 2385 parum
684 2309 754 2373 loco
769 2311 837 2372 freti
851 2310 890 2371 ab
904 2310 1039 2387 Ethopia
1052 2312 1083 2370 in

100 2393 238 2455 acorem
257 2394 529 2471 deruptioremque
551 2392 689 2471 undique
711 2396 859 2457 tumulum
879 2405 1082 2466 concessere;

101 2494 163 2556 quo
183 2478 323 2555 pluribus
344 2495 384 2541 ex
403 2477 481 2541 locis
503 2478 589 2542 aditu
609 2478 735 2542 invento
757 2481 904 2556 expulere
919 2495 975 2540 eos
988 2478 1082 2540 Atha-

99 2578 215 2639 manes,
230 2562 455 2640 dispersosque
470 2572 501 2626 et
514 2579 571 2640 per
585 2563 668 2624 invIa
680 2571 773 2641 atque
787 2565 908 2640 ignotas
918 2578 1016 2639 rupes
1026 2563 1082 2624 iter

99 2648 191 2723 fugae
210 2662 273 2708 non
294 2645 488 2725 expedientis
508 2648 618 2723 partim
638 2657 787 2725 ceperunt
801 2648 909 2725 partim
923 2647 1081 2721 interiece
1203 2664 1206 2668 “

99 2736 179 2801 runt
201 2728 287 2791 multi
300 2746 417 2808 pavore
431 2731 461 2791 in
477 2730 606 2807 derupta
621 2730 826 2808 praecipitati,
848 2729 998 2807 perpauci
1011 2746 1083 2792 cum

98 2813 227 2873 Xenone
248 2814 288 2874 ad
308 2828 414 2889 regem
434 2822 607 2890 evaserunt.
640 2822 749 2890 postea
769 2831 826 2889 per
845 2815 978 2876 indutias
993 2829 1082 2890 sepe·

100 2894 193 2956 IIendi
208 2911 319 2958 caesos
334 2903 472 2973 potestas
487 2898 566 2958 iacta
580 2905 636 2958 est.

184 2981 235 3041 ΙΙΙ.
255 2981 458 3060 Amynander
471 2989 654 3058 recuperato
669 2997 765 3057 regno
783 2983 901 3056 legatos
913 2988 944 3041 et
954 2982 1082 3043 Romam

100 3064 140 3126 ad
160 3070 301 3129 senatum
322 3073 352 3127 et
372 3065 412 3125 ad
428 3063 590 3142 Scipiones
611 3066 642 3126 in
662 3066 783 3138 Asiam,
804 3063 920 3140 Ephesi
933 3072 1007 3140 post
1019 3082 1081 3125 ma·

99 3165 192 3223 gnum
206 3165 276 3211 cum
287 3148 440 3211 Antiocho
452 3149 603 3225 proelium
614 3155 778 3224 morantes,
793 3147 884 3211 misit.
907 3164 1016 3226 pacem
1027 3165 1080 3224 pe

7 3300 8 3305 ἵ
101 3232 191 3306 tabat,
207 3234 440 3309 excusabatque
454 3250 535 3306 sese,
551 3236 634 3310 quod
649 3249 706 3310 per
717 3234 848 3296 Aetolos
863 3241 1081 3309 recuperasset

102 3320 262 3392 paternum
275 3332 420 3394 regnum,
441 3317 613 3395 Philippum
627 3318 797 3381 incusabat.
818 3317 920 3379 Aetoii
934 3333 973 3377 ex
988 3315 1076 3376 Atha·

101 3398 201 3460 mania
215 3399 246 3459 in
257 3401 479 3477 Amphilochos
494 3399 625 3478 protecti
639 3409 719 3475 sunt,
733 3410 765 3463 et
777 3401 902 3463 maioris
916 3397 1012 3475 partis
1026 3413 1078 3457 vo·

101 3484 214 3545 tuntate
226 3482 258 3543 itt
272 3482 322 3545 ius
335 3485 549 3562 dicionemque
560 3490 654 3547 totam
666 3485 852 3560 redegerunt
863 3490 993 3558 gentem.
1008 3482 1076 3540 Am
