2600 4000
236 258 298 321 308
374 257 490 318 LIBER
503 256 664 318 XXXVIII.
687 256 770 319 cAP.
784 266 828 320 ὁὶ.
839 267 884 321 53.
906 264 944 332 [a.
956 261 992 318 U.
1003 280 1028 317 a
1040 266 1103 332 ⁵65]

236 413 319 474 tium.
345 411 398 471 ubi
414 410 481 471 dies
495 408 578 470 venit
592 408 739 485 citarique
753 410 865 471 absens
880 419 929 472 est
943 418 1082 486 coeptus,
1094 411 1130 471 L.
1146 411 1217 473 Sci·

235 497 287 573 pio
307 494 447 555 morbum
467 507 580 554 causae
600 508 673 554 esse
692 507 746 553 cur
766 493 890 555 abesset
906 495 1083 555 excusabat.
1118 512 1218 571 quam

236 577 465 641 excusationem
480 592 548 637 cum
562 576 683 647 tribuni,
700 577 752 653 qui
763 576 843 638 diem
855 577 1003 653 dixerant,
1019 594 1080 641 non
1089 579 1219 655 accipe-

235 670 316 734 rent,
338 668 369 722 et
382 660 420 721 ab
435 660 544 721 eadem
558 660 705 735 superbia
718 675 780 721 non
795 660 899 721 venire
913 661 953 721 ad
967 676 1092 722 causam
1108 662 1218 724 dicen-

235 748 307 808 dam
321 752 492 820 arguerent,
508 760 570 819 qua
582 742 727 804 iudicium
741 750 772 803 et
785 744 923 805 tribunos
937 744 1037 820 plebis
1052 754 1084 807 et
1094 747 1217 809 contio-

236 847 305 891 nem
325 828 516 904 reliquisset,
537 828 693 903 atquibus
710 827 759 887 ius
773 828 941 889 sententiae
956 828 996 888 de
1009 843 1045 888 se
1061 829 1217 891 dicendae

237 922 268 975 et
281 913 448 974 libertatem
468 911 647 986 ademisset,
668 909 717 970 his
732 911 908 984 comitatus,
928 913 1013 972 velut
1027 919 1137 987 captos
1152 919 1215 973 tra·

235 997 327 1073 hans,
347 995 529 1070 triumphum
551 995 590 1054 de
611 996 727 1070 populo
748 995 886 1056 Romano
901 995 1031 1069 egisset,
1056 996 1214 1058 secessio·

235 1095 365 1155 nemque
380 1095 417 1142 eo
432 1079 482 1139 die
496 1079 526 1138 in
541 1078 720 1153 Capitolium
735 1093 754 1137 a
767 1076 896 1139 tribunis
910 1078 1010 1153 plebis
1025 1079 1152 1140 iecisset
1165 1112 1212 1124 —

234 1163 373 1237 „habetis
395 1178 468 1237 ergo
488 1161 664 1223 temeritatis
685 1162 766 1222 illius
785 1162 966 1235 mercedem.
1000 1178 1062 1239 quo
1083 1163 1160 1223 duce
1179 1169 1213 1223 et

233 1251 359 1308 auctore
374 1262 432 1307 nos
447 1246 628 1320 reliquistis,
649 1245 688 1305 ab
703 1260 740 1305 eo
755 1244 815 1321 ipsi
828 1245 925 1305 relicti
937 1246 1028 1317 estio,
1052 1253 1082 1307 et
1093 1252 1212 1306 tantum

233 1328 399 1389 animomm
414 1329 444 1390 in
460 1328 526 1388 dies
541 1329 630 1389 nobis
645 1327 805 1403 decrescit,
818 1336 852 1390 ut
866 1329 905 1388 ad
920 1344 1010 1403 quem
1025 1336 1095 1389 ante
1109 1344 1210 1390 annos

233 1411 464 1487 septemdecim,
487 1412 654 1472 exercitum
675 1418 706 1472 et
720 1413 850 1473 classem
871 1412 1048 1487 habentem,
1067 1412 1210 1474 tribunos

234 1494 332 1571 piebis
358 1494 549 1568 aedilemque
573 1495 691 1554 mittere
710 1494 741 1556 in
763 1494 895 1556 Siciliam
920 1495 988 1555 ausi
1008 1511 1132 1570 sumus,
1157 1497 1209 1573 qui

233 1580 418 1657 prenderent
434 1594 503 1638 eum
517 1583 548 1638 et
560 1577 689 1637 Romam
704 1577 901 1653 reducerent,
921 1579 962 1638 ad
974 1592 1043 1639 eum
1056 1580 1210 1655 privatum

233 1680 272 1724 ex
292 1663 364 1724 villa
385 1678 442 1723 sua
465 1659 685 1722 extrahendum
705 1661 745 1720 ad
764 1676 889 1721 causam
911 1661 1071 1723 dicendam
1090 1661 1212 1726 mittere

233 1764 295 1808 non
310 1746 500 1808 audeamus“
511 1773 553 1785 -·
564 1743 675 1805 tribuni
690 1742 789 1819 plebis
804 1744 949 1821 appellati
963 1746 1002 1806 ab
1015 1746 1049 1806 L.
1062 1744 1210 1821 Scipione

233 1833 275 1892 ita
289 1831 504 1904 decreverunt,
520 1829 546 1889 si
559 1828 658 1889 morbi
673 1843 767 1888 causa
779 1834 993 1901 excusaretur,
1010 1827 1068 1890 sibi
1081 1831 1207 1904 placere

234 1915 332 1989 accipi
347 1928 414 1972 eam
429 1927 554 1974 causam
571 1912 714 1989 diemque
729 1927 748 1972 a
762 1911 889 1986 collegis
904 1912 1032 1986 prodici.
1064 1910 1206 1972 tribunus

234 1995 332 2075 plebis
353 2011 390 2057 eo
405 2004 541 2072 tempore
554 1996 597 2055 li.
613 1994 812 2072 Sempronius
827 1994 984 2057 Gracchus
998 2003 1070 2071 erat,
1087 1993 1136 2055 cui
1148 1994 1208 2054 ini-

232 2078 364 2141 micitiae
378 2095 448 2140 cum
461 2080 493 2138 P.
508 2078 654 2155 Scipione
667 2079 904 2140 intercedebant.
936 2079 962 2139 is
978 2095 1047 2140 cum
1062 2078 1209 2142 vetuisset

233 2179 344 2226 nomen
365 2180 455 2225 suum
470 2164 593 2224 decreto
609 2165 795 2239 collegarum
809 2162 958 2236 adscribi,
980 2162 1208 2238 tristioremque
1231 2172 1237 2180 ’

234 2263 340 2309 omnes
355 2245 535 2308 sententiam
550 2253 779 2321 exspectarent,
794 2245 836 2306 ita
850 2245 995 2321 decrevit,
1009 2262 1080 2307 cum
1093 2247 1126 2306 L.
1144 2245 1207 2306 Sci-

233 2331 284 2408 pio
305 2337 487 2393 excusasset
505 2331 643 2391 morbum
664 2345 736 2390 esse
757 2345 870 2390 causae
890 2330 989 2404 tratri,
1010 2330 1086 2391 satis
1101 2329 1133 2388 id
1148 2326 1208 2389 sibi

234 2415 339 2476 videri.
364 2429 401 2475 se
413 2414 445 2474 P.
461 2412 649 2489 Scipionem,
667 2414 846 2489 priusquam
859 2414 986 2473 Romam
999 2412 1143 2486 redisset,
1158 2428 1206 2474 ac-

234 2499 333 2558 cusari
348 2515 410 2560 non
424 2513 596 2573 passurum.
617 2503 682 2556 tum
696 2512 830 2572 quoque,
845 2497 872 2556 si
886 2512 922 2556 se
935 2496 1078 2572 appellet,
1094 2494 1206 2557 auxilio

233 2581 261 2639 ei
275 2581 416 2652 futurum,
431 2595 469 2638 ne
484 2594 608 2639 causam
623 2578 713 2639 dicat.
736 2580 775 2639 ad
789 2580 820 2639 id
833 2579 984 2653 fastigium
993 2581 1088 2641 rebus
1098 2577 1195 2654 gestis

234 2662 401 2723 honoribus
412 2662 517 2736 populi
527 2662 656 2722 Romani
666 2661 698 2721 P.
712 2661 887 2739 Scipionem
898 2662 1026 2724 deorum
1036 2662 1205 2726 hominmn-

234 2761 293 2820 que
314 2760 468 2806 consensu
488 2745 682 2820 pervenisse,
701 2753 736 2806 ut
755 2747 813 2807 sub
827 2747 947 2808 Rostris
966 2762 1053 2807 reum
1075 2751 1157 2808 stare
1177 2751 1208 2805 et

234 2830 382 2905 praebere
402 2845 492 2891 aures
514 2829 753 2890 adolescentium
774 2829 921 2890 conviciis
936 2831 1051 2906 populo
1067 2831 1206 2891 Romano

233 2915 329 2988 magis
350 2915 486 2979 deforme
507 2929 598 2988 quam
610 2912 670 2988 ipsi
685 2913 732 2974 sit.
758 2914 831 2973 LIII.
860 2913 971 2974 adiecit
991 2913 1115 2975 decreto
1130 2911 1206 2973 indi-

233 2998 414 3070 gnationem.
444 2997 522 3071 „sub
537 2997 668 3071 pedibus
683 2997 794 3057 vestris
809 2997 915 3072 stabit,
935 2997 1062 3072 tribuni,
1077 2997 1208 3058 domitor

233 3081 282 3139 ilie
305 3079 429 3141 Africae
455 3080 581 3156 Scipio?
613 3081 683 3141 ideo
708 3086 850 3157 quattuor
873 3080 1082 3142 nobilIssimos
1109 3081 1207 3140 duces

231 3162 402 3223 Poenorum
416 3163 447 3223 iu
461 3164 622 3239 Hispania,
645 3170 786 3239 quattuor
806 3162 959 3226 exercitus
979 3165 1058 3226 fudit
1077 3164 1208 3238 fugavit·

234 3262 309 3321 que,
333 3247 402 3306 ideo
421 3245 596 3325 Syphacem
611 3245 707 3322 cepit,
727 3248 927 3308 Hannibalem
941 3248 1068 3323 devicit,
1083 3246 1207 3309 Cartha-

232 3330 332 3405 ginem
346 3327 526 3404 vectigalem
540 3329 629 3390 nobis
645 3331 729 3406 tecit,
750 3332 932 3394 Antiochum
942 3332 1112 3409 —reoepit
1126 3332 1208 3391 enim

231 3415 354 3474 fratrem
375 3422 546 3474 consortem
566 3412 657 3475 huius
677 3416 794 3490 gloriae
806 3416 839 3477 L.
855 3415 1103 3493 Scipio-ultra
1116 3415 1208 3475 Tauri

232 3496 303 3573 iuga
323 3495 450 3573 emovit,
471 3502 504 3558 ut
525 3496 646 3559 duobus
661 3498 783 3559 Petilliis
799 3501 1026 3574 succumberet,
1046 3515 1105 3561 vos
1120 3499 1160 3559 de
1174 3497 1206 3557 P.
