<?xml version="1.0" encoding="UTF-8"?>
<!DOCTYPE html PUBLIC "-//W3C//DTD XHTML 1.0 Transitional//EN"
    "http://www.w3.org/TR/xhtml1/DTD/xhtml1-transitional.dtd">
<html xmlns="http://www.w3.org/1999/xhtml" xml:lang="en" lang="en">
 <head>
  <title>
</title>
<meta http-equiv="Content-Type" content="text/html;charset=utf-8" />
  <meta name='ocr-system' content='tesseract 3.04.00' />
  <meta name='ocr-capabilities' content='ocr_page ocr_carea ocr_par ocr_line ocrx_word'/>
</head>
<body>
  <div class='ocr_page' id='page_1' title='image "./aburbeconditali00mlgoog_0050.png"; bbox 0 0 2600 4000; ppageno 0'>
   <div class='ocr_carea' id='block_1_1' title="bbox 210 160 1037 270">
    <p class='ocr_par' dir='ltr' id='par_1_1' title="bbox 210 160 1037 270">
     <span class='ocr_line' id='line_1_1' title="bbox 210 160 1037 270; baseline 0 -11"><span class='ocrx_word' id='word_1_1' title='bbox 210 203 249 269; x_wconf 75' lang='lat'><strong>1⁶</strong></span> <span class='ocrx_word' id='word_1_2' title='bbox 353 160 468 259; x_wconf 66' lang='lat' dir='ltr'><strong>alena</strong></span> <span class='ocrx_word' id='word_1_3' title='bbox 481 198 585 258; x_wconf 81' lang='lat' dir='ltr'><strong>xxxl.</strong></span> <span class='ocrx_word' id='word_1_4' title='bbox 607 197 690 256; x_wconf 74' lang='lat' dir='ltr'><strong>aaa.</strong></span> <span class='ocrx_word' id='word_1_5' title='bbox 706 206 749 259; x_wconf 86' lang='lat' dir='ltr'><strong>re.</strong></span> <span class='ocrx_word' id='word_1_6' title='bbox 766 205 809 258; x_wconf 87' lang='lat'><strong>19.</strong></span> <span class='ocrx_word' id='word_1_7' title='bbox 832 176 867 270; x_wconf 75' lang='lat' dir='ltr'><strong>u.</strong></span> <span class='ocrx_word' id='word_1_8' title='bbox 883 201 919 259; x_wconf 85' lang='lat' dir='ltr'><strong>u.</strong></span> <span class='ocrx_word' id='word_1_9' title='bbox 933 219 958 254; x_wconf 64' lang='grc' dir='ltr'><strong>ο.</strong></span> <span class='ocrx_word' id='word_1_10' title='bbox 972 204 1037 268; x_wconf 75' lang='lat' dir='ltr'><strong>serr</strong></span> 
     </span>
    </p>
   </div>
   <div class='ocr_carea' id='block_1_2' title="bbox 206 347 1287 427">
    <p class='ocr_par' dir='ltr' id='par_1_2' title="bbox 206 347 1287 427">
     <span class='ocr_line' id='line_1_2' title="bbox 206 347 1287 427; baseline -0.007 -12"><span class='ocrx_word' id='word_1_11' title='bbox 206 351 337 415; x_wconf 90' lang='lat' dir='ltr'><strong>maxime</strong></span> <span class='ocrx_word' id='word_1_12' title='bbox 352 350 497 427; x_wconf 80' lang='lat' dir='ltr'>Abydum</span> <span class='ocrx_word' id='word_1_13' title='bbox 511 355 713 423; x_wconf 81' lang='lat' dir='ltr'>oppugnaret,</span> <span class='ocrx_word' id='word_1_14' title='bbox 728 362 798 407; x_wconf 90' lang='lat' dir='ltr'><strong>cum</strong></span> <span class='ocrx_word' id='word_1_15' title='bbox 811 363 877 421; x_wconf 89' lang='lat' dir='ltr'><strong>rex,</strong></span> <span class='ocrx_word' id='word_1_16' title='bbox 892 347 931 407; x_wconf 91' lang='lat' dir='ltr'><strong>ab</strong></span> <span class='ocrx_word' id='word_1_17' title='bbox 942 347 1044 407; x_wconf 84' lang='lat' dir='ltr'><strong>Attalo</strong></span> <span class='ocrx_word' id='word_1_18' title='bbox 1060 354 1091 408; x_wconf 87' lang='lat' dir='ltr'><strong>et</strong></span> <span class='ocrx_word' id='word_1_19' title='bbox 1102 347 1184 410; x_wconf 89' lang='lat' dir='ltr'><strong>Rho·</strong></span> <span class='ocrx_word' id='word_1_20' title='bbox 1286 410 1287 417; x_wconf 39' lang='lat'><strong>,</strong></span> 
     </span>
    </p>
   </div>
   <div class='ocr_carea' id='block_1_3' title="bbox 205 429 1187 673">
    <p class='ocr_par' dir='ltr' id='par_1_3' title="bbox 205 429 1187 673">
     <span class='ocr_line' id='line_1_3' title="bbox 205 429 1186 509; baseline -0.007 -10"><span class='ocrx_word' id='word_1_21' title='bbox 205 437 264 498; x_wconf 94' lang='lat' dir='ltr'><strong>diis</strong></span> <span class='ocrx_word' id='word_1_22' title='bbox 279 437 358 497; x_wconf 90' lang='lat' dir='ltr'><strong>ultro</strong></span> <span class='ocrx_word' id='word_1_23' title='bbox 375 450 410 494; x_wconf 90' lang='lat' dir='ltr'><strong>se</strong></span> <span class='ocrx_word' id='word_1_24' title='bbox 423 433 504 493; x_wconf 89' lang='lat' dir='ltr'><strong>bello</strong></span> <span class='ocrx_word' id='word_1_25' title='bbox 521 429 699 491; x_wconf 89' lang='lat' dir='ltr'><strong>lacessitum</strong></span> <span class='ocrx_word' id='word_1_26' title='bbox 711 429 836 503; x_wconf 88' lang='lat' dir='ltr'><strong>diceret,</strong></span> <span class='ocrx_word' id='word_1_27' title='bbox 848 447 941 504; x_wconf 91' lang='lat' dir='ltr'><strong>„num</strong></span> <span class='ocrx_word' id='word_1_28' title='bbox 951 429 1097 509; x_wconf 80' lang='lat' dir='ltr'>Abydeni</span> <span class='ocrx_word' id='word_1_29' title='bbox 1108 448 1186 507; x_wconf 91' lang='lat' dir='ltr'><strong>quo·</strong></span> 
     </span>
     <span class='ocr_line' id='line_1_4' title="bbox 206 512 1186 597; baseline -0.006 -15"><span class='ocrx_word' id='word_1_30' title='bbox 206 525 288 597; x_wconf 90' lang='lat' dir='ltr'><strong>que“</strong></span> <span class='ocrx_word' id='word_1_31' title='bbox 313 515 412 594; x_wconf 92' lang='lat' dir='ltr'><strong>inquit</strong></span> <span class='ocrx_word' id='word_1_32' title='bbox 439 518 538 589; x_wconf 91' lang='lat' dir='ltr'><strong>„ultro</strong></span> <span class='ocrx_word' id='word_1_33' title='bbox 559 513 613 575; x_wconf 92' lang='lat' dir='ltr'><strong>tibi</strong></span> <span class='ocrx_word' id='word_1_34' title='bbox 633 513 800 575; x_wconf 83' lang='lat' dir='ltr'><strong>intulerunt</strong></span> <span class='ocrx_word' id='word_1_35' title='bbox 818 518 948 574; x_wconf 75' lang='lat' dir='ltr'><strong>amnaf“</strong></span> <span class='ocrx_word' id='word_1_36' title='bbox 975 512 1096 575; x_wconf 90' lang='lat' dir='ltr'><strong>insueto</strong></span> <span class='ocrx_word' id='word_1_37' title='bbox 1111 531 1186 576; x_wconf 91' lang='lat' dir='ltr'><strong>vera</strong></span> 
     </span>
     <span class='ocr_line' id='line_1_5' title="bbox 205 596 1187 673; baseline -0.008 -7"><span class='ocrx_word' id='word_1_38' title='bbox 205 603 312 666; x_wconf 90' lang='lat' dir='ltr'><strong>audire</strong></span> <span class='ocrx_word' id='word_1_39' title='bbox 327 598 459 663; x_wconf 88' lang='lat' dir='ltr'><strong>ferocior</strong></span> <span class='ocrx_word' id='word_1_40' title='bbox 474 596 570 660; x_wconf 89' lang='lat' dir='ltr'><strong>oratio</strong></span> <span class='ocrx_word' id='word_1_41' title='bbox 587 597 655 657; x_wconf 88' lang='lat' dir='ltr'><strong>visa</strong></span> <span class='ocrx_word' id='word_1_42' title='bbox 669 607 725 671; x_wconf 90' lang='lat' dir='ltr'><strong>est,</strong></span> <span class='ocrx_word' id='word_1_43' title='bbox 748 614 839 673; x_wconf 91' lang='lat' dir='ltr'><strong>quam</strong></span> <span class='ocrx_word' id='word_1_44' title='bbox 855 613 934 673; x_wconf 91' lang='lat' dir='ltr'><strong>quae</strong></span> <span class='ocrx_word' id='word_1_45' title='bbox 947 596 1089 658; x_wconf 89' lang='lat' dir='ltr'><strong>habenda</strong></span> <span class='ocrx_word' id='word_1_46' title='bbox 1103 599 1187 673; x_wconf 91' lang='lat' dir='ltr'><strong>apud</strong></span> 
     </span>
    </p>
   </div>
   <div class='ocr_carea' id='block_1_4' title="bbox 205 679 1287 763">
    <p class='ocr_par' dir='ltr' id='par_1_4' title="bbox 205 679 1287 763">
     <span class='ocr_line' id='line_1_6' title="bbox 205 679 1287 763; baseline -0.007 -14"><span class='ocrx_word' id='word_1_47' title='bbox 205 703 309 763; x_wconf 89' lang='lat' dir='ltr'><strong>regem</strong></span> <span class='ocrx_word' id='word_1_48' title='bbox 329 691 423 746; x_wconf 88' lang='lat' dir='ltr'><strong>esset.</strong></span> <span class='ocrx_word' id='word_1_49' title='bbox 459 686 587 757; x_wconf 84' lang='lat' dir='ltr'><strong>„aetas“</strong></span> <span class='ocrx_word' id='word_1_50' title='bbox 610 679 711 757; x_wconf 84' lang='lat' dir='ltr'><strong>inquil</strong></span> <span class='ocrx_word' id='word_1_51' title='bbox 734 689 785 756; x_wconf 89' lang='lat' dir='ltr'><strong>„et</strong></span> <span class='ocrx_word' id='word_1_52' title='bbox 804 682 902 741; x_wconf 87' lang='lat' dir='ltr'><strong>forma</strong></span> <span class='ocrx_word' id='word_1_53' title='bbox 920 688 950 741; x_wconf 87' lang='lat' dir='ltr'><strong>at</strong></span> <span class='ocrx_word' id='word_1_54' title='bbox 970 697 1065 755; x_wconf 90' lang='lat' dir='ltr'><strong>super</strong></span> <span class='ocrx_word' id='word_1_55' title='bbox 1084 680 1187 743; x_wconf 91' lang='lat' dir='ltr'><strong>omnia</strong></span> <span class='ocrx_word' id='word_1_56' title='bbox 1286 710 1287 713; x_wconf 35' lang='lat'>¹</span> 
     </span>
    </p>
   </div>
   <div class='ocr_carea' id='block_1_5' title="bbox 205 763 1187 2181">
    <p class='ocr_par' dir='ltr' id='par_1_5' title="bbox 205 763 1187 2181">
     <span class='ocr_line' id='line_1_7' title="bbox 205 763 1186 840; baseline -0.008 -7"><span class='ocrx_word' id='word_1_57' title='bbox 205 772 375 833; x_wconf 88' lang='lat' dir='ltr'><strong>Romanum</strong></span> <span class='ocrx_word' id='word_1_58' title='bbox 388 782 500 827; x_wconf 86' lang='lat' dir='ltr'><strong>nomen</strong></span> <span class='ocrx_word' id='word_1_59' title='bbox 514 773 545 825; x_wconf 84' lang='lat' dir='ltr'><strong>le</strong></span> <span class='ocrx_word' id='word_1_60' title='bbox 559 763 742 825; x_wconf 88' lang='lat' dir='ltr'><strong>ferociorem</strong></span> <span class='ocrx_word' id='word_1_61' title='bbox 756 763 836 825; x_wconf 90' lang='lat' dir='ltr'><strong>facit.</strong></span> <span class='ocrx_word' id='word_1_62' title='bbox 865 780 923 839; x_wconf 85' lang='lat' dir='ltr'><strong>ego</strong></span> <span class='ocrx_word' id='word_1_63' title='bbox 940 772 1041 825; x_wconf 89' lang='lat' dir='ltr'><strong>autem</strong></span> <span class='ocrx_word' id='word_1_64' title='bbox 1055 763 1186 840; x_wconf 90' lang='lat' dir='ltr'><strong>primum</strong></span> 
     </span>
     <span class='ocr_line' id='line_1_8' title="bbox 207 849 1184 924; baseline -0.006 -10"><span class='ocrx_word' id='word_1_65' title='bbox 207 854 299 916; x_wconf 92' lang='lat' dir='ltr'><strong>velim</strong></span> <span class='ocrx_word' id='word_1_66' title='bbox 323 868 382 912; x_wconf 92' lang='lat' dir='ltr'><strong>vos</strong></span> <span class='ocrx_word' id='word_1_67' title='bbox 408 849 567 910; x_wconf 82' lang='lat' dir='ltr'><strong>foederum</strong></span> <span class='ocrx_word' id='word_1_68' title='bbox 591 864 745 909; x_wconf 86' lang='lat' dir='ltr'><strong>memores</strong></span> <span class='ocrx_word' id='word_1_69' title='bbox 771 863 897 909; x_wconf 89' lang='lat' dir='ltr'><strong>servare</strong></span> <span class='ocrx_word' id='word_1_70' title='bbox 920 864 1040 909; x_wconf 90' lang='lat' dir='ltr'><strong>mecum</strong></span> <span class='ocrx_word' id='word_1_71' title='bbox 1065 865 1184 924; x_wconf 84' lang='lat' dir='ltr'><strong>pacem.</strong></span> 
     </span>
     <span class='ocr_line' id='line_1_9' title="bbox 206 930 1183 1008; baseline -0.006 -9"><span class='ocrx_word' id='word_1_72' title='bbox 206 937 254 999; x_wconf 90' lang='lat' dir='ltr'><strong>sin</strong></span> <span class='ocrx_word' id='word_1_73' title='bbox 268 936 350 997; x_wconf 88' lang='lat' dir='ltr'><strong>bello</strong></span> <span class='ocrx_word' id='word_1_74' title='bbox 365 931 527 1006; x_wconf 77' lang='lat' dir='ltr'><strong>lacessitis,</strong></span> <span class='ocrx_word' id='word_1_75' title='bbox 548 930 622 992; x_wconf 91' lang='lat' dir='ltr'><strong>mihi</strong></span> <span class='ocrx_word' id='word_1_76' title='bbox 638 949 762 1008; x_wconf 87' lang='lat' dir='ltr'><strong>quoque</strong></span> <span class='ocrx_word' id='word_1_77' title='bbox 777 930 877 992; x_wconf 92' lang='lat' dir='ltr'><strong>animo</strong></span> <span class='ocrx_word' id='word_1_78' title='bbox 894 939 942 993; x_wconf 87' lang='lat' dir='ltr'><strong>est</strong></span> <span class='ocrx_word' id='word_1_79' title='bbox 955 932 1072 1004; x_wconf 87' lang='lat' dir='ltr'><strong>facere;</strong></span> <span class='ocrx_word' id='word_1_80' title='bbox 1094 940 1124 992; x_wconf 93' lang='lat' dir='ltr'><strong>et</strong></span> <span class='ocrx_word' id='word_1_81' title='bbox 1137 949 1183 993; x_wconf 89' lang='lat' dir='ltr'><strong>re-</strong></span> 
     </span>
     <span class='ocr_line' id='line_1_10' title="bbox 206 1014 1186 1096; baseline -0.003 -16"><span class='ocrx_word' id='word_1_82' title='bbox 206 1036 299 1096; x_wconf 88' lang='lat' dir='ltr'><strong>gnum</strong></span> <span class='ocrx_word' id='word_1_83' title='bbox 314 1026 344 1078; x_wconf 87' lang='lat' dir='ltr'><strong>et</strong></span> <span class='ocrx_word' id='word_1_84' title='bbox 353 1016 558 1077; x_wconf 82' lang='lat' dir='ltr'><strong>Macedonum</strong></span> <span class='ocrx_word' id='word_1_85' title='bbox 572 1032 684 1077; x_wconf 89' lang='lat' dir='ltr'><strong>nomen</strong></span> <span class='ocrx_word' id='word_1_86' title='bbox 699 1015 782 1077; x_wconf 89' lang='lat' dir='ltr'><strong>haud</strong></span> <span class='ocrx_word' id='word_1_87' title='bbox 795 1014 896 1076; x_wconf 86' lang='lat' dir='ltr'><strong>nrinus</strong></span> <span class='ocrx_word' id='word_1_88' title='bbox 912 1031 1004 1091; x_wconf 86' lang='lat' dir='ltr'><strong>quarn</strong></span> <span class='ocrx_word' id='word_1_89' title='bbox 1014 1016 1186 1077; x_wconf 91' lang='lat' dir='ltr'><strong>Romanum</strong></span> 
     </span>
     <span class='ocr_line' id='line_1_11' title="bbox 207 1097 1186 1176; baseline -0.004 -12"><span class='ocrx_word' id='word_1_90' title='bbox 207 1102 309 1164; x_wconf 86' lang='lat' dir='ltr'><strong>nobile</strong></span> <span class='ocrx_word' id='word_1_91' title='bbox 333 1098 502 1162; x_wconf 86' lang='lat' dir='ltr'><strong>sentietis.“</strong></span> <span class='ocrx_word' id='word_1_92' title='bbox 545 1097 588 1160; x_wconf 90' lang='lat' dir='ltr'><strong>ita</strong></span> <span class='ocrx_word' id='word_1_93' title='bbox 608 1099 737 1161; x_wconf 90' lang='lat' dir='ltr'><strong>dimisso</strong></span> <span class='ocrx_word' id='word_1_94' title='bbox 760 1101 859 1176; x_wconf 89' lang='lat' dir='ltr'><strong>legato</strong></span> <span class='ocrx_word' id='word_1_95' title='bbox 873 1097 1033 1174; x_wconf 87' lang='lat' dir='ltr'><strong>Philippus</strong></span> <span class='ocrx_word' id='word_1_96' title='bbox 1048 1115 1123 1160; x_wconf 91' lang='lat' dir='ltr'><strong>auro</strong></span> <span class='ocrx_word' id='word_1_97' title='bbox 1137 1116 1186 1160; x_wconf 89' lang='lat' dir='ltr'><strong>ar·</strong></span> 
     </span>
     <span class='ocr_line' id='line_1_12' title="bbox 206 1181 1186 1263; baseline -0.003 -16"><span class='ocrx_word' id='word_1_98' title='bbox 206 1194 370 1263; x_wconf 88' lang='lat' dir='ltr'><strong>gentoque,</strong></span> <span class='ocrx_word' id='word_1_99' title='bbox 387 1200 466 1259; x_wconf 90' lang='lat' dir='ltr'><strong>quae</strong></span> <span class='ocrx_word' id='word_1_100' title='bbox 482 1190 664 1244; x_wconf 86' lang='lat' dir='ltr'><strong>coacervata</strong></span> <span class='ocrx_word' id='word_1_101' title='bbox 679 1190 774 1257; x_wconf 89' lang='lat' dir='ltr'><strong>erant,</strong></span> <span class='ocrx_word' id='word_1_102' title='bbox 790 1190 918 1258; x_wconf 88' lang='lat' dir='ltr'><strong>accepto</strong></span> <span class='ocrx_word' id='word_1_103' title='bbox 929 1181 1086 1244; x_wconf 92' lang='lat' dir='ltr'><strong>hominum</strong></span> <span class='ocrx_word' id='word_1_104' title='bbox 1096 1199 1186 1259; x_wconf 86' lang='lat' dir='ltr'><strong>prae-</strong></span> 
     </span>
     <span class='ocr_line' id='line_1_13' title="bbox 207 1265 1187 1330; baseline -0.004 0"><span class='ocrx_word' id='word_1_105' title='bbox 207 1271 277 1330; x_wconf 87' lang='lat' dir='ltr'><strong>dam</strong></span> <span class='ocrx_word' id='word_1_106' title='bbox 298 1283 417 1329; x_wconf 91' lang='lat' dir='ltr'><strong>omnem</strong></span> <span class='ocrx_word' id='word_1_107' title='bbox 438 1265 548 1327; x_wconf 90' lang='lat' dir='ltr'><strong>amisit.</strong></span> <span class='ocrx_word' id='word_1_108' title='bbox 593 1274 677 1327; x_wconf 87' lang='lat' dir='ltr'><strong>tanta</strong></span> <span class='ocrx_word' id='word_1_109' title='bbox 697 1266 778 1328; x_wconf 86' lang='lat' dir='ltr'><strong>enim</strong></span> <span class='ocrx_word' id='word_1_110' title='bbox 791 1266 892 1327; x_wconf 87' lang='lat' dir='ltr'><strong>rabies</strong></span> <span class='ocrx_word' id='word_1_111' title='bbox 906 1265 1127 1328; x_wconf 79' lang='lat' dir='ltr'><strong>multitudinem</strong></span> <span class='ocrx_word' id='word_1_112' title='bbox 1141 1265 1187 1327; x_wconf 92' lang='lat' dir='ltr'><strong>in-</strong></span> 
     </span>
     <span class='ocr_line' id='line_1_14' title="bbox 207 1348 1186 1427; baseline -0.001 -15"><span class='ocrx_word' id='word_1_113' title='bbox 207 1353 294 1426; x_wconf 90' lang='lat' dir='ltr'><strong>vasit,</strong></span> <span class='ocrx_word' id='word_1_114' title='bbox 315 1360 349 1414; x_wconf 89' lang='lat' dir='ltr'><strong>ut</strong></span> <span class='ocrx_word' id='word_1_115' title='bbox 361 1360 489 1426; x_wconf 88' lang='lat' dir='ltr'><strong>repente</strong></span> <span class='ocrx_word' id='word_1_116' title='bbox 504 1349 644 1424; x_wconf 90' lang='lat' dir='ltr'><strong>proditos</strong></span> <span class='ocrx_word' id='word_1_117' title='bbox 658 1348 717 1412; x_wconf 90' lang='lat' dir='ltr'><strong>rati</strong></span> <span class='ocrx_word' id='word_1_118' title='bbox 732 1350 784 1426; x_wconf 91' lang='lat' dir='ltr'><strong>qui</strong></span> <span class='ocrx_word' id='word_1_119' title='bbox 799 1357 970 1427; x_wconf 79' lang='lat' dir='ltr'><strong>pugnantes</strong></span> <span class='ocrx_word' id='word_1_120' title='bbox 985 1357 1113 1412; x_wconf 86' lang='lat' dir='ltr'><strong>mortem</strong></span> <span class='ocrx_word' id='word_1_121' title='bbox 1134 1366 1186 1411; x_wconf 89' lang='lat' dir='ltr'><strong>oc·</strong></span> 
     </span>
     <span class='ocr_line' id='line_1_15' title="bbox 206 1432 1186 1510; baseline -0.003 -13"><span class='ocrx_word' id='word_1_122' title='bbox 206 1436 400 1510; x_wconf 83' lang='lat' dir='ltr'><strong>cubuissent,</strong></span> <span class='ocrx_word' id='word_1_123' title='bbox 424 1432 653 1510; x_wconf 89' lang='lat' dir='ltr'><strong>periuriumque</strong></span> <span class='ocrx_word' id='word_1_124' title='bbox 669 1433 749 1495; x_wconf 89' lang='lat' dir='ltr'><strong>alius</strong></span> <span class='ocrx_word' id='word_1_125' title='bbox 763 1433 814 1494; x_wconf 89' lang='lat' dir='ltr'><strong>alii</strong></span> <span class='ocrx_word' id='word_1_126' title='bbox 828 1434 1067 1510; x_wconf 81' lang='lat' dir='ltr'><strong>exprobrantes,</strong></span> <span class='ocrx_word' id='word_1_127' title='bbox 1093 1441 1123 1495; x_wconf 91' lang='lat' dir='ltr'><strong>et</strong></span> <span class='ocrx_word' id='word_1_128' title='bbox 1137 1449 1186 1495; x_wconf 88' lang='lat' dir='ltr'><strong>sa·</strong></span> 
     </span>
     <span class='ocr_line' id='line_1_16' title="bbox 206 1516 1186 1593; baseline -0.003 -12"><span class='ocrx_word' id='word_1_129' title='bbox 206 1518 382 1581; x_wconf 90' lang='lat' dir='ltr'><strong>cerdotibus</strong></span> <span class='ocrx_word' id='word_1_130' title='bbox 397 1518 538 1593; x_wconf 82' lang='lat' dir='ltr'><strong>maxime,</strong></span> <span class='ocrx_word' id='word_1_131' title='bbox 555 1517 608 1593; x_wconf 90' lang='lat' dir='ltr'><strong>qui</strong></span> <span class='ocrx_word' id='word_1_132' title='bbox 623 1533 704 1592; x_wconf 87' lang='lat' dir='ltr'><strong>quos</strong></span> <span class='ocrx_word' id='word_1_133' title='bbox 719 1519 760 1578; x_wconf 92' lang='lat' dir='ltr'><strong>ad</strong></span> <span class='ocrx_word' id='word_1_134' title='bbox 773 1526 902 1578; x_wconf 88' lang='lat' dir='ltr'><strong>mortem</strong></span> <span class='ocrx_word' id='word_1_135' title='bbox 913 1516 1121 1592; x_wconf 88' lang='lat' dir='ltr'><strong>devovissent,</strong></span> <span class='ocrx_word' id='word_1_136' title='bbox 1133 1534 1186 1578; x_wconf 89' lang='lat' dir='ltr'><strong>eo·</strong></span> 
     </span>
     <span class='ocr_line' id='line_1_17' title="bbox 205 1599 1186 1679; baseline -0.002 -14"><span class='ocrx_word' id='word_1_137' title='bbox 205 1621 273 1665; x_wconf 92' lang='lat' dir='ltr'><strong>rum</strong></span> <span class='ocrx_word' id='word_1_138' title='bbox 288 1602 475 1664; x_wconf 86' lang='lat' dir='ltr'><strong>deditionem</strong></span> <span class='ocrx_word' id='word_1_139' title='bbox 489 1601 630 1663; x_wconf 91' lang='lat' dir='ltr'><strong>vivorum</strong></span> <span class='ocrx_word' id='word_1_140' title='bbox 649 1600 733 1663; x_wconf 87' lang='lat' dir='ltr'><strong>hosti</strong></span> <span class='ocrx_word' id='word_1_141' title='bbox 753 1599 914 1674; x_wconf 87' lang='lat' dir='ltr'><strong>fecissent,</strong></span> <span class='ocrx_word' id='word_1_142' title='bbox 935 1610 1062 1679; x_wconf 87' lang='lat' dir='ltr'><strong>repente</strong></span> <span class='ocrx_word' id='word_1_143' title='bbox 1077 1618 1186 1663; x_wconf 88' lang='lat' dir='ltr'><strong>omnes</strong></span> 
     </span>
     <span class='ocr_line' id='line_1_18' title="bbox 207 1683 1185 1762; baseline -0.004 -13"><span class='ocrx_word' id='word_1_144' title='bbox 207 1690 246 1749; x_wconf 89' lang='lat' dir='ltr'><strong>ad</strong></span> <span class='ocrx_word' id='word_1_145' title='bbox 261 1688 387 1749; x_wconf 92' lang='lat' dir='ltr'><strong>caedem</strong></span> <span class='ocrx_word' id='word_1_146' title='bbox 406 1687 570 1762; x_wconf 87' lang='lat' dir='ltr'><strong>coniugum</strong></span> <span class='ocrx_word' id='word_1_147' title='bbox 590 1684 819 1760; x_wconf 89' lang='lat' dir='ltr'><strong>liberorumque</strong></span> <span class='ocrx_word' id='word_1_148' title='bbox 840 1683 1063 1761; x_wconf 88' lang='lat' dir='ltr'><strong>discurrerent,</strong></span> <span class='ocrx_word' id='word_1_149' title='bbox 1088 1700 1185 1761; x_wconf 89' lang='lat' dir='ltr'><strong>seque</strong></span> 
     </span>
     <span class='ocr_line' id='line_1_19' title="bbox 206 1767 1186 1851; baseline -0.002 -20"><span class='ocrx_word' id='word_1_150' title='bbox 206 1771 267 1847; x_wconf 93' lang='lat' dir='ltr'><strong>ipsi</strong></span> <span class='ocrx_word' id='word_1_151' title='bbox 280 1788 338 1847; x_wconf 89' lang='lat' dir='ltr'><strong>per</strong></span> <span class='ocrx_word' id='word_1_152' title='bbox 352 1787 460 1831; x_wconf 90' lang='lat' dir='ltr'><strong>omnes</strong></span> <span class='ocrx_word' id='word_1_153' title='bbox 473 1769 541 1830; x_wconf 87' lang='lat' dir='ltr'><strong>vias</strong></span> <span class='ocrx_word' id='word_1_154' title='bbox 562 1768 614 1829; x_wconf 89' lang='lat' dir='ltr'><strong>leti</strong></span> <span class='ocrx_word' id='word_1_155' title='bbox 634 1767 848 1830; x_wconf 87' lang='lat' dir='ltr'><strong>interficerent.</strong></span> <span class='ocrx_word' id='word_1_156' title='bbox 895 1769 1127 1851; x_wconf 83' lang='lat' dir='ltr'><strong>obstupefactus</strong></span> <span class='ocrx_word' id='word_1_157' title='bbox 1147 1784 1186 1829; x_wconf 91' lang='lat' dir='ltr'><strong>eo</strong></span> 
     </span>
     <span class='ocr_line' id='line_1_20' title="bbox 207 1852 1187 1929; baseline -0.001 -15"><span class='ocrx_word' id='word_1_158' title='bbox 207 1852 310 1915; x_wconf 87' lang='lat' dir='ltr'><strong>furore</strong></span> <span class='ocrx_word' id='word_1_159' title='bbox 329 1870 388 1914; x_wconf 89' lang='lat' dir='ltr'><strong>rex</strong></span> <span class='ocrx_word' id='word_1_160' title='bbox 408 1852 583 1929; x_wconf 86' lang='lat' dir='ltr'><strong>suppressit</strong></span> <span class='ocrx_word' id='word_1_161' title='bbox 602 1852 750 1927; x_wconf 87' lang='lat' dir='ltr'><strong>impeturn</strong></span> <span class='ocrx_word' id='word_1_162' title='bbox 770 1852 911 1928; x_wconf 89' lang='lat' dir='ltr'><strong>militum,</strong></span> <span class='ocrx_word' id='word_1_163' title='bbox 939 1861 969 1914; x_wconf 87' lang='lat' dir='ltr'><strong>et</strong></span> <span class='ocrx_word' id='word_1_164' title='bbox 992 1852 1125 1915; x_wconf 89' lang='lat' dir='ltr'><strong>triduum</strong></span> <span class='ocrx_word' id='word_1_165' title='bbox 1151 1869 1187 1913; x_wconf 89' lang='lat' dir='ltr'><strong>sa</strong></span> 
     </span>
     <span class='ocr_line' id='line_1_21' title="bbox 206 1934 1184 2016; baseline -0.001 -18"><span class='ocrx_word' id='word_1_166' title='bbox 206 1938 247 1998; x_wconf 92' lang='lat' dir='ltr'><strong>ad</strong></span> <span class='ocrx_word' id='word_1_167' title='bbox 260 1936 452 1998; x_wconf 88' lang='lat' dir='ltr'><strong>moriendum</strong></span> <span class='ocrx_word' id='word_1_168' title='bbox 465 1935 627 2016; x_wconf 80' lang='lat' dir='ltr'><strong>Abydenis</strong></span> <span class='ocrx_word' id='word_1_169' title='bbox 643 1937 717 1997; x_wconf 91' lang='lat' dir='ltr'><strong>dare</strong></span> <span class='ocrx_word' id='word_1_170' title='bbox 732 1934 817 1997; x_wconf 87' lang='lat' dir='ltr'><strong>dixit.</strong></span> <span class='ocrx_word' id='word_1_171' title='bbox 850 1953 911 2013; x_wconf 91' lang='lat' dir='ltr'><strong>quo</strong></span> <span class='ocrx_word' id='word_1_172' title='bbox 924 1935 1024 2014; x_wconf 87' lang='lat' dir='ltr'><strong>spatio</strong></span> <span class='ocrx_word' id='word_1_173' title='bbox 1040 1939 1128 2013; x_wconf 91' lang='lat' dir='ltr'><strong>plura</strong></span> <span class='ocrx_word' id='word_1_174' title='bbox 1142 1938 1184 1997; x_wconf 91' lang='lat' dir='ltr'><strong>fa·</strong></span> 
     </span>
     <span class='ocr_line' id='line_1_22' title="bbox 206 2019 1183 2097; baseline -0.001 -15"><span class='ocrx_word' id='word_1_175' title='bbox 206 2021 312 2082; x_wconf 90' lang='lat' dir='ltr'><strong>cinora</strong></span> <span class='ocrx_word' id='word_1_176' title='bbox 325 2019 357 2081; x_wconf 93' lang='lat' dir='ltr'><strong>in</strong></span> <span class='ocrx_word' id='word_1_177' title='bbox 372 2038 407 2083; x_wconf 91' lang='lat' dir='ltr'><strong>se</strong></span> <span class='ocrx_word' id='word_1_178' title='bbox 422 2020 495 2082; x_wconf 86' lang='lat' dir='ltr'><strong>victi</strong></span> <span class='ocrx_word' id='word_1_179' title='bbox 516 2020 692 2095; x_wconf 89' lang='lat' dir='ltr'><strong>ediderunt,</strong></span> <span class='ocrx_word' id='word_1_180' title='bbox 721 2038 813 2097; x_wconf 89' lang='lat' dir='ltr'><strong>quarn</strong></span> <span class='ocrx_word' id='word_1_181' title='bbox 832 2020 937 2083; x_wconf 90' lang='lat' dir='ltr'><strong>infesti</strong></span> <span class='ocrx_word' id='word_1_182' title='bbox 957 2020 1128 2082; x_wconf 88' lang='lat' dir='ltr'><strong>edidissent</strong></span> <span class='ocrx_word' id='word_1_183' title='bbox 1140 2020 1183 2081; x_wconf 84' lang='lat' dir='ltr'><strong>vi-</strong></span> 
     </span>
     <span class='ocr_line' id='line_1_23' title="bbox 206 2101 1183 2181; baseline -0.002 -14"><span class='ocrx_word' id='word_1_184' title='bbox 206 2114 323 2178; x_wconf 71' lang='lat' dir='ltr'><strong>ctores,</strong></span> <span class='ocrx_word' id='word_1_185' title='bbox 350 2121 423 2181; x_wconf 88' lang='lat' dir='ltr'><strong>nec,</strong></span> <span class='ocrx_word' id='word_1_186' title='bbox 448 2105 508 2166; x_wconf 92' lang='lat' dir='ltr'><strong>nisi</strong></span> <span class='ocrx_word' id='word_1_187' title='bbox 530 2122 622 2181; x_wconf 90' lang='lat' dir='ltr'><strong>quem</strong></span> <span class='ocrx_word' id='word_1_188' title='bbox 641 2105 764 2167; x_wconf 90' lang='lat' dir='ltr'><strong>vincula</strong></span> <span class='ocrx_word' id='word_1_189' title='bbox 785 2114 837 2167; x_wconf 92' lang='lat' dir='ltr'><strong>aut</strong></span> <span class='ocrx_word' id='word_1_190' title='bbox 850 2105 910 2166; x_wconf 87' lang='lat' dir='ltr'><strong>alia</strong></span> <span class='ocrx_word' id='word_1_191' title='bbox 923 2105 1095 2167; x_wconf 86' lang='lat' dir='ltr'><strong>necessitas</strong></span> <span class='ocrx_word' id='word_1_192' title='bbox 1108 2101 1183 2166; x_wconf 85' lang='lat' dir='ltr'><strong>mori</strong></span> 
     </span>
    </p>
   </div>
   <div class='ocr_carea' id='block_1_6' title="bbox 205 2186 1287 2267">
    <p class='ocr_par' dir='ltr' id='par_1_6' title="bbox 205 2186 1287 2267">
     <span class='ocr_line' id='line_1_24' title="bbox 205 2186 1287 2267; baseline 0.004 -20"><span class='ocrx_word' id='word_1_193' title='bbox 205 2188 376 2266; x_wconf 82' lang='lat' dir='ltr'><strong>prohibuit,</strong></span> <span class='ocrx_word' id='word_1_194' title='bbox 401 2190 566 2267; x_wconf 89' lang='lat' dir='ltr'><strong>quisquam</strong></span> <span class='ocrx_word' id='word_1_195' title='bbox 586 2190 677 2252; x_wconf 89' lang='lat' dir='ltr'><strong>vivus</strong></span> <span class='ocrx_word' id='word_1_196' title='bbox 698 2190 729 2251; x_wconf 91' lang='lat' dir='ltr'><strong>in</strong></span> <span class='ocrx_word' id='word_1_197' title='bbox 749 2198 933 2266; x_wconf 89' lang='lat' dir='ltr'><strong>potestatem</strong></span> <span class='ocrx_word' id='word_1_198' title='bbox 947 2190 1039 2251; x_wconf 86' lang='lat' dir='ltr'><strong>venit.</strong></span> <span class='ocrx_word' id='word_1_199' title='bbox 1074 2186 1184 2264; x_wconf 91' lang='lat' dir='ltr'><strong>Philip-</strong></span> <span class='ocrx_word' id='word_1_200' title='bbox 1286 2209 1287 2212; x_wconf 44' lang='lat'>¹</span> 
     </span>
    </p>
   </div>
   <div class='ocr_carea' id='block_1_7' title="bbox 204 2272 1186 2516">
    <p class='ocr_par' dir='ltr' id='par_1_7' title="bbox 204 2272 1186 2516">
     <span class='ocr_line' id='line_1_25' title="bbox 207 2272 1184 2353; baseline -0.002 -18"><span class='ocrx_word' id='word_1_201' title='bbox 207 2291 265 2350; x_wconf 91' lang='lat' dir='ltr'><strong>pus</strong></span> <span class='ocrx_word' id='word_1_202' title='bbox 280 2273 426 2350; x_wconf 89' lang='lat' dir='ltr'><strong>imposito</strong></span> <span class='ocrx_word' id='word_1_203' title='bbox 440 2275 545 2353; x_wconf 80' lang='lat' dir='ltr'><strong>Abydi</strong></span> <span class='ocrx_word' id='word_1_204' title='bbox 559 2273 716 2349; x_wconf 83' lang='lat' dir='ltr'><strong>praesidio</strong></span> <span class='ocrx_word' id='word_1_205' title='bbox 731 2273 761 2334; x_wconf 93' lang='lat' dir='ltr'><strong>in</strong></span> <span class='ocrx_word' id='word_1_206' title='bbox 776 2290 903 2349; x_wconf 90' lang='lat' dir='ltr'><strong>regnum</strong></span> <span class='ocrx_word' id='word_1_207' title='bbox 917 2272 1016 2335; x_wconf 88' lang='lat' dir='ltr'><strong>rediit.</strong></span> <span class='ocrx_word' id='word_1_208' title='bbox 1051 2290 1119 2334; x_wconf 92' lang='lat' dir='ltr'><strong>cum</strong></span> <span class='ocrx_word' id='word_1_209' title='bbox 1133 2288 1184 2333; x_wconf 77' lang='lat' dir='ltr'><strong>ve</strong></span> 
     </span>
     <span class='ocr_line' id='line_1_26' title="bbox 205 2356 1186 2435; baseline 0 -18"><span class='ocrx_word' id='word_1_210' title='bbox 205 2359 249 2419; x_wconf 91' lang='lat' dir='ltr'><strong>lut</strong></span> <span class='ocrx_word' id='word_1_211' title='bbox 263 2357 392 2434; x_wconf 75' lang='lat' dir='ltr'><strong>Sagunti</strong></span> <span class='ocrx_word' id='word_1_212' title='bbox 413 2357 567 2418; x_wconf 89' lang='lat' dir='ltr'><strong>excidium</strong></span> <span class='ocrx_word' id='word_1_213' title='bbox 587 2356 764 2430; x_wconf 88' lang='lat' dir='ltr'><strong>Hannibali,</strong></span> <span class='ocrx_word' id='word_1_214' title='bbox 790 2357 836 2418; x_wconf 89' lang='lat' dir='ltr'><strong>sic</strong></span> <span class='ocrx_word' id='word_1_215' title='bbox 856 2356 997 2433; x_wconf 85' lang='lat' dir='ltr'><strong>Philippo</strong></span> <span class='ocrx_word' id='word_1_216' title='bbox 1018 2357 1186 2435; x_wconf 84' lang='lat' dir='ltr'><strong>Abydeno-</strong></span> 
     </span>
     <span class='ocr_line' id='line_1_27' title="bbox 204 2437 1186 2516; baseline 0.001 -17"><span class='ocrx_word' id='word_1_217' title='bbox 204 2457 272 2501; x_wconf 89' lang='lat' dir='ltr'><strong>rum</strong></span> <span class='ocrx_word' id='word_1_218' title='bbox 286 2442 392 2500; x_wconf 90' lang='lat' dir='ltr'><strong>clades</strong></span> <span class='ocrx_word' id='word_1_219' title='bbox 407 2441 448 2500; x_wconf 93' lang='lat' dir='ltr'><strong>ad</strong></span> <span class='ocrx_word' id='word_1_220' title='bbox 460 2441 632 2501; x_wconf 90' lang='lat' dir='ltr'><strong>Romanum</strong></span> <span class='ocrx_word' id='word_1_221' title='bbox 647 2441 761 2500; x_wconf 91' lang='lat' dir='ltr'><strong>bellurn</strong></span> <span class='ocrx_word' id='word_1_222' title='bbox 780 2439 900 2501; x_wconf 89' lang='lat' dir='ltr'><strong>animos</strong></span> <span class='ocrx_word' id='word_1_223' title='bbox 920 2440 1062 2516; x_wconf 89' lang='lat' dir='ltr'><strong>fecisset,</strong></span> <span class='ocrx_word' id='word_1_224' title='bbox 1088 2437 1186 2500; x_wconf 88' lang='lat' dir='ltr'><strong>nuntii</strong></span> 
     </span>
    </p>
   </div>
   <div class='ocr_carea' id='block_1_8' title="bbox 206 2521 1288 2685">
    <p class='ocr_par' dir='ltr' id='par_1_8' title="bbox 206 2521 1288 2685">
     <span class='ocr_line' id='line_1_28' title="bbox 206 2521 1288 2600; baseline 0 -17"><span class='ocrx_word' id='word_1_225' title='bbox 206 2530 405 2584; x_wconf 89' lang='lat' dir='ltr'><strong>occurrerunt</strong></span> <span class='ocrx_word' id='word_1_226' title='bbox 430 2523 589 2583; x_wconf 78' lang='lat' dir='ltr'><strong>considam</strong></span> <span class='ocrx_word' id='word_1_227' title='bbox 612 2522 673 2582; x_wconf 89' lang='lat' dir='ltr'><strong>iarn</strong></span> <span class='ocrx_word' id='word_1_228' title='bbox 696 2522 727 2582; x_wconf 95' lang='lat' dir='ltr'><strong>in</strong></span> <span class='ocrx_word' id='word_1_229' title='bbox 752 2521 846 2599; x_wconf 83' lang='lat' dir='ltr'><strong>Epiro</strong></span> <span class='ocrx_word' id='word_1_230' title='bbox 880 2540 966 2597; x_wconf 86' lang='lat' dir='ltr'><strong>esse,</strong></span> <span class='ocrx_word' id='word_1_231' title='bbox 1004 2532 1034 2585; x_wconf 89' lang='lat' dir='ltr'><strong>et</strong></span> <span class='ocrx_word' id='word_1_232' title='bbox 1058 2524 1186 2600; x_wconf 84' lang='lat' dir='ltr'><strong>Apollo·</strong></span> <span class='ocrx_word' id='word_1_233' title='bbox 1286 2579 1288 2600; x_wconf 65' lang='lat'><strong>,</strong></span> 
     </span>
     <span class='ocr_line' id='line_1_29' title="bbox 206 2603 1287 2685; baseline 0.002 -19"><span class='ocrx_word' id='word_1_234' title='bbox 206 2604 287 2666; x_wconf 91' lang='lat' dir='ltr'><strong>niam</strong></span> <span class='ocrx_word' id='word_1_235' title='bbox 300 2604 453 2667; x_wconf 86' lang='lat' dir='ltr'><strong>terrestris</strong></span> <span class='ocrx_word' id='word_1_236' title='bbox 468 2603 592 2681; x_wconf 90' lang='lat' dir='ltr'><strong>copias,</strong></span> <span class='ocrx_word' id='word_1_237' title='bbox 614 2605 733 2667; x_wconf 91' lang='lat' dir='ltr'><strong>navalis</strong></span> <span class='ocrx_word' id='word_1_238' title='bbox 755 2607 919 2685; x_wconf 83' lang='lat' dir='ltr'><strong>Corcyram</strong></span> <span class='ocrx_word' id='word_1_239' title='bbox 939 2609 970 2668; x_wconf 93' lang='lat' dir='ltr'><strong>in</strong></span> <span class='ocrx_word' id='word_1_240' title='bbox 991 2607 1119 2670; x_wconf 83' lang='lat' dir='ltr'><strong>hiberna</strong></span> <span class='ocrx_word' id='word_1_241' title='bbox 1132 2608 1184 2669; x_wconf 77' lang='lat' dir='ltr'><strong>de</strong></span> <span class='ocrx_word' id='word_1_242' title='bbox 1286 2627 1287 2634; x_wconf 50' lang='lat'>¹</span> 
     </span>
    </p>
   </div>
   <div class='ocr_carea' id='block_1_9' title="bbox 204 2688 1210 3523">
    <p class='ocr_par' dir='ltr' id='par_1_9' title="bbox 206 2688 344 2751">
     <span class='ocr_line' id='line_1_30' title="bbox 206 2688 344 2751; baseline 0.014 -2"><span class='ocrx_word' id='word_1_243' title='bbox 206 2688 344 2751; x_wconf 90' lang='lat' dir='ltr'><strong>duxisse.</strong></span> 
     </span>
    </p>

    <p class='ocr_par' dir='ltr' id='par_1_10' title="bbox 204 2772 1210 3523">
     <span class='ocr_line' id='line_1_31' title="bbox 286 2772 1188 2850; baseline 0.004 -18"><span class='ocrx_word' id='word_1_244' title='bbox 286 2772 364 2832; x_wconf 87' lang='lat' dir='ltr'><strong>XIX.</strong></span> <span class='ocrx_word' id='word_1_245' title='bbox 386 2773 467 2832; x_wconf 91' lang='lat' dir='ltr'><strong>Inter</strong></span> <span class='ocrx_word' id='word_1_246' title='bbox 488 2772 565 2833; x_wconf 88' lang='lat' dir='ltr'><strong>haec</strong></span> <span class='ocrx_word' id='word_1_247' title='bbox 584 2773 693 2848; x_wconf 88' lang='lat' dir='ltr'><strong>legatis</strong></span> <span class='ocrx_word' id='word_1_248' title='bbox 716 2774 768 2850; x_wconf 91' lang='lat' dir='ltr'><strong>qui</strong></span> <span class='ocrx_word' id='word_1_249' title='bbox 789 2775 821 2836; x_wconf 94' lang='lat' dir='ltr'><strong>in</strong></span> <span class='ocrx_word' id='word_1_250' title='bbox 839 2774 976 2835; x_wconf 85' lang='lat' dir='ltr'><strong>Africam</strong></span> <span class='ocrx_word' id='word_1_251' title='bbox 997 2774 1083 2837; x_wconf 90' lang='lat' dir='ltr'><strong>missi</strong></span> <span class='ocrx_word' id='word_1_252' title='bbox 1098 2782 1188 2836; x_wconf 88' lang='lat' dir='ltr'><strong>erant</strong></span> 
     </span>
     <span class='ocr_line' id='line_1_32' title="bbox 206 2855 1186 2935; baseline 0.003 -20"><span class='ocrx_word' id='word_1_253' title='bbox 206 2857 245 2916; x_wconf 91' lang='lat' dir='ltr'><strong>de</strong></span> <span class='ocrx_word' id='word_1_254' title='bbox 259 2856 430 2916; x_wconf 88' lang='lat' dir='ltr'><strong>Hamilcare</strong></span> <span class='ocrx_word' id='word_1_255' title='bbox 445 2855 550 2916; x_wconf 90' lang='lat' dir='ltr'><strong>Gallici</strong></span> <span class='ocrx_word' id='word_1_256' title='bbox 565 2857 718 2919; x_wconf 87' lang='lat' dir='ltr'><strong>exercitus</strong></span> <span class='ocrx_word' id='word_1_257' title='bbox 733 2860 821 2933; x_wconf 88' lang='lat' dir='ltr'><strong>duce,</strong></span> <span class='ocrx_word' id='word_1_258' title='bbox 836 2875 1022 2935; x_wconf 89' lang='lat' dir='ltr'><strong>responsum</strong></span> <span class='ocrx_word' id='word_1_259' title='bbox 1033 2876 1052 2920; x_wconf 89' lang='lat' dir='ltr'><strong>a</strong></span> <span class='ocrx_word' id='word_1_260' title='bbox 1064 2858 1186 2919; x_wconf 82' lang='lat' dir='ltr'><strong>Cartba-</strong></span> 
     </span>
     <span class='ocr_line' id='line_1_33' title="bbox 205 2940 1186 3019; baseline 0.003 -21"><span class='ocrx_word' id='word_1_261' title='bbox 205 2940 393 3015; x_wconf 89' lang='lat' dir='ltr'><strong>giniensibus</strong></span> <span class='ocrx_word' id='word_1_262' title='bbox 415 2947 463 3001; x_wconf 89' lang='lat' dir='ltr'><strong>cst</strong></span> <span class='ocrx_word' id='word_1_263' title='bbox 482 2940 556 3000; x_wconf 92' lang='lat' dir='ltr'><strong>nihil</strong></span> <span class='ocrx_word' id='word_1_264' title='bbox 576 2943 656 3001; x_wconf 90' lang='lat' dir='ltr'><strong>ultra</strong></span> <span class='ocrx_word' id='word_1_265' title='bbox 676 2959 711 3003; x_wconf 92' lang='lat' dir='ltr'><strong>se</strong></span> <span class='ocrx_word' id='word_1_266' title='bbox 729 2944 830 3003; x_wconf 87' lang='lat' dir='ltr'><strong>facere</strong></span> <span class='ocrx_word' id='word_1_267' title='bbox 845 2959 956 3018; x_wconf 89' lang='lat' dir='ltr'><strong>posse,</strong></span> <span class='ocrx_word' id='word_1_268' title='bbox 979 2960 1071 3019; x_wconf 90' lang='lat' dir='ltr'><strong>quam</strong></span> <span class='ocrx_word' id='word_1_269' title='bbox 1084 2950 1119 3003; x_wconf 90' lang='lat' dir='ltr'><strong>ut</strong></span> <span class='ocrx_word' id='word_1_270' title='bbox 1132 2958 1186 3001; x_wconf 86' lang='lat' dir='ltr'><strong>ex·</strong></span> 
     </span>
     <span class='ocr_line' id='line_1_34' title="bbox 206 3024 1188 3102; baseline 0.002 -18"><span class='ocrx_word' id='word_1_271' title='bbox 206 3024 274 3084; x_wconf 88' lang='lat' dir='ltr'><strong>silio</strong></span> <span class='ocrx_word' id='word_1_272' title='bbox 295 3039 365 3083; x_wconf 92' lang='lat' dir='ltr'><strong>eum</strong></span> <span class='ocrx_word' id='word_1_273' title='bbox 383 3024 557 3099; x_wconf 89' lang='lat' dir='ltr'><strong>multarent,</strong></span> <span class='ocrx_word' id='word_1_274' title='bbox 579 3025 662 3086; x_wconf 90' lang='lat' dir='ltr'><strong>bona</strong></span> <span class='ocrx_word' id='word_1_275' title='bbox 683 3027 749 3088; x_wconf 91' lang='lat' dir='ltr'><strong>eius</strong></span> <span class='ocrx_word' id='word_1_276' title='bbox 763 3026 962 3101; x_wconf 91' lang='lat' dir='ltr'><strong>publicarent.</strong></span> <span class='ocrx_word' id='word_1_277' title='bbox 995 3029 1141 3102; x_wconf 79' lang='lat' dir='ltr'><strong>perfugas</strong></span> <span class='ocrx_word' id='word_1_278' title='bbox 1156 3033 1188 3087; x_wconf 85' lang='lat' dir='ltr'><strong>et</strong></span> 
     </span>
     <span class='ocr_line' id='line_1_35' title="bbox 205 3106 1186 3187; baseline 0.005 -21"><span class='ocrx_word' id='word_1_279' title='bbox 205 3106 358 3181; x_wconf 90' lang='lat' dir='ltr'><strong>fugitivos,</strong></span> <span class='ocrx_word' id='word_1_280' title='bbox 375 3124 453 3183; x_wconf 92' lang='lat' dir='ltr'><strong>quos</strong></span> <span class='ocrx_word' id='word_1_281' title='bbox 465 3107 648 3184; x_wconf 90' lang='lat' dir='ltr'><strong>inquirendo</strong></span> <span class='ocrx_word' id='word_1_282' title='bbox 659 3111 811 3186; x_wconf 85' lang='lat' dir='ltr'><strong>vestigare</strong></span> <span class='ocrx_word' id='word_1_283' title='bbox 823 3112 985 3187; x_wconf 87' lang='lat' dir='ltr'><strong>potuerint,</strong></span> <span class='ocrx_word' id='word_1_284' title='bbox 1000 3111 1186 3186; x_wconf 90' lang='lat' dir='ltr'><strong>reddidisse,</strong></span> 
     </span>
     <span class='ocr_line' id='line_1_36' title="bbox 205 3190 1186 3271; baseline 0.006 -22"><span class='ocrx_word' id='word_1_285' title='bbox 205 3197 236 3250; x_wconf 88' lang='lat' dir='ltr'><strong>et</strong></span> <span class='ocrx_word' id='word_1_286' title='bbox 249 3190 288 3250; x_wconf 91' lang='lat' dir='ltr'><strong>de</strong></span> <span class='ocrx_word' id='word_1_287' title='bbox 308 3207 346 3250; x_wconf 90' lang='lat' dir='ltr'><strong>ea</strong></span> <span class='ocrx_word' id='word_1_288' title='bbox 359 3207 394 3252; x_wconf 88' lang='lat' dir='ltr'><strong>re</strong></span> <span class='ocrx_word' id='word_1_289' title='bbox 413 3193 563 3254; x_wconf 91' lang='lat' dir='ltr'><strong>missuros</strong></span> <span class='ocrx_word' id='word_1_290' title='bbox 583 3195 701 3269; x_wconf 89' lang='lat' dir='ltr'><strong>legatos</strong></span> <span class='ocrx_word' id='word_1_291' title='bbox 716 3196 859 3270; x_wconf 89' lang='lat' dir='ltr'><strong>Romam,</strong></span> <span class='ocrx_word' id='word_1_292' title='bbox 882 3199 934 3271; x_wconf 91' lang='lat' dir='ltr'><strong>qui</strong></span> <span class='ocrx_word' id='word_1_293' title='bbox 954 3195 1075 3257; x_wconf 90' lang='lat' dir='ltr'><strong>senatui</strong></span> <span class='ocrx_word' id='word_1_294' title='bbox 1095 3194 1186 3256; x_wconf 90' lang='lat' dir='ltr'><strong>satis·</strong></span> 
     </span>
     <span class='ocr_line' id='line_1_37' title="bbox 205 3275 1186 3353; baseline 0.009 -21"><span class='ocrx_word' id='word_1_295' title='bbox 205 3275 348 3335; x_wconf 90' lang='lat' dir='ltr'><strong>facerent.</strong></span> <span class='ocrx_word' id='word_1_296' title='bbox 384 3277 516 3338; x_wconf 88' lang='lat' dir='ltr'><strong>ducenta</strong></span> <span class='ocrx_word' id='word_1_297' title='bbox 535 3277 616 3337; x_wconf 90' lang='lat' dir='ltr'><strong>milia</strong></span> <span class='ocrx_word' id='word_1_298' title='bbox 636 3280 771 3340; x_wconf 91' lang='lat' dir='ltr'><strong>modium</strong></span> <span class='ocrx_word' id='word_1_299' title='bbox 785 3280 875 3340; x_wconf 90' lang='lat' dir='ltr'><strong>tritici</strong></span> <span class='ocrx_word' id='word_1_300' title='bbox 888 3282 1031 3353; x_wconf 87' lang='lat' dir='ltr'><strong>Romam,</strong></span> <span class='ocrx_word' id='word_1_301' title='bbox 1053 3280 1186 3341; x_wconf 86' lang='lat' dir='ltr'><strong>ducenta</strong></span> 
     </span>
     <span class='ocr_line' id='line_1_38' title="bbox 205 3357 1210 3425; baseline 0.006 -7"><span class='ocrx_word' id='word_1_302' title='bbox 205 3357 245 3418; x_wconf 91' lang='lat' dir='ltr'><strong>ad</strong></span> <span class='ocrx_word' id='word_1_303' title='bbox 260 3359 426 3420; x_wconf 88' lang='lat' dir='ltr'><strong>exercitum</strong></span> <span class='ocrx_word' id='word_1_304' title='bbox 439 3360 470 3420; x_wconf 90' lang='lat' dir='ltr'><strong>in</strong></span> <span class='ocrx_word' id='word_1_305' title='bbox 484 3360 696 3423; x_wconf 87' lang='lat' dir='ltr'><strong>Macedoniam</strong></span> <span class='ocrx_word' id='word_1_306' title='bbox 709 3364 864 3424; x_wconf 87' lang='lat' dir='ltr'><strong>misemnt.</strong></span> <span class='ocrx_word' id='word_1_307' title='bbox 886 3363 958 3425; x_wconf 89' lang='lat' dir='ltr'><strong>inde</strong></span> <span class='ocrx_word' id='word_1_308' title='bbox 972 3363 1004 3423; x_wconf 90' lang='lat' dir='ltr'><strong>in</strong></span> <span class='ocrx_word' id='word_1_309' title='bbox 1014 3363 1185 3425; x_wconf 88' lang='lat' dir='ltr'><strong>Nmnidiam</strong></span> <span class='ocrx_word' id='word_1_310' title='bbox 1208 3387 1210 3389; x_wconf 89' lang='lat'>·</span> 
     </span>
     <span class='ocr_line' id='line_1_39' title="bbox 204 3442 1185 3523; baseline 0.008 -22"><span class='ocrx_word' id='word_1_311' title='bbox 204 3442 244 3502; x_wconf 88' lang='lat' dir='ltr'><strong>ad</strong></span> <span class='ocrx_word' id='word_1_312' title='bbox 258 3457 349 3519; x_wconf 87' lang='lat' dir='ltr'><strong>reges</strong></span> <span class='ocrx_word' id='word_1_313' title='bbox 365 3444 494 3520; x_wconf 87' lang='lat' dir='ltr'><strong>profecti</strong></span> <span class='ocrx_word' id='word_1_314' title='bbox 508 3445 608 3521; x_wconf 87' lang='lat' dir='ltr'><strong>legati.</strong></span> <span class='ocrx_word' id='word_1_315' title='bbox 638 3448 720 3507; x_wconf 90' lang='lat' dir='ltr'><strong>dona</strong></span> <span class='ocrx_word' id='word_1_316' title='bbox 735 3449 806 3508; x_wconf 90' lang='lat' dir='ltr'><strong>data</strong></span> <span class='ocrx_word' id='word_1_317' title='bbox 818 3448 1010 3523; x_wconf 87' lang='lat' dir='ltr'><strong>Masinissae,</strong></span> <span class='ocrx_word' id='word_1_318' title='bbox 1026 3447 1185 3508; x_wconf 87' lang='lat' dir='ltr'><strong>mandata·</strong></span> 
     </span>
    </p>
   </div>
   <div class='ocr_carea' id='block_1_10' title="bbox 0 0 1304 4000">
    <p class='ocr_par' dir='ltr' id='par_1_11' title="bbox 0 0 1304 4000">
     <span class='ocr_line' id='line_1_40' title="bbox 0 0 1304 4000; baseline 0 0"><span class='ocrx_word' id='word_1_319' title='bbox 0 0 1304 4000; x_wconf 95' lang='lat' dir='ltr'><strong> </strong></span> 
     </span>
    </p>
   </div>
  </div>
 </body>
</html>
