2600 4000
281 239 398 302 amaa
411 240 530 302 xxxv.
552 241 636 303 cnr.
651 250 748 307 raro.
769 244 804 322 p.
817 247 922 326 ersa]
1021 246 1081 312 191

104 393 263 471 quondam
283 393 413 466 amicus,
435 409 534 470 nuper
546 394 652 456 relicto
667 408 705 457 eo
720 402 845 457 secutus
861 399 1081 472 opulentiorem

101 478 218 554 regiam
233 477 393 548 Antiochl3
416 484 447 538 et
459 485 615 553 tamquam
633 477 750 554 peritus
766 477 913 541 Graeciae
926 497 984 543 nec
998 482 1081 558 lgna·

100 578 157 623 rus
170 562 393 635 Romanorum,
414 561 446 621 in
460 577 530 622 eum
543 563 672 637 gradum
687 563 836 624 amicitiae
849 564 947 639 regis,
963 571 996 626 ut
1010 581 1082 627 con·

100 644 180 707 siliis
202 661 328 721 quoque
348 645 468 705 arcanis
490 646 667 721 interesset,
686 653 833 722 acceptus
849 653 923 708 erat.
950 648 993 723 is,
1009 655 1082 710 tarn·

101 744 196 805 quam
209 745 271 791 uon
285 736 386 791 uuum
400 728 575 791 bellandum
585 736 672 790 essct
681 744 780 791 necne
791 731 1011 807 consuleretur,
1026 734 1082 794 sed

99 812 154 875 ubi
165 819 206 873 et
225 828 286 889 qua
304 812 423 874 ratione
442 812 555 874 bellum
575 820 747 890 gereretur,
767 814 924 877 victoriam
945 831 981 876 se
1000 815 1081 877 haud

100 896 225 958 dubiam
236 911 411 973 proponere
422 897 523 959 animo
535 896 725 974 adfirmabat,
740 898 767 960 si
778 898 973 975 inuoroponr
983 907 1081 962 trans·

100 980 178 1041 isset
189 996 248 1041 rex
262 981 336 1041 etin
351 981 454 1057 aliqua
466 981 611 1042 Graeciae
623 989 711 1058 parte
725 983 832 1043 sedern
842 971 924 1045 bello
937 984 1082 1059 cepisset.

99 1062 161 1125 iarn
178 1064 310 1140 primum
323 1065 467 1138 Aetolos,
489 1065 541 1141 qui
554 1066 728 1127 umbilicum
743 1066 891 1128 Graeciae
904 1067 1081 1144 incolerent,

99 1148 131 1208 iu
157 1148 249 1209 anuis
274 1164 345 1210 cunr
368 1148 579 1224 inventurum,
602 1149 820 1225 antesignanos
846 1150 887 1212 ad
912 1142 1081 1228 asperrima

100 1247 243 1308 quaeque
265 1231 337 1294 belli
357 1239 492 1308 paratos.
526 1233 557 1293 in
578 1233 701 1295 duobus
722 1234 807 1295 velut
825 1233 971 1297 cornibus
988 1236 1078 1297 Grae

100 1316 176 1391 ciac,
190 1314 298 1377 Nabim
313 1315 559 1393 aPeloponneso
575 1317 794 1380 concitaturum
810 1318 926 1395 omnia,
940 1326 1081 1395 repeten-

99 1407 161 1460 tem
181 1400 366 1476 Argivorum
390 1400 513 1476 urbem,
539 1408 727 1478 repetentem
746 1402 912 1464 maritimas
933 1404 1080 1478 civitates,

100 1482 213 1560 quibus
235 1499 305 1545 eum
326 1485 490 1560 depulsum
508 1485 639 1547 Romani
658 1485 899 1549 Lacedaemonis
921 1488 1015 1548 muris
1036 1488 1080 1547 in-

98 1568 280 1638 clusissent;
300 1585 319 1629 a
331 1567 515 1631 Macedonia
528 1569 710 1647 Philippum,
724 1571 778 1632 ubi
791 1571 924 1647 primunr
937 1570 1081 1631 bellicum

99 1651 169 1711 cuni
193 1653 344 1726 audisset,
371 1668 457 1714 arma
476 1661 646 1730 capturum.
682 1668 779 1716 nosse
799 1669 834 1715 se
855 1653 980 1728 spiritus
1002 1653 1079 1725 eius,

99 1750 195 1796 nosse
214 1737 363 1808 animum
390 1738 472 1798 scire
492 1738 624 1799 terarum
644 1738 753 1811 modo,
775 1752 856 1813 quae
872 1736 1015 1798 claustris
1029 1741 1081 1797 aut

100 1819 229 1880 vinculis
249 1826 405 1895 tenentur,
427 1822 559 1897 ingentis
581 1822 642 1881 iarn
663 1822 715 1882 diu
735 1822 797 1881 iras
818 1834 888 1881 eum
908 1820 938 1879 in
953 1827 1080 1895 pectore

97 1903 231 1965 volvere.
264 1904 440 1965 meminisse
460 1904 551 1965 etiam
571 1921 622 1979 se,
644 1904 787 1981 quotiens
807 1904 838 1964 in
858 1901 939 1964 bello
959 1904 1079 1980 precari

98 1988 198 2048 omnis
220 1988 298 2049 deos
319 1987 428 2048 solitus
444 1987 498 2063 sit,
519 1994 553 2049 ut
565 1987 751 2050 Antiochum
766 1987 824 2049 sibi
839 1988 948 2050 darent
961 1988 1076 2051 adiuto-

97 2086 178 2140 rem;
207 2070 295 2131 cuius
315 2069 379 2130 voti
400 2071 426 2131 sl
442 2086 571 2145 compos
588 2087 671 2131 nunc
685 2073 751 2145 fiat,
773 2073 885 2132 nullam
900 2089 1017 2134 moram
1030 2088 1072 2133 re

97 2153 232 2214 bellandi
254 2154 412 2214 iacturum.
444 2159 560 2213 tautum
580 2170 642 2215 non
662 2155 866 2215 cunctantium
879 2170 938 2216 nec
953 2171 1070 2216 cassan

97 2237 172 2297 dunr
196 2252 284 2298 esses
316 2236 347 2297 in
368 2250 406 2296 eo
427 2236 507 2296 enim
531 2236 690 2298 victoriam
716 2238 808 2312 verti,
834 2237 862 2299 si
884 2243 914 2299 et
933 2240 1002 2299 locu
1022 2254 1071 2313 op

96 2328 230 2397 portuna
247 2328 278 2383 et
297 2319 374 2383 socii
390 2329 700 2397 praeoccuparentur.
731 2321 933 2383 Hannibalem
954 2335 1080 2398 quoque

97 2406 165 2465 sine
184 2420 272 2467 mora
295 2405 474 2467 mittendum
493 2404 524 2466 in
541 2405 679 2467 Airieam
698 2420 771 2467 esse
790 2405 831 2466 ad
850 2404 1079 2483 deningendos

97 2489 262 2552 Romanos.

180 2574 257 2635 XIX.
284 2573 436 2635 Hannibal
455 2590 517 2635 non
532 2572 685 2635 adhibitus
701 2574 793 2636 estin
809 2573 985 2648 consilium,
1008 2587 1078 2648 pro

97 2663 166 2733 pter
177 2656 331 2733 colloquia
344 2673 414 2718 curn
424 2656 517 2718 Villio
532 2664 698 2732 suspectus
712 2658 778 2733 regi
790 2665 821 2719 et
830 2657 861 2718 in
873 2657 957 2719 nullo
968 2664 1080 2733 postea

96 2740 216 2804 lronore
243 2739 374 2801 habitus.
409 2740 508 2814 primo
533 2755 602 2800 eam
626 2742 840 2802 contumeliam
866 2741 976 2802 tacitus
1002 2740 1077 2813 tulit,

96 2822 210 2884 deinde
230 2820 341 2884 melius
362 2838 434 2883 esse
453 2829 539 2883 ratus
560 2831 591 2884 et
611 2824 803 2899 percunctari
824 2840 949 2886 causam
966 2838 1077 2900 repen-

95 2908 178 2970 tinae
198 2906 389 2968 alienationis
410 2912 441 2966 et
461 2921 595 2982 purgare
615 2922 666 2980 se,
686 2914 823 2983 ternpore
845 2913 917 2984 apto
937 2907 1078 2983 quaesite

96 2991 276 3068 simpliciter
293 2989 469 3052 iracundiae
484 3006 578 3051 causa
593 2990 768 3067 auditaque,
784 2998 892 3067 „pater
904 2992 1077 3052 Hamilcar“

96 3075 202 3153 inquit,
214 3073 395 3150 „Andocha
407 3088 535 3150 parvum
548 3074 713 3137 admodum
724 3091 782 3151 me,
798 3090 868 3136 curn
880 3074 1074 3147 sacrificaret,

95 3160 243 3222 altaribus
264 3159 419 3222 admotum
441 3158 637 3220 iureiurando
653 3159 756 3235 adegit
769 3175 933 3236 numquam
948 3160 1077 3221 ornicum

96 3245 164 3305 lore
184 3244 290 3321 populi
304 3243 442 3305 Romani.
472 3243 530 3304 sub
550 3243 610 3305 hoc
630 3251 823 3306 sacramento
841 3259 898 3305 sex
912 3252 943 3306 et
956 3243 1076 3319 triginta

96 3342 195 3388 annos
216 3327 356 3403 militavi,
378 3327 438 3389 lroc
458 3343 507 3388 me
527 3327 557 3388 in
578 3343 658 3403 pace
672 3328 770 3403 patria
783 3344 853 3390 mea
867 3329 998 3404 expulit,
1017 3326 1077 3387 lroc

96 3411 196 3490 putria
216 3419 368 3473 extorrem
383 3411 414 3472 iu
428 3419 511 3473 tuam
526 3411 641 3486 regiam
656 3412 798 3487 adduxit,
813 3413 874 3474 hoc
888 3412 982 3486 duce,
1002 3410 1030 3471 si
1044 3417 1076 3471 tu

96 3511 186 3573 spem
199 3510 299 3556 meam
313 3495 502 3569 destitueris,
522 3495 708 3571 ubicumque
721 3497 819 3571 vires,
838 3495 891 3557 ubi
905 3511 989 3555 arma
1004 3506 1077 3554 esse
