2600 4000
189 266 272 361 ‘raa
358 266 473 327 amun
487 265 620 327 xxxrv.
644 266 727 326 cnr.
741 273 768 327 e.
783 270 808 329 r.
833 271 869 340 n.
885 269 920 323 u.
936 286 961 327 a.
977 269 1039 330 esu

208 416 288 494 tetis,
302 425 333 481 et
347 415 420 494 quia
432 415 567 481 oninium
579 416 767 494 privatorum
780 416 932 494 pecuniae
943 417 975 480 in
987 435 1079 481 usum
1091 419 1192 497 publi-

208 519 278 566 cum
297 503 464 564 vertendae
486 508 586 576 erant,
613 500 702 562 istam
724 503 824 577 legem
845 500 1028 578 scripsisse,
1054 510 1116 564 tam
1139 503 1192 565 diu

208 601 383 649 mansuram
399 601 492 663 quum
512 584 565 647 diu
587 600 683 646 causa
703 584 886 646 scribendae
907 583 986 662 legis
1004 585 1193 649 mansissett

207 688 277 733 nam
292 670 320 733 si
335 686 416 747 quae
430 678 503 733 tuno
517 668 666 745 temporis
680 685 775 731 causa
785 678 838 731 aut
850 668 1126 735 decrevitsenatus
1140 679 1193 733 aut
1298 728 1299 739 ,

208 756 343 833 populus
358 753 463 827 iussit,
485 751 516 813 in
531 761 716 830 perpetuum
731 752 849 814 servari
867 760 1005 828 oportet,
1027 770 1083 816 cur
1096 770 1191 831 pecu-

208 838 276 901 nias
289 836 447 900 reddimus
462 836 612 913 privatist
626 851 682 898 cur
696 836 820 912 publica
831 836 988 913 praesenti
999 837 1132 914 pecunia
1146 840 1191 901 lo-

208 929 337 985 camust
359 937 414 982 eur
428 920 511 981 servi
526 921 579 997 qui
593 919 721 982 militent
735 935 797 982 nen
818 927 980 983 emunturt
1006 937 1062 983 cur
1081 920 1191 999 privati

208 1025 269 1067 nnn
285 1006 394 1066 damus
408 1002 551 1079 remiges,
567 1004 647 1065 sicut
660 1013 734 1066 tune
748 1003 912 1066 dedimust
936 1005 1004 1065 vll.
1020 1021 1128 1068 omnes
1139 1005 1192 1068 olii

209 1090 349 1160 ordines,
371 1104 479 1150 omnes
494 1086 635 1150 homines
650 1087 848 1150 mutationem
861 1087 892 1149 in
906 1087 1064 1151 meliorem
1079 1098 1192 1153 statum

207 1171 253 1233 rei
267 1170 410 1248 publicae
425 1170 571 1234 sentient=
587 1172 627 1232 ad
639 1172 788 1248 coniuges
799 1180 916 1247 tantum
926 1181 1051 1235 nostras
1061 1172 1148 1251 pacis
1160 1183 1192 1236 et

210 1254 434 1331 tranquillitatis
455 1254 597 1331 publicae
622 1257 740 1318 ductus
762 1273 823 1318 non
849 1255 1031 1332 pervenisti
1053 1274 1191 1335 purpura

209 1339 413 1412 virtutensi,
436 1338 618 1416 praetextati
632 1339 663 1401 in
678 1339 920 1416 magistratibus,
943 1339 974 1401 in
990 1340 1190 1413 sacerdotils;

209 1423 295 1484 liberi
310 1423 406 1485 nostri
421 1422 589 1500 praetextis
605 1440 741 1500 purpura
754 1424 835 1501 togis
850 1432 988 1495 utenbura
1009 1424 1192 1501 magistrati-

208 1509 268 1570 bus
282 1506 313 1568 in
328 1506 459 1569 colomis
479 1506 733 1584 municipiisque,
759 1507 809 1568 hie
828 1510 945 1569 Romae
966 1508 1071 1572 infimo
1085 1507 1193 1585 generi

208 1590 362 1669 magistris
376 1590 515 1653 vicorum
529 1600 620 1668 togae
636 1599 813 1667 praetextae
828 1593 991 1654 habendae
1003 1592 1053 1655 ius
1066 1591 1193 1669 permit-

209 1686 324 1749 temus;
339 1692 397 1739 nec
412 1675 444 1737 id
458 1686 492 1738 ut
504 1674 568 1736 vivi
584 1677 684 1737 solum
699 1676 832 1738 habeant
845 1683 961 1738 tantum
975 1675 1110 1752 insigne,
1133 1677 1193 1737 sed

209 1760 300 1824 etiam
313 1770 347 1824 ut
361 1776 430 1823 eum
442 1777 480 1823 eo
493 1769 666 1823 crementur
677 1758 802 1821 mortula
819 1759 939 1821 leminis
951 1762 1108 1823 dumtaxat
1117 1776 1187 1837 pur·

210 1862 304 1923 purae
317 1863 377 1908 usu
391 1844 631 1908 interdicemust
656 1852 687 1906 et
707 1860 776 1905 eum
792 1843 847 1905 tibi
868 1843 934 1906 viro
949 1844 1039 1906 liceat
1052 1860 1192 1921 purpura

209 1928 239 1991 in
247 1936 335 1989 veste
347 1929 482 2005 stragula
487 1928 541 1999 uti,
549 1937 674 1991 matrem
688 1926 819 1990 familiae
833 1935 913 1990 tunm
922 1944 1109 2007 purpureum
1116 1927 1191 1988 ami·

129 2009 132 2013 ’
209 2015 312 2084 culum
326 2013 439 2074 habere
453 2030 515 2074 non
528 2011 628 2089 sines,
645 2021 676 2076 et
690 2030 790 2091 equus
805 2023 877 2076 tuus
891 2013 1066 2091 speciosius
1081 2012 1193 2075 instra·

209 2105 259 2159 tus
274 2094 331 2157 erit
346 2112 437 2173 quam
451 2112 532 2160 uxor
544 2098 678 2161 vestitor
702 2098 805 2160 sedin
819 2114 973 2175 purpura,
990 2114 1071 2174 quae
1084 2095 1193 2160 teritur

209 2179 393 2255 absumitur,
414 2180 557 2245 iniustam
573 2182 712 2260 quidem,
728 2184 785 2246 sed
799 2180 933 2258 utquam
948 2190 1048 2244 tamen
1063 2197 1192 2244 causam

210 2264 381 2328 tenacitatis
396 2265 504 2330 video=
526 2267 557 2328 in
572 2284 648 2331 auro
662 2284 751 2340 vero,
768 2265 799 2327 ln
815 2283 877 2343 quo
892 2274 1015 2343 praeter
1028 2280 1194 2343 manupre·
1233 2340 1238 2347 Ι

209 2348 284 2412 tium
292 2349 367 2412 nihil
378 2349 637 2425 intertrimentum,
650 2367 732 2426 quae
741 2349 914 2427 malignitas
921 2357 991 2411 esti
1002 2348 1194 2428 praesidium

210 2434 314 2511 potius
327 2432 358 2493 in
373 2449 412 2494 eo
425 2442 474 2496 est
488 2441 519 2494 et
531 2434 573 2494 ad
587 2432 725 2509 privatos
739 2434 824 2495 etad
838 2432 981 2510 publicos
995 2450 1089 2508 usus,
1111 2431 1194 2496 sieut
1234 2471 1240 2479 ·

210 2515 330 2592 experti
344 2515 429 2577 estis.
466 2516 579 2576 nullam
599 2515 834 2579 aemulationem
848 2518 927 2579 iuter
941 2533 977 2579 se
991 2516 1193 2596 singularum,

211 2598 355 2675 quoniam
369 2600 457 2659 nulla'
467 2599 609 2673 haberet,
624 2615 698 2661 esso
712 2598 822 2662 aiebat.
852 2610 883 2663 at
897 2601 1022 2664 hercule
1035 2599 1192 2664 universis
1296 2643 1297 2686 p

210 2683 299 2744 dolor
313 2689 343 2742 ot
357 2680 526 2758 indignatio
539 2691 595 2757 est,
611 2699 681 2745 oum
693 2682 848 2747 sociorum
858 2683 958 2747 Latini
969 2684 1102 2748 nominis
1113 2701 1192 2747 uxo
1295 2703 1296 2710 ¹

209 2765 295 2826 ribus
306 2763 415 2827 vident
428 2782 467 2828 ea
481 2781 634 2829 concessa
649 2776 843 2843 ornamenta,
866 2786 947 2845 quan
967 2769 1027 2832 sibi
1046 2771 1193 2845 adempta

210 2848 285 2917 sinte
308 2865 377 2910 eum
397 2848 604 2927 insignis-cas
627 2868 700 2915 esee
718 2869 794 2915 auro
809 2862 840 2915 et
853 2870 1011 2931 purpura;
1038 2871 1108 2916 oum
1120 2852 1192 2914 illas

210 2931 280 2994 vehi
294 2950 351 3009 per
364 2935 486 3010 urbem,
509 2952 545 2998 se
559 2936 692 3012 pedibus
713 2935 819 3014 sequi,
845 2946 1001 3015 tamquam
1021 2938 1052 3000 in
1071 2938 1194 3001 illarum

210 3014 394 3092 civitatibus,
410 3036 472 3080 non
487 3019 517 3081 ln
533 3036 591 3081 sua
604 3019 766 3097 imperium
776 3021 824 3085 sit.
846 3021 983 3085 virorum
997 3023 1057 3085 hoc
1070 3022 1193 3090 animos

208 3101 372 3164 vulnerare
395 3113 518 3178 posset:
548 3102 623 3179 quid
648 3103 893 3170 muliercularum
922 3107 1079 3182 censetis,
1113 3121 1193 3182 quas

210 3182 301 3245 etiam
315 3202 412 3261 parva
426 3194 572 3250 moventt
584 3204 647 3264 non
662 3188 857 3265 magistratus
871 3208 929 3254 nec
944 3191 1119 3254 sacerdotia
1133 3205 1194 3250 nec

209 3266 353 3346 triumphi
367 3287 425 3332 uec
439 3269 572 3348 insignia
585 3288 643 3334 neo
658 3273 741 3343 dona
754 3282 807 3336 aut
821 3275 922 3352 spolia
934 3275 1046 3337 bellica
1060 3273 1099 3336 iis
1118 3290 1194 3336 con-

209 3351 327 3428 tingere
340 3363 490 3429 possunt:
511 3356 678 3419 munditiae
693 3367 864 3421 sternutus
879 3369 911 3421 et
925 3362 1040 3435 cultus,
1053 3359 1132 3421 haec
1147 3359 1193 3418 ie-

208 3435 358 3500 minarum
372 3437 505 3514 insignia
520 3448 606 3512 suut;
633 3441 683 3502 bis
703 3444 837 3518 gaudent
858 3451 888 3504 et
905 3442 1087 3519 gloriantur,
1107 3443 1193 3505 hunc

206 3524 357 3583 mundum
366 3522 545 3585 muliebrem
554 3527 747 3601 appellarunt
757 3526 890 3588 maiores
900 3527 1006 3589 nostri.
1024 3526 1193 3604 quidaliud
