2600 4000
301 243 559 307 nmnnxxxrv.
582 243 923 320 CAP.1.2.[e.c.195i
1038 246 1099 310 tae

171 402 256 462 fleret,
272 398 332 450 Sex.
345 398 433 449 Aelius
445 400 537 449 Paetus
551 403 576 448 et
591 395 616 448 G.
634 394 765 448 Gomeliue
782 395 908 462 Cethegus
924 412 1044 449 censores
1060 402 1098 451 iu-

169 476 333 523 tervcnemnt
351 483 408 518 eum
428 467 602 531 indignatione
618 465 709 531 plebis.
737 463 850 515 coloniae
866 465 1003 531 pleraeque
1019 468 1097 519 dedu·

170 548 226 592 ctae
236 545 302 589 eunt
320 537 353 590 ll.
365 536 469 588 Porcius
482 534 543 586 Galo
553 534 585 585 de
597 533 901 600 hispanietriumphavit.
927 533 954 589 T.
968 534 1098 593 Quinctius
1198 540 1202 546 ’

170 607 338 667 Flamininus,
355 606 399 669 qui
409 603 555 669 Philippum
566 603 733 654 Macedonum
746 616 832 668 regem
845 610 870 652 et
882 601 1006 652 Nabidem
1020 604 1097 654 Lace-

172 675 362 728 daemoniorum
375 681 509 740 tyrannum
520 672 615 723 vicerat
625 671 806 733 Graeciamque
821 685 922 721 omnem
937 670 1096 733 liberaverat,

174 744 279 795 obhere
291 756 375 793 rerum
388 748 516 808 gmtarum
531 739 718 791 multitudinem
728 740 812 789 triduo
822 739 994 804 triumphavit
1019 739 1098 807 legati

170 812 416 879 Carthaglnleueium
431 810 609 862 nuntiaverunt
628 807 808 872 Hannibalem,
829 809 873 872 qui
892 808 927 859 ad
943 808 1097 859 Antiochum

170 881 333 948 confugerat,
351 878 445 930 bellum
459 893 516 929 eum
531 893 562 929 eo
575 876 667 929 molini.
694 884 860 943 temptaverat
874 884 960 928 autem
972 877 1097 928 Hannibal

168 966 215 1016 per
223 950 367 1000 Aristonem
376 948 487 1014 Tyrium,
498 947 553 997 siue
561 946 650 997 litteris
661 944 839 1011 Carthaginem
847 946 963 1010 missum,
974 946 1008 997 ad
1016 946 1084 997 rebel

169 1019 274 1069 laudum
281 1016 380 1068 Poenos
393 1016 528 1066 concitare.

201 1131 224 1190 l.
252 1131 333 1192 Inter
355 1130 504 1193 bellorum
525 1145 705 1205 magnorum
724 1134 776 1190 aut
796 1128 921 1189 vixdum
941 1127 1095 1191 finitorum

117 1220 169 1276 aut
189 1213 407 1275 imminentium
428 1228 518 1276 curas
537 1211 712 1275 intercessit
730 1228 780 1273 res
802 1227 898 1287 parua
918 1211 1016 1286 datu,
1038 1213 1096 1274 sed

117 1314 198 1374 quae
218 1295 329 1361 studiis
343 1298 374 1357 in
388 1313 531 1373 magnum
551 1303 703 1358 certamen
719 1296 897 1357 excesserit.
918 1294 959 1356 bl.
974 1294 1094 1356 Funda-

5 1439 6 1442 ,
117 1383 188 1443 nius
209 1390 242 1443 et
253 1382 287 1442 L.
301 1381 445 1443 Valerius
465 1380 577 1444 tribuni
596 1378 699 1456 plebei
718 1381 759 1442 ed
773 1379 895 1455 plebem
908 1380 1042 1440 tulerunt
1054 1381 1094 1440 de

119 1464 218 1541 Oppia
239 1467 305 1540 lege
324 1465 512 1541 abroganda.
548 1467 658 1528 tulerat
678 1478 745 1523 eam
766 1463 797 1524 C.
815 1462 933 1540 Oppius
954 1463 1094 1525 tribunus

118 1547 219 1624 plebis
230 1547 263 1622 Q.
273 1547 367 1610 Fabio
379 1547 422 1610 Ti.
435 1548 616 1626 Sempronio
629 1547 818 1622 oonsulibus,
829 1546 860 1607 in
871 1546 972 1608 medio
984 1546 1095 1608 ardore

120 1629 222 1692 Punici
239 1632 318 1705 belli,
341 1647 380 1693 ne
396 1649 457 1708 qua
469 1634 577 1696 mulier
591 1633 662 1708 plus
677 1631 866 1692 semunciam
879 1628 945 1690 nuri
958 1629 1093 1703 haberet,

118 1730 180 1776 neu
196 1715 373 1779 vestimento
391 1716 573 1778 versicolori
587 1723 738 1787 uteretur,
758 1729 819 1774 neu
833 1711 936 1773 iuueto
951 1710 1093 1773 vehiculo
1116 1791 1120 1797 Ι

116 1796 147 1858 in
173 1799 248 1860 urbe
272 1800 428 1875 oppidove
452 1807 505 1861 aut
529 1798 659 1877 propius
683 1797 755 1858 iude
774 1796 856 1857 mille
880 1811 1008 1872 passus,
1034 1794 1092 1857 nisi

116 1897 273 1945 sacrorum
298 1879 491 1959 publicorum
512 1899 621 1957 cause,
646 1879 893 1946 veneronum
914 1886 946 1941 et
964 1878 996 1939 P.
1016 1879 1094 1940 Iunii

114 1965 200 2028 Bruti
213 1964 325 2029 tribuni
339 1966 439 2041 plebis
453 1967 553 2040 legem
568 1966 699 2042 Oppiam
713 1965 882 2040 tuebantur,
902 1978 1042 2026 neceam
1057 1979 1093 2025 se

114 2050 257 2126 abrogari
268 2064 418 2125 passuros
431 2049 567 2119 aiebant;
582 2050 622 2109 ad
633 2049 825 2110 suadendum
837 2048 1092 2110 dissuadendum·

115 2148 178 2208 que
199 2132 283 2192 multi
303 2130 423 2192 nobiles
439 2131 617 2206 prodibant;
640 2129 820 2206 capitolium
834 2130 923 2191 turba
936 2131 1094 2191 homiuum

5 2264 7 2271 ,
115 2214 281 2276 lavantium
303 2213 594 2290 adversantiumque
613 2212 675 2288 legi
691 2213 916 2287 comprabatum
936 2218 1094 2273 mamonae

114 2298 200 2358 nulla
214 2312 271 2358 nec
286 2295 465 2359 auctoritate
478 2312 536 2358 nec
549 2297 737 2359 verecundia
747 2309 805 2356 nec
816 2295 944 2371 imperio
957 2295 1093 2356 virorum

114 2381 264 2443 contineri
282 2381 385 2443 limine
406 2388 562 2458 poterone
585 2381 684 2444 omnis
703 2379 770 2441 vias
784 2379 869 2441 urbis
885 2379 1047 2454 aditusque
1061 2379 1091 2440 in

114 2467 215 2526 iorum
235 2465 432 2540 obsidebant,
454 2465 538 2526 viros
557 2465 774 2527 descendentis
788 2464 829 2524 ed
843 2465 943 2526 iorum
957 2470 1092 2539 orentes,

113 2553 147 2611 ut
160 2547 289 2610 florente
307 2564 342 2609 re
361 2549 499 2625 publica,
519 2556 677 2611 crescente
696 2549 727 2608 in
742 2548 809 2609 dies
823 2549 944 2624 privata
958 2547 1092 2609 omniurn

113 2632 250 2708 fortuna,
271 2634 420 2695 matronis
435 2649 560 2710 quoque
575 2633 736 2711 pristinum
750 2639 889 2695 ornatum
903 2631 991 2692 reddi
1005 2638 1090 2706 pate-

112 2721 226 2777 rentur.
244 2717 414 2792 augebatur
426 2716 503 2778 haec
518 2717 689 2793 frequentia
702 2717 862 2777 mulierum
876 2716 907 2776 iu
922 2715 1005 2776 dies:
1020 2731 1090 2776 nam

112 2800 264 2876 etiamen
284 2801 407 2877 oppidis
430 2800 702 2876 conciliabulisque
721 2800 954 2861 conveniebant.
986 2799 1047 2858 iam
1061 2805 1092 2858 et

113 2883 257 2944 consules
272 2891 494 2959 praetoresque
506 2890 536 2945 et
547 2884 624 2946 alios
636 2885 832 2959 magistratus
843 2881 930 2943 adire
940 2889 971 2943 et
980 2896 1091 2958 rogare

112 2965 282 3030 audebantc
314 2974 449 3029 cemrum
473 2966 595 3028 minime
621 2967 808 3029 exorabilem
833 2967 961 3028 alterum
984 2966 1091 3043 utique
1128 3031 1130 3034 Α

112 3051 271 3111 consulem
292 3050 333 3111 Μ.
353 3051 492 3114 Porcium
515 3052 659 3114 catonem
679 3051 847 3124 habebant,
873 3050 926 3125 qui
944 3050 1090 3126 prolege

113 3149 192 3208 quoe
207 3135 412 3210 abrogabatur
423 3135 466 3198 ita
481 3136 635 3198 disseruit.
656 3137 692 3196 ll.
715 3133 763 3211 „si
777 3135 809 3196 in
823 3149 880 3196 sue
892 3134 1025 3210 quisque
1035 3149 1089 3195 no·

112 3224 210 3279 strum
223 3227 319 3280 matre
333 3219 474 3295 familiae,
486 3218 626 3294 Quirites,
641 3220 691 3282 ius
706 3227 737 3281 et
750 3216 940 3280 maiestatem
953 3218 1010 3279 viri
1020 3217 1089 3279 reti-

111 3316 185 3361 nere
209 3302 405 3377 instituisset,
434 3303 534 3364 miuus
560 3319 629 3364 cum
654 3302 807 3365 universis
832 3302 952 3364 leminis
976 3299 1091 3377 negotii

110 3383 309 3447 haberemus
336 3403 419 3448 nunc
440 3387 522 3448 domi
542 3387 622 3447 ncta
641 3388 766 3448 libertas
786 3393 893 3449 nostra
911 3384 1091 3460 impotentia

110 3466 250 3528 muliebri
264 3469 314 3530 hic
329 3487 455 3548 quoque
468 3470 500 3531 in
515 3471 582 3532 loro
597 3469 744 3532 obteritur
757 3476 788 3531 et
802 3471 951 3543 calcatur,
973 3476 1004 3530 et
1018 3466 1090 3543 quia
