<?xml version="1.0" encoding="UTF-8"?>
<!DOCTYPE html PUBLIC "-//W3C//DTD XHTML 1.0 Transitional//EN"
    "http://www.w3.org/TR/xhtml1/DTD/xhtml1-transitional.dtd">
<html xmlns="http://www.w3.org/1999/xhtml" xml:lang="en" lang="en">
 <head>
  <title>
</title>
<meta http-equiv="Content-Type" content="text/html;charset=utf-8" />
  <meta name='ocr-system' content='tesseract 3.04.00' />
  <meta name='ocr-capabilities' content='ocr_page ocr_carea ocr_par ocr_line ocrx_word'/>
</head>
<body>
  <div class='ocr_page' id='page_1' title='image "./aburbeconditali00mlgoog_0289.png"; bbox 0 0 2600 4000; ppageno 0'>
   <div class='ocr_carea' id='block_1_1' title="bbox 253 291 1097 371">
    <p class='ocr_par' dir='ltr' id='par_1_1' title="bbox 253 291 1097 371">
     <span class='ocr_line' id='line_1_1' title="bbox 253 291 1097 371; baseline 0.004 -19"><span class='ocrx_word' id='word_1_1' title='bbox 253 292 511 352; x_wconf 72' lang='lat' dir='ltr'><strong>amrmxrrxvr.</strong></span> <span class='ocrx_word' id='word_1_2' title='bbox 534 291 616 352; x_wconf 78' lang='lat' dir='ltr'><strong>car.</strong></span> <span class='ocrx_word' id='word_1_3' title='bbox 633 299 785 355; x_wconf 76' lang='lat' dir='ltr'><strong>maras.</strong></span> <span class='ocrx_word' id='word_1_4' title='bbox 805 292 841 369; x_wconf 81' lang='lat' dir='ltr'><strong>p.</strong></span> <span class='ocrx_word' id='word_1_5' title='bbox 854 298 887 352; x_wconf 90' lang='lat' dir='ltr'><strong>c.</strong></span> <span class='ocrx_word' id='word_1_6' title='bbox 901 295 962 371; x_wconf 76' lang='grc' dir='ltr'>ιιι]</span> <span class='ocrx_word' id='word_1_7' title='bbox 1034 293 1097 357; x_wconf 76' lang='lat'><strong>245</strong></span> 
     </span>
    </p>
   </div>
   <div class='ocr_carea' id='block_1_2' title="bbox 2 442 1097 604">
    <p class='ocr_par' dir='ltr' id='par_1_2' title="bbox 2 442 1097 604">
     <span class='ocr_line' id='line_1_2' title="bbox 2 442 1097 523; baseline -0.001 -13"><span class='ocrx_word' id='word_1_8' title='bbox 2 475 3 510; x_wconf 76' lang='lat' dir='ltr'><strong>t</strong></span> <span class='ocrx_word' id='word_1_9' title='bbox 122 445 235 519; x_wconf 80' lang='lat' dir='ltr'><strong>temti,</strong></span> <span class='ocrx_word' id='word_1_10' title='bbox 260 442 392 507; x_wconf 88' lang='lat' dir='ltr'><strong>concilio</strong></span> <span class='ocrx_word' id='word_1_11' title='bbox 412 443 565 523; x_wconf 78' lang='lat' dir='ltr'><strong>Hypatam</strong></span> <span class='ocrx_word' id='word_1_12' title='bbox 585 450 693 504; x_wconf 88' lang='lat' dir='ltr'><strong>coacto</strong></span> <span class='ocrx_word' id='word_1_13' title='bbox 715 442 834 519; x_wconf 77' lang='lat' dir='ltr'><strong>legatos</strong></span> <span class='ocrx_word' id='word_1_14' title='bbox 853 443 895 503; x_wconf 89' lang='lat' dir='ltr'><strong>od</strong></span> <span class='ocrx_word' id='word_1_15' title='bbox 913 445 1097 509; x_wconf 78' lang='lat' dir='ltr'><strong>Antiochum</strong></span> 
     </span>
     <span class='ocr_line' id='line_1_3' title="bbox 2 523 1097 604; baseline 0.001 -13"><span class='ocrx_word' id='word_1_16' title='bbox 2 549 3 562; x_wconf 56' lang='lat'>¹</span> <span class='ocrx_word' id='word_1_17' title='bbox 119 528 282 602; x_wconf 89' lang='lat' dir='ltr'><strong>miserunt,</strong></span> <span class='ocrx_word' id='word_1_18' title='bbox 303 526 381 589; x_wconf 89' lang='lat' dir='ltr'><strong>inter</strong></span> <span class='ocrx_word' id='word_1_19' title='bbox 400 543 481 604; x_wconf 90' lang='lat' dir='ltr'><strong>quos</strong></span> <span class='ocrx_word' id='word_1_20' title='bbox 502 526 646 588; x_wconf 87' lang='lat' dir='ltr'><strong>etThoas</strong></span> <span class='ocrx_word' id='word_1_21' title='bbox 666 524 749 588; x_wconf 89' lang='lat' dir='ltr'><strong>idem</strong></span> <span class='ocrx_word' id='word_1_22' title='bbox 769 523 823 603; x_wconf 89' lang='lat' dir='ltr'><strong>qui</strong></span> <span class='ocrx_word' id='word_1_23' title='bbox 836 533 868 587; x_wconf 91' lang='lat' dir='ltr'><strong>et</strong></span> <span class='ocrx_word' id='word_1_24' title='bbox 880 533 971 588; x_wconf 86' lang='lat' dir='ltr'><strong>antea</strong></span> <span class='ocrx_word' id='word_1_25' title='bbox 984 527 1097 592; x_wconf 81' lang='lat' dir='ltr'><strong>mIssus</strong></span> 
     </span>
    </p>
   </div>
   <div class='ocr_carea' id='block_1_3' title="bbox 120 608 1099 856">
    <p class='ocr_par' dir='ltr' id='par_1_3' title="bbox 120 608 1099 856">
     <span class='ocr_line' id='line_1_4' title="bbox 120 608 1099 688; baseline -0.001 -13"><span class='ocrx_word' id='word_1_26' title='bbox 120 619 177 675; x_wconf 89' lang='lat' dir='ltr'><strong>est.</strong></span> <span class='ocrx_word' id='word_1_27' title='bbox 203 613 347 674; x_wconf 88' lang='lat' dir='ltr'><strong>mundata</strong></span> <span class='ocrx_word' id='word_1_28' title='bbox 359 617 462 687; x_wconf 90' lang='lat' dir='ltr'><strong>erant,</strong></span> <span class='ocrx_word' id='word_1_29' title='bbox 476 618 510 672; x_wconf 93' lang='lat' dir='ltr'><strong>ut</strong></span> <span class='ocrx_word' id='word_1_30' title='bbox 523 611 562 671; x_wconf 89' lang='lat' dir='ltr'><strong>ab</strong></span> <span class='ocrx_word' id='word_1_31' title='bbox 576 626 649 686; x_wconf 83' lang='lat' dir='ltr'><strong>rege</strong></span> <span class='ocrx_word' id='word_1_32' title='bbox 664 617 817 685; x_wconf 89' lang='lat' dir='ltr'><strong>peterent,</strong></span> <span class='ocrx_word' id='word_1_33' title='bbox 840 608 971 686; x_wconf 88' lang='lat' dir='ltr'><strong>primum</strong></span> <span class='ocrx_word' id='word_1_34' title='bbox 984 621 1017 673; x_wconf 91' lang='lat' dir='ltr'><strong>ut</strong></span> <span class='ocrx_word' id='word_1_35' title='bbox 1031 612 1099 688; x_wconf 93' lang='lat' dir='ltr'><strong>ipse</strong></span> 
     </span>
     <span class='ocr_line' id='line_1_5' title="bbox 120 693 1097 771; baseline 0 -14"><span class='ocrx_word' id='word_1_36' title='bbox 120 697 236 759; x_wconf 80' lang='lat' dir='ltr'><strong>coactis</strong></span> <span class='ocrx_word' id='word_1_37' title='bbox 255 711 364 757; x_wconf 90' lang='lat' dir='ltr'><strong>rursus</strong></span> <span class='ocrx_word' id='word_1_38' title='bbox 382 695 578 757; x_wconf 80' lang='lat' dir='ltr'>terrestribus</span> <span class='ocrx_word' id='word_1_39' title='bbox 596 693 821 771; x_wconf 86' lang='lat' dir='ltr'><strong>navalibusque</strong></span> <span class='ocrx_word' id='word_1_40' title='bbox 842 693 941 770; x_wconf 90' lang='lat' dir='ltr'><strong>copiis</strong></span> <span class='ocrx_word' id='word_1_41' title='bbox 958 693 989 756; x_wconf 92' lang='lat' dir='ltr'><strong>in</strong></span> <span class='ocrx_word' id='word_1_42' title='bbox 1006 696 1097 758; x_wconf 89' lang='lat' dir='ltr'><strong>Grae·</strong></span> 
     </span>
     <span class='ocr_line' id='line_1_6' title="bbox 122 775 1098 856; baseline 0 -15"><span class='ocrx_word' id='word_1_43' title='bbox 122 781 201 842; x_wconf 90' lang='lat' dir='ltr'><strong>ciam</strong></span> <span class='ocrx_word' id='word_1_44' title='bbox 214 777 370 852; x_wconf 87' lang='lat' dir='ltr'><strong>traiceret,</strong></span> <span class='ocrx_word' id='word_1_45' title='bbox 394 775 521 854; x_wconf 88' lang='lat' dir='ltr'><strong>deinde,</strong></span> <span class='ocrx_word' id='word_1_46' title='bbox 542 778 571 839; x_wconf 93' lang='lat' dir='ltr'><strong>si</strong></span> <span class='ocrx_word' id='word_1_47' title='bbox 585 795 648 855; x_wconf 88' lang='lat' dir='ltr'><strong>qua</strong></span> <span class='ocrx_word' id='word_1_48' title='bbox 661 777 763 854; x_wconf 87' lang='lat' dir='ltr'><strong>ipsum</strong></span> <span class='ocrx_word' id='word_1_49' title='bbox 778 784 896 840; x_wconf 87' lang='lat' dir='ltr'><strong>teneret</strong></span> <span class='ocrx_word' id='word_1_50' title='bbox 909 795 976 854; x_wconf 92' lang='lat' dir='ltr'><strong>res,</strong></span> <span class='ocrx_word' id='word_1_51' title='bbox 997 786 1031 841; x_wconf 95' lang='lat' dir='ltr'><strong>ut</strong></span> <span class='ocrx_word' id='word_1_52' title='bbox 1044 798 1098 856; x_wconf 90' lang='lat' dir='ltr'><strong>pc-</strong></span> 
     </span>
    </p>
   </div>
   <div class='ocr_carea' id='block_1_4' title="bbox 2 859 1098 938">
    <p class='ocr_par' dir='ltr' id='par_1_4' title="bbox 2 859 1098 938">
     <span class='ocr_line' id='line_1_7' title="bbox 2 859 1098 938; baseline 0.001 -13"><span class='ocrx_word' id='word_1_53' title='bbox 2 901 3 912; x_wconf 45' lang='lat'>1</span> <span class='ocrx_word' id='word_1_54' title='bbox 120 864 240 925; x_wconf 89' lang='lat' dir='ltr'><strong>cuniam</strong></span> <span class='ocrx_word' id='word_1_55' title='bbox 265 859 429 925; x_wconf 74' lang='lat' dir='ltr'><strong>stamina</strong></span> <span class='ocrx_word' id='word_1_56' title='bbox 451 860 590 924; x_wconf 83' lang='lat' dir='ltr'><strong>mitteret</strong></span> <span class='ocrx_word' id='word_1_57' title='bbox 625 862 657 923; x_wconf 92' lang='lat' dir='ltr'><strong>ld</strong></span> <span class='ocrx_word' id='word_1_58' title='bbox 676 877 746 923; x_wconf 89' lang='lat' dir='ltr'><strong>cum</strong></span> <span class='ocrx_word' id='word_1_59' title='bbox 770 862 811 923; x_wconf 91' lang='lat' dir='ltr'><strong>ad</strong></span> <span class='ocrx_word' id='word_1_60' title='bbox 830 859 1006 938; x_wconf 79' lang='lat' dir='ltr'><strong>dignitstom</strong></span> <span class='ocrx_word' id='word_1_61' title='bbox 1031 864 1098 926; x_wconf 84' lang='lat' dir='ltr'><strong>eius</strong></span> 
     </span>
    </p>
   </div>
   <div class='ocr_carea' id='block_1_5' title="bbox 115 944 1098 2361">
    <p class='ocr_par' dir='ltr' id='par_1_5' title="bbox 116 944 1098 1692">
     <span class='ocr_line' id='line_1_8' title="bbox 117 944 1098 1024; baseline 0.002 -17"><span class='ocrx_word' id='word_1_62' title='bbox 117 947 275 1024; x_wconf 79' lang='lat' dir='ltr'><strong>fidemque</strong></span> <span class='ocrx_word' id='word_1_63' title='bbox 295 945 464 1022; x_wconf 86' lang='lat' dir='ltr'><strong>pertinere,</strong></span> <span class='ocrx_word' id='word_1_64' title='bbox 485 961 547 1007; x_wconf 89' lang='lat' dir='ltr'><strong>nou</strong></span> <span class='ocrx_word' id='word_1_65' title='bbox 567 944 659 1022; x_wconf 91' lang='lat' dir='ltr'><strong>prodl</strong></span> <span class='ocrx_word' id='word_1_66' title='bbox 674 945 794 1021; x_wconf 88' lang='lat' dir='ltr'><strong>socios,</strong></span> <span class='ocrx_word' id='word_1_67' title='bbox 815 953 879 1007; x_wconf 90' lang='lat' dir='ltr'><strong>tum</strong></span> <span class='ocrx_word' id='word_1_68' title='bbox 893 946 984 1009; x_wconf 88' lang='lat' dir='ltr'><strong>etiam</strong></span> <span class='ocrx_word' id='word_1_69' title='bbox 997 948 1039 1009; x_wconf 89' lang='lat' dir='ltr'><strong>ad</strong></span> <span class='ocrx_word' id='word_1_70' title='bbox 1052 945 1098 1009; x_wconf 90' lang='lat' dir='ltr'><strong>iu·</strong></span> 
     </span>
     <span class='ocr_line' id='line_1_9' title="bbox 118 1028 1097 1106; baseline 0.001 -14"><span class='ocrx_word' id='word_1_71' title='bbox 118 1028 322 1092; x_wconf 90' lang='lat' dir='ltr'><strong>columitatem</strong></span> <span class='ocrx_word' id='word_1_72' title='bbox 336 1030 432 1105; x_wconf 75' lang='lat' dir='ltr'><strong>regni,</strong></span> <span class='ocrx_word' id='word_1_73' title='bbox 447 1044 487 1090; x_wconf 92' lang='lat' dir='ltr'><strong>ue</strong></span> <span class='ocrx_word' id='word_1_74' title='bbox 496 1029 611 1091; x_wconf 88' lang='lat' dir='ltr'><strong>sineret</strong></span> <span class='ocrx_word' id='word_1_75' title='bbox 621 1031 778 1092; x_wconf 85' lang='lat' dir='ltr'><strong>Romanos</strong></span> <span class='ocrx_word' id='word_1_76' title='bbox 789 1045 906 1093; x_wconf 83' lang='lat' dir='ltr'><strong>vacuos</strong></span> <span class='ocrx_word' id='word_1_77' title='bbox 918 1031 1000 1092; x_wconf 89' lang='lat' dir='ltr'><strong>omni</strong></span> <span class='ocrx_word' id='word_1_78' title='bbox 1015 1048 1097 1106; x_wconf 82' lang='lat' dir='ltr'><strong>cura,</strong></span> 
     </span>
     <span class='ocr_line' id='line_1_10' title="bbox 119 1112 1098 1191; baseline 0.002 -16"><span class='ocrx_word' id='word_1_79' title='bbox 119 1131 190 1175; x_wconf 88' lang='lat' dir='ltr'><strong>cum</strong></span> <span class='ocrx_word' id='word_1_80' title='bbox 210 1115 391 1176; x_wconf 81' lang='lat' dir='ltr'>Aetolorum</span> <span class='ocrx_word' id='word_1_81' title='bbox 410 1120 532 1189; x_wconf 75' lang='lat' dir='ltr'><strong>gentem</strong></span> <span class='ocrx_word' id='word_1_82' title='bbox 552 1112 765 1189; x_wconf 80' lang='lat' dir='ltr'><strong>sustulissent,</strong></span> <span class='ocrx_word' id='word_1_83' title='bbox 787 1112 928 1176; x_wconf 89' lang='lat' dir='ltr'><strong>omnibus</strong></span> <span class='ocrx_word' id='word_1_84' title='bbox 950 1112 1049 1191; x_wconf 87' lang='lat' dir='ltr'><strong>copiis</strong></span> <span class='ocrx_word' id='word_1_85' title='bbox 1067 1116 1098 1177; x_wconf 88' lang='lat' dir='ltr'><strong>in</strong></span> 
     </span>
     <span class='ocr_line' id='line_1_11' title="bbox 119 1196 1097 1276; baseline 0.003 -18"><span class='ocrx_word' id='word_1_86' title='bbox 119 1199 223 1259; x_wconf 78' lang='lat' dir='ltr'><strong>Astam</strong></span> <span class='ocrx_word' id='word_1_87' title='bbox 247 1197 386 1259; x_wconf 81' lang='lat' dir='ltr'><strong>traicere.</strong></span> <span class='ocrx_word' id='word_1_88' title='bbox 417 1212 492 1257; x_wconf 93' lang='lat' dir='ltr'><strong>vera</strong></span> <span class='ocrx_word' id='word_1_89' title='bbox 511 1206 597 1259; x_wconf 87' lang='lat' dir='ltr'><strong>orant</strong></span> <span class='ocrx_word' id='word_1_90' title='bbox 618 1213 698 1275; x_wconf 89' lang='lat' dir='ltr'><strong>quae</strong></span> <span class='ocrx_word' id='word_1_91' title='bbox 718 1196 913 1260; x_wconf 85' lang='lat' dir='ltr'><strong>dicebantur=</strong></span> <span class='ocrx_word' id='word_1_92' title='bbox 941 1215 979 1261; x_wconf 93' lang='lat' dir='ltr'><strong>eo</strong></span> <span class='ocrx_word' id='word_1_93' title='bbox 1000 1199 1097 1276; x_wconf 83' lang='lat' dir='ltr'><strong>magis</strong></span> 
     </span>
     <span class='ocr_line' id='line_1_12' title="bbox 118 1280 1098 1359; baseline 0.003 -17"><span class='ocrx_word' id='word_1_94' title='bbox 118 1298 221 1358; x_wconf 81' lang='lat' dir='ltr'><strong>regem</strong></span> <span class='ocrx_word' id='word_1_95' title='bbox 235 1287 404 1344; x_wconf 84' lang='lat' dir='ltr'><strong>movcmnt.</strong></span> <span class='ocrx_word' id='word_1_96' title='bbox 427 1280 530 1357; x_wconf 88' lang='lat' dir='ltr'><strong>itaque</strong></span> <span class='ocrx_word' id='word_1_97' title='bbox 543 1281 573 1342; x_wconf 92' lang='lat' dir='ltr'><strong>in</strong></span> <span class='ocrx_word' id='word_1_98' title='bbox 588 1282 762 1357; x_wconf 90' lang='lat' dir='ltr'><strong>praesentia</strong></span> <span class='ocrx_word' id='word_1_99' title='bbox 775 1280 946 1357; x_wconf 88' lang='lat' dir='ltr'><strong>pecuniam,</strong></span> <span class='ocrx_word' id='word_1_100' title='bbox 964 1299 1043 1359; x_wconf 87' lang='lat' dir='ltr'><strong>quau</strong></span> <span class='ocrx_word' id='word_1_101' title='bbox 1057 1286 1098 1345; x_wconf 91' lang='lat' dir='ltr'><strong>ad</strong></span> 
     </span>
     <span class='ocr_line' id='line_1_13' title="bbox 118 1362 1098 1442; baseline 0.002 -16"><span class='ocrx_word' id='word_1_102' title='bbox 118 1382 193 1427; x_wconf 90' lang='lat' dir='ltr'><strong>usus</strong></span> <span class='ocrx_word' id='word_1_103' title='bbox 208 1364 280 1426; x_wconf 87' lang='lat' dir='ltr'><strong>belli</strong></span> <span class='ocrx_word' id='word_1_104' title='bbox 294 1362 472 1426; x_wconf 80' lang='lat' dir='ltr'><strong>necessarIa</strong></span> <span class='ocrx_word' id='word_1_105' title='bbox 485 1373 559 1440; x_wconf 87' lang='lat' dir='ltr'><strong>erat,</strong></span> <span class='ocrx_word' id='word_1_106' title='bbox 573 1364 681 1442; x_wconf 78' lang='lat' dir='ltr'><strong>legatis</strong></span> <span class='ocrx_word' id='word_1_107' title='bbox 696 1362 795 1436; x_wconf 85' lang='lat' dir='ltr'><strong>dedit;</strong></span> <span class='ocrx_word' id='word_1_108' title='bbox 817 1363 932 1428; x_wconf 87' lang='lat' dir='ltr'><strong>auxilia</strong></span> <span class='ocrx_word' id='word_1_109' title='bbox 941 1367 1098 1429; x_wconf 81' lang='lat' dir='ltr'><strong>terrestria</strong></span> 
     </span>
     <span class='ocr_line' id='line_1_14' title="bbox 118 1447 1097 1525; baseline 0.004 -16"><span class='ocrx_word' id='word_1_110' title='bbox 118 1448 301 1525; x_wconf 81' lang='lat' dir='ltr'><strong>navaliaque</strong></span> <span class='ocrx_word' id='word_1_111' title='bbox 321 1448 494 1510; x_wconf 80' lang='lat' dir='ltr'><strong>adfirmavit</strong></span> <span class='ocrx_word' id='word_1_112' title='bbox 508 1447 683 1510; x_wconf 79' lang='lat' dir='ltr'><strong>mIssumm.</strong></span> <span class='ocrx_word' id='word_1_113' title='bbox 709 1449 877 1512; x_wconf 83' lang='lat' dir='ltr'><strong>Thoantem</strong></span> <span class='ocrx_word' id='word_1_114' title='bbox 892 1467 986 1514; x_wconf 91' lang='lat' dir='ltr'><strong>unum</strong></span> <span class='ocrx_word' id='word_1_115' title='bbox 1000 1467 1040 1512; x_wconf 91' lang='lat' dir='ltr'><strong>ex</strong></span> <span class='ocrx_word' id='word_1_116' title='bbox 1054 1452 1097 1513; x_wconf 88' lang='lat' dir='ltr'><strong>le·</strong></span> 
     </span>
     <span class='ocr_line' id='line_1_15' title="bbox 116 1531 1097 1607; baseline 0.003 -15"><span class='ocrx_word' id='word_1_117' title='bbox 116 1531 194 1607; x_wconf 81' lang='lat' dir='ltr'><strong>gatis</strong></span> <span class='ocrx_word' id='word_1_118' title='bbox 205 1531 338 1606; x_wconf 85' lang='lat' dir='ltr'><strong>retinuit,</strong></span> <span class='ocrx_word' id='word_1_119' title='bbox 352 1540 384 1595; x_wconf 90' lang='lat' dir='ltr'><strong>et</strong></span> <span class='ocrx_word' id='word_1_120' title='bbox 393 1531 495 1607; x_wconf 92' lang='lat' dir='ltr'><strong>ipsum</strong></span> <span class='ocrx_word' id='word_1_121' title='bbox 506 1532 588 1594; x_wconf 88' lang='lat' dir='ltr'><strong>haud</strong></span> <span class='ocrx_word' id='word_1_122' title='bbox 600 1531 727 1594; x_wconf 90' lang='lat' dir='ltr'><strong>invitum</strong></span> <span class='ocrx_word' id='word_1_123' title='bbox 738 1542 914 1607; x_wconf 87' lang='lat' dir='ltr'><strong>morantem,</strong></span> <span class='ocrx_word' id='word_1_124' title='bbox 927 1541 960 1596; x_wconf 92' lang='lat' dir='ltr'><strong>ut</strong></span> <span class='ocrx_word' id='word_1_125' title='bbox 971 1542 1097 1597; x_wconf 86' lang='lat' dir='ltr'><strong>exactor</strong></span> 
     </span>
     <span class='ocr_line' id='line_1_16' title="bbox 117 1615 653 1692; baseline 0 -17"><span class='ocrx_word' id='word_1_126' title='bbox 117 1632 267 1691; x_wconf 89' lang='lat' dir='ltr'><strong>praesens</strong></span> <span class='ocrx_word' id='word_1_127' title='bbox 282 1615 504 1692; x_wconf 89' lang='lat' dir='ltr'><strong>promissomm</strong></span> <span class='ocrx_word' id='word_1_128' title='bbox 519 1617 653 1679; x_wconf 88' lang='lat' dir='ltr'><strong>adesset.</strong></span> 
     </span>
    </p>

    <p class='ocr_par' dir='ltr' id='par_1_6' title="bbox 115 1700 1097 2361">
     <span class='ocr_line' id='line_1_17' title="bbox 198 1700 1097 1776; baseline -0.006 -14"><span class='ocrx_word' id='word_1_129' title='bbox 198 1700 319 1762; x_wconf 82' lang='lat' dir='ltr'><strong>XXVII.</strong></span> <span class='ocrx_word' id='word_1_130' title='bbox 346 1700 483 1763; x_wconf 82' lang='lat' dir='ltr'><strong>Ceterum</strong></span> <span class='ocrx_word' id='word_1_131' title='bbox 502 1701 654 1762; x_wconf 87' lang='lat' dir='ltr'><strong>Heraclea</strong></span> <span class='ocrx_word' id='word_1_132' title='bbox 672 1708 762 1776; x_wconf 85' lang='lat' dir='ltr'><strong>capta</strong></span> <span class='ocrx_word' id='word_1_133' title='bbox 781 1700 871 1775; x_wconf 78' lang='lat' dir='ltr'><strong>fregit</strong></span> <span class='ocrx_word' id='word_1_134' title='bbox 889 1700 1012 1762; x_wconf 87' lang='lat' dir='ltr'><strong>tandem</strong></span> <span class='ocrx_word' id='word_1_135' title='bbox 1033 1701 1097 1761; x_wconf 89' lang='lat' dir='ltr'><strong>ani.</strong></span> 
     </span>
     <span class='ocr_line' id='line_1_18' title="bbox 116 1782 1095 1860; baseline 0.002 -16"><span class='ocrx_word' id='word_1_136' title='bbox 116 1800 184 1844; x_wconf 92' lang='lat' dir='ltr'><strong>mos</strong></span> <span class='ocrx_word' id='word_1_137' title='bbox 195 1785 391 1856; x_wconf 85' lang='lat' dir='ltr'><strong>Aetolomm;</strong></span> <span class='ocrx_word' id='word_1_138' title='bbox 414 1791 444 1847; x_wconf 92' lang='lat' dir='ltr'><strong>et</strong></span> <span class='ocrx_word' id='word_1_139' title='bbox 457 1801 576 1860; x_wconf 91' lang='lat' dir='ltr'><strong>paucos</strong></span> <span class='ocrx_word' id='word_1_140' title='bbox 590 1793 665 1860; x_wconf 90' lang='lat' dir='ltr'><strong>post</strong></span> <span class='ocrx_word' id='word_1_141' title='bbox 678 1782 745 1844; x_wconf 90' lang='lat' dir='ltr'><strong>dies</strong></span> <span class='ocrx_word' id='word_1_142' title='bbox 762 1798 854 1858; x_wconf 92' lang='lat' dir='ltr'><strong>quam</strong></span> <span class='ocrx_word' id='word_1_143' title='bbox 868 1783 908 1844; x_wconf 90' lang='lat' dir='ltr'><strong>ad</strong></span> <span class='ocrx_word' id='word_1_144' title='bbox 921 1782 1034 1843; x_wconf 88' lang='lat' dir='ltr'><strong>bellum</strong></span> <span class='ocrx_word' id='word_1_145' title='bbox 1048 1800 1095 1847; x_wconf 90' lang='lat' dir='ltr'><strong>ro·</strong></span> 
     </span>
     <span class='ocr_line' id='line_1_19' title="bbox 116 1864 1095 1944; baseline 0.001 -17"><span class='ocrx_word' id='word_1_146' title='bbox 116 1868 292 1930; x_wconf 86' lang='lat' dir='ltr'><strong>novandum</strong></span> <span class='ocrx_word' id='word_1_147' title='bbox 311 1869 555 1944; x_wconf 86' lang='lat' dir='ltr'><strong>acciendumque</strong></span> <span class='ocrx_word' id='word_1_148' title='bbox 568 1883 674 1943; x_wconf 81' lang='lat' dir='ltr'><strong>regem</strong></span> <span class='ocrx_word' id='word_1_149' title='bbox 687 1865 718 1926; x_wconf 90' lang='lat' dir='ltr'><strong>in</strong></span> <span class='ocrx_word' id='word_1_150' title='bbox 732 1864 840 1927; x_wconf 88' lang='lat' dir='ltr'><strong>Asiam</strong></span> <span class='ocrx_word' id='word_1_151' title='bbox 854 1866 1000 1928; x_wconf 89' lang='lat' dir='ltr'><strong>miserant</strong></span> <span class='ocrx_word' id='word_1_152' title='bbox 1013 1867 1095 1943; x_wconf 80' lang='lat' dir='ltr'><strong>lega·</strong></span> 
     </span>
     <span class='ocr_line' id='line_1_20' title="bbox 116 1948 1096 2027; baseline -0.001 -13"><span class='ocrx_word' id='word_1_153' title='bbox 116 1961 181 2027; x_wconf 87' lang='lat' dir='ltr'><strong>tos,</strong></span> <span class='ocrx_word' id='word_1_154' title='bbox 206 1950 335 2014; x_wconf 84' lang='lat' dir='ltr'><strong>obiectis</strong></span> <span class='ocrx_word' id='word_1_155' title='bbox 358 1950 431 2013; x_wconf 89' lang='lat' dir='ltr'><strong>belli</strong></span> <span class='ocrx_word' id='word_1_156' title='bbox 452 1949 590 2013; x_wconf 88' lang='lat' dir='ltr'><strong>consillis</strong></span> <span class='ocrx_word' id='word_1_157' title='bbox 614 1949 703 2026; x_wconf 88' lang='lat' dir='ltr'><strong>pacis</strong></span> <span class='ocrx_word' id='word_1_158' title='bbox 724 1948 882 2024; x_wconf 88' lang='lat' dir='ltr'><strong>petendae·</strong></span> <span class='ocrx_word' id='word_1_159' title='bbox 896 1958 1034 2014; x_wconf 88' lang='lat' dir='ltr'><strong>oratores</strong></span> <span class='ocrx_word' id='word_1_160' title='bbox 1056 1951 1096 2013; x_wconf 91' lang='lat' dir='ltr'><strong>ad</strong></span> 
     </span>
     <span class='ocr_line' id='line_1_21' title="bbox 115 2033 1095 2109; baseline 0.004 -14"><span class='ocrx_word' id='word_1_161' title='bbox 115 2036 273 2096; x_wconf 90' lang='lat' dir='ltr'><strong>consulem</strong></span> <span class='ocrx_word' id='word_1_162' title='bbox 283 2033 441 2095; x_wconf 84' lang='lat' dir='ltr'><strong>miserunt.</strong></span> <span class='ocrx_word' id='word_1_163' title='bbox 457 2050 536 2108; x_wconf 91' lang='lat' dir='ltr'><strong>quos</strong></span> <span class='ocrx_word' id='word_1_164' title='bbox 548 2033 652 2094; x_wconf 89' lang='lat' dir='ltr'><strong>dicero</strong></span> <span class='ocrx_word' id='word_1_165' title='bbox 663 2048 795 2094; x_wconf 88' lang='lat' dir='ltr'><strong>exorsos</strong></span> <span class='ocrx_word' id='word_1_166' title='bbox 808 2037 916 2097; x_wconf 92' lang='lat' dir='ltr'><strong>consul</strong></span> <span class='ocrx_word' id='word_1_167' title='bbox 924 2034 1095 2109; x_wconf 82' lang='lat' dir='ltr'><strong>interfatus,</strong></span> 
     </span>
     <span class='ocr_line' id='line_1_22' title="bbox 115 2114 1095 2197; baseline 0.004 -20"><span class='ocrx_word' id='word_1_168' title='bbox 115 2135 185 2178; x_wconf 91' lang='lat' dir='ltr'><strong>cum</strong></span> <span class='ocrx_word' id='word_1_169' title='bbox 200 2116 260 2177; x_wconf 87' lang='lat' dir='ltr'><strong>alia</strong></span> <span class='ocrx_word' id='word_1_170' title='bbox 273 2115 334 2177; x_wconf 90' lang='lat' dir='ltr'><strong>sihi</strong></span> <span class='ocrx_word' id='word_1_171' title='bbox 347 2116 574 2191; x_wconf 87' lang='lat' dir='ltr'><strong>praevertenda</strong></span> <span class='ocrx_word' id='word_1_172' title='bbox 588 2131 660 2176; x_wconf 90' lang='lat' dir='ltr'><strong>esse</strong></span> <span class='ocrx_word' id='word_1_173' title='bbox 674 2114 812 2192; x_wconf 87' lang='lat' dir='ltr'><strong>dixisset,</strong></span> <span class='ocrx_word' id='word_1_174' title='bbox 826 2118 926 2180; x_wconf 88' lang='lat' dir='ltr'><strong>redire</strong></span> <span class='ocrx_word' id='word_1_175' title='bbox 940 2119 1095 2197; x_wconf 82' lang='lat' dir='ltr'><strong>Hypatam</strong></span> 
     </span>
     <span class='ocr_line' id='line_1_23' title="bbox 115 2197 1094 2272; baseline 0.003 -12"><span class='ocrx_word' id='word_1_176' title='bbox 115 2216 180 2272; x_wconf 92' lang='lat' dir='ltr'><strong>eos,</strong></span> <span class='ocrx_word' id='word_1_177' title='bbox 197 2199 276 2260; x_wconf 90' lang='lat' dir='ltr'><strong>datis</strong></span> <span class='ocrx_word' id='word_1_178' title='bbox 291 2197 410 2260; x_wconf 90' lang='lat' dir='ltr'><strong>dierum</strong></span> <span class='ocrx_word' id='word_1_179' title='bbox 424 2200 532 2262; x_wconf 90' lang='lat' dir='ltr'><strong>decem</strong></span> <span class='ocrx_word' id='word_1_180' title='bbox 545 2197 671 2260; x_wconf 86' lang='lat' dir='ltr'><strong>indutiis</strong></span> <span class='ocrx_word' id='word_1_181' title='bbox 683 2205 714 2259; x_wconf 92' lang='lat' dir='ltr'><strong>et</strong></span> <span class='ocrx_word' id='word_1_182' title='bbox 722 2199 755 2260; x_wconf 88' lang='lat' dir='ltr'><strong>L.</strong></span> <span class='ocrx_word' id='word_1_183' title='bbox 767 2200 891 2262; x_wconf 89' lang='lat' dir='ltr'><strong>Valerio</strong></span> <span class='ocrx_word' id='word_1_184' title='bbox 902 2201 1013 2263; x_wconf 87' lang='lat' dir='ltr'><strong>Flacco</strong></span> <span class='ocrx_word' id='word_1_185' title='bbox 1026 2218 1094 2263; x_wconf 91' lang='lat' dir='ltr'><strong>cum</strong></span> 
     </span>
     <span class='ocr_line' id='line_1_24' title="bbox 116 2281 1093 2361; baseline 0.002 -17"><span class='ocrx_word' id='word_1_186' title='bbox 116 2284 153 2344; x_wconf 91' lang='lat' dir='ltr'><strong>iis</strong></span> <span class='ocrx_word' id='word_1_187' title='bbox 164 2283 271 2357; x_wconf 80' lang='lat' dir='ltr'><strong>mIsso,</strong></span> <span class='ocrx_word' id='word_1_188' title='bbox 285 2283 390 2344; x_wconf 73' lang='lat' dir='ltr'><strong>iussita</strong></span> <span class='ocrx_word' id='word_1_189' title='bbox 405 2281 443 2359; x_wconf 78' lang='lat' dir='ltr'><strong>ei,</strong></span> <span class='ocrx_word' id='word_1_190' title='bbox 459 2298 540 2359; x_wconf 91' lang='lat' dir='ltr'><strong>quae</strong></span> <span class='ocrx_word' id='word_1_191' title='bbox 551 2298 657 2345; x_wconf 91' lang='lat' dir='ltr'><strong>secum</strong></span> <span class='ocrx_word' id='word_1_192' title='bbox 669 2283 766 2344; x_wconf 91' lang='lat' dir='ltr'><strong>acturi</strong></span> <span class='ocrx_word' id='word_1_193' title='bbox 777 2283 916 2359; x_wconf 78' lang='lat' dir='ltr'><strong>fulssent</strong></span> <span class='ocrx_word' id='word_1_194' title='bbox 928 2300 1093 2361; x_wconf 88' lang='lat' dir='ltr'><strong>exponere,</strong></span> 
     </span>
    </p>
   </div>
   <div class='ocr_carea' id='block_1_6' title="bbox 2 2366 1094 2445">
    <p class='ocr_par' dir='ltr' id='par_1_7' title="bbox 2 2366 1094 2445">
     <span class='ocr_line' id='line_1_25' title="bbox 2 2366 1094 2445; baseline 0.002 -18"><span class='ocrx_word' id='word_1_195' title='bbox 2 2410 3 2443; x_wconf 42' lang='grc' dir='ltr'>ι</span> <span class='ocrx_word' id='word_1_196' title='bbox 87 2424 96 2436; x_wconf 80' lang='grc'><strong>,</strong></span> <span class='ocrx_word' id='word_1_197' title='bbox 114 2375 146 2428; x_wconf 90' lang='lat' dir='ltr'><strong>ot</strong></span> <span class='ocrx_word' id='word_1_198' title='bbox 160 2367 188 2427; x_wconf 92' lang='lat' dir='ltr'><strong>si</strong></span> <span class='ocrx_word' id='word_1_199' title='bbox 203 2384 264 2442; x_wconf 90' lang='lat' dir='ltr'><strong>qua</strong></span> <span class='ocrx_word' id='word_1_200' title='bbox 278 2366 393 2428; x_wconf 87' lang='lat' dir='ltr'><strong>vellent</strong></span> <span class='ocrx_word' id='word_1_201' title='bbox 406 2368 475 2428; x_wconf 87' lang='lat' dir='ltr'><strong>alia.</strong></span> <span class='ocrx_word' id='word_1_202' title='bbox 506 2368 661 2445; x_wconf 82' lang='lat' dir='ltr'><strong>Hypatam</strong></span> <span class='ocrx_word' id='word_1_203' title='bbox 674 2373 708 2428; x_wconf 95' lang='lat' dir='ltr'><strong>ut</strong></span> <span class='ocrx_word' id='word_1_204' title='bbox 721 2375 769 2428; x_wconf 91' lang='lat' dir='ltr'><strong>est</strong></span> <span class='ocrx_word' id='word_1_205' title='bbox 782 2376 921 2443; x_wconf 87' lang='lat' dir='ltr'><strong>ventum,</strong></span> <span class='ocrx_word' id='word_1_206' title='bbox 940 2368 1094 2444; x_wconf 87' lang='lat' dir='ltr'><strong>principes</strong></span> 
     </span>
    </p>
   </div>
   <div class='ocr_carea' id='block_1_7' title="bbox 113 2449 1094 2528">
    <p class='ocr_par' dir='ltr' id='par_1_8' title="bbox 113 2449 1094 2528">
     <span class='ocr_line' id='line_1_26' title="bbox 113 2449 1094 2528; baseline 0.004 -17"><span class='ocrx_word' id='word_1_207' title='bbox 113 2451 293 2514; x_wconf 85' lang='lat' dir='ltr'><strong>Aetolorum</strong></span> <span class='ocrx_word' id='word_1_208' title='bbox 319 2452 404 2528; x_wconf 91' lang='lat' dir='ltr'><strong>apud</strong></span> <span class='ocrx_word' id='word_1_209' title='bbox 422 2451 566 2512; x_wconf 84' lang='lat' dir='ltr'><strong>Flaccum</strong></span> <span class='ocrx_word' id='word_1_210' title='bbox 591 2449 754 2512; x_wconf 90' lang='lat' dir='ltr'><strong>concilium</strong></span> <span class='ocrx_word' id='word_1_211' title='bbox 780 2451 952 2514; x_wconf 89' lang='lat' dir='ltr'><strong>habuerunt</strong></span> <span class='ocrx_word' id='word_1_212' title='bbox 976 2455 1094 2515; x_wconf 90' lang='lat' dir='ltr'><strong>oonsul-</strong></span> 
     </span>
    </p>
   </div>
   <div class='ocr_carea' id='block_1_8' title="bbox 2 2531 1094 2697">
    <p class='ocr_par' dir='ltr' id='par_1_9' title="bbox 2 2531 1094 2697">
     <span class='ocr_line' id='line_1_27' title="bbox 2 2531 1093 2613; baseline 0.002 -17"><span class='ocrx_word' id='word_1_213' title='bbox 2 2584 3 2609; x_wconf 32' lang='grc' dir='ltr'>ι</span> <span class='ocrx_word' id='word_1_214' title='bbox 113 2542 222 2608; x_wconf 83' lang='lat' dir='ltr'><strong>tantos,</strong></span> <span class='ocrx_word' id='word_1_215' title='bbox 239 2552 374 2613; x_wconf 89' lang='lat' dir='ltr'><strong>quonam</strong></span> <span class='ocrx_word' id='word_1_216' title='bbox 388 2536 542 2612; x_wconf 79' lang='lat' dir='ltr'><strong>agendum</strong></span> <span class='ocrx_word' id='word_1_217' title='bbox 555 2536 648 2598; x_wconf 91' lang='lat' dir='ltr'><strong>modo</strong></span> <span class='ocrx_word' id='word_1_218' title='bbox 663 2534 748 2609; x_wconf 90' lang='lat' dir='ltr'><strong>apud</strong></span> <span class='ocrx_word' id='word_1_219' title='bbox 762 2537 920 2598; x_wconf 89' lang='lat' dir='ltr'><strong>consulem</strong></span> <span class='ocrx_word' id='word_1_220' title='bbox 935 2531 1023 2598; x_wconf 84' lang='lat' dir='ltr'><strong>foret.</strong></span> <span class='ocrx_word' id='word_1_221' title='bbox 1046 2536 1093 2598; x_wconf 91' lang='lat' dir='ltr'><strong>his</strong></span> 
     </span>
     <span class='ocr_line' id='line_1_28' title="bbox 2 2619 1094 2697; baseline 0.004 -17"><span class='ocrx_word' id='word_1_222' title='bbox 2 2622 3 2627; x_wconf 77' lang='grc'>’</span> <span class='ocrx_word' id='word_1_223' title='bbox 113 2620 293 2695; x_wconf 88' lang='lat' dir='ltr'><strong>parantibus</strong></span> <span class='ocrx_word' id='word_1_224' title='bbox 308 2621 433 2697; x_wconf 86' lang='lat' dir='ltr'><strong>antiqua</strong></span> <span class='ocrx_word' id='word_1_225' title='bbox 445 2619 514 2681; x_wconf 91' lang='lat' dir='ltr'><strong>iura</strong></span> <span class='ocrx_word' id='word_1_226' title='bbox 527 2620 687 2681; x_wconf 81' lang='lat' dir='ltr'><strong>foederum</strong></span> <span class='ocrx_word' id='word_1_227' title='bbox 702 2619 795 2680; x_wconf 89' lang='lat' dir='ltr'><strong>ordiri</strong></span> <span class='ocrx_word' id='word_1_228' title='bbox 810 2620 979 2697; x_wconf 91' lang='lat' dir='ltr'><strong>meritaque</strong></span> <span class='ocrx_word' id='word_1_229' title='bbox 991 2620 1023 2681; x_wconf 91' lang='lat' dir='ltr'><strong>iu</strong></span> <span class='ocrx_word' id='word_1_230' title='bbox 1038 2636 1094 2695; x_wconf 92' lang='lat' dir='ltr'><strong>po·</strong></span> 
     </span>
    </p>
   </div>
   <div class='ocr_carea' id='block_1_9' title="bbox 111 2702 1094 3616">
    <p class='ocr_par' dir='ltr' id='par_1_10' title="bbox 111 2702 1094 3616">
     <span class='ocr_line' id='line_1_29' title="bbox 113 2702 1094 2781; baseline 0.002 -17"><span class='ocrx_word' id='word_1_231' title='bbox 113 2705 218 2778; x_wconf 91' lang='lat' dir='ltr'><strong>pulum</strong></span> <span class='ocrx_word' id='word_1_232' title='bbox 231 2705 417 2779; x_wconf 88' lang='lat' dir='ltr'><strong>Romanum,</strong></span> <span class='ocrx_word' id='word_1_233' title='bbox 437 2704 588 2766; x_wconf 84' lang='lat' dir='ltr'><strong>absIstere</strong></span> <span class='ocrx_word' id='word_1_234' title='bbox 608 2703 646 2764; x_wconf 89' lang='lat' dir='ltr'><strong>iis</strong></span> <span class='ocrx_word' id='word_1_235' title='bbox 659 2702 788 2765; x_wconf 86' lang='lat' dir='ltr'><strong>Flaccus</strong></span> <span class='ocrx_word' id='word_1_236' title='bbox 810 2703 914 2779; x_wconf 87' lang='lat' dir='ltr'><strong>iussit,</strong></span> <span class='ocrx_word' id='word_1_237' title='bbox 937 2719 1017 2781; x_wconf 90' lang='lat' dir='ltr'><strong>quae</strong></span> <span class='ocrx_word' id='word_1_238' title='bbox 1034 2703 1094 2781; x_wconf 89' lang='lat' dir='ltr'><strong>ipsi</strong></span> 
     </span>
     <span class='ocr_line' id='line_1_30' title="bbox 113 2785 1093 2864; baseline 0.002 -18"><span class='ocrx_word' id='word_1_239' title='bbox 113 2788 283 2849; x_wconf 90' lang='lat' dir='ltr'><strong>violassent</strong></span> <span class='ocrx_word' id='word_1_240' title='bbox 303 2803 340 2847; x_wconf 88' lang='lat' dir='ltr'><strong>ac</strong></span> <span class='ocrx_word' id='word_1_241' title='bbox 360 2786 526 2862; x_wconf 82' lang='lat' dir='ltr'><strong>rupissent.</strong></span> <span class='ocrx_word' id='word_1_242' title='bbox 559 2785 788 2850; x_wconf 80' lang='lat' dir='ltr'><strong>contessionem</strong></span> <span class='ocrx_word' id='word_1_243' title='bbox 808 2786 847 2849; x_wconf 93' lang='lat' dir='ltr'><strong>iis</strong></span> <span class='ocrx_word' id='word_1_244' title='bbox 870 2789 980 2863; x_wconf 85' lang='lat' dir='ltr'><strong>culpae</strong></span> <span class='ocrx_word' id='word_1_245' title='bbox 995 2786 1093 2864; x_wconf 78' lang='lat' dir='ltr'><strong>magis</strong></span> 
     </span>
     <span class='ocr_line' id='line_1_31' title="bbox 113 2870 1093 2946; baseline 0.002 -17"><span class='ocrx_word' id='word_1_246' title='bbox 113 2870 318 2945; x_wconf 83' lang='lat' dir='ltr'><strong>profuturam,</strong></span> <span class='ocrx_word' id='word_1_247' title='bbox 342 2876 372 2931; x_wconf 91' lang='lat' dir='ltr'><strong>et</strong></span> <span class='ocrx_word' id='word_1_248' title='bbox 391 2877 485 2932; x_wconf 89' lang='lat' dir='ltr'><strong>totam</strong></span> <span class='ocrx_word' id='word_1_249' title='bbox 504 2870 536 2931; x_wconf 92' lang='lat' dir='ltr'><strong>in</strong></span> <span class='ocrx_word' id='word_1_250' title='bbox 556 2885 668 2946; x_wconf 90' lang='lat' dir='ltr'><strong>preces</strong></span> <span class='ocrx_word' id='word_1_251' title='bbox 690 2870 859 2933; x_wconf 89' lang='lat' dir='ltr'><strong>orationem</strong></span> <span class='ocrx_word' id='word_1_252' title='bbox 875 2887 1013 2932; x_wconf 77' lang='lat' dir='ltr'><strong>versam:</strong></span> <span class='ocrx_word' id='word_1_253' title='bbox 1035 2887 1093 2933; x_wconf 89' lang='lat' dir='ltr'><strong>aec</strong></span> 
     </span>
     <span class='ocr_line' id='line_1_32' title="bbox 113 2951 1094 3031; baseline 0.001 -17"><span class='ocrx_word' id='word_1_254' title='bbox 113 2953 194 3014; x_wconf 89' lang='lat' dir='ltr'><strong>enim</strong></span> <span class='ocrx_word' id='word_1_255' title='bbox 216 2952 247 3014; x_wconf 90' lang='lat' dir='ltr'><strong>in</strong></span> <span class='ocrx_word' id='word_1_256' title='bbox 269 2969 365 3015; x_wconf 92' lang='lat' dir='ltr'><strong>causa</strong></span> <span class='ocrx_word' id='word_1_257' title='bbox 385 2954 524 3031; x_wconf 89' lang='lat' dir='ltr'><strong>ipsorum</strong></span> <span class='ocrx_word' id='word_1_258' title='bbox 544 2956 602 3016; x_wconf 91' lang='lat' dir='ltr'><strong>sed</strong></span> <span class='ocrx_word' id='word_1_259' title='bbox 622 2951 654 3014; x_wconf 89' lang='lat' dir='ltr'><strong>in</strong></span> <span class='ocrx_word' id='word_1_260' title='bbox 669 2953 777 3029; x_wconf 91' lang='lat' dir='ltr'><strong>populi</strong></span> <span class='ocrx_word' id='word_1_261' title='bbox 790 2955 920 3017; x_wconf 87' lang='lat' dir='ltr'><strong>Romani</strong></span> <span class='ocrx_word' id='word_1_262' title='bbox 935 2955 1094 3018; x_wconf 89' lang='lat' dir='ltr'><strong>clementia</strong></span> 
     </span>
     <span class='ocr_line' id='line_1_33' title="bbox 112 3035 1093 3115; baseline 0.002 -17"><span class='ocrx_word' id='word_1_263' title='bbox 112 3054 200 3115; x_wconf 90' lang='lat' dir='ltr'><strong>spem</strong></span> <span class='ocrx_word' id='word_1_264' title='bbox 215 3036 324 3100; x_wconf 90' lang='lat' dir='ltr'><strong>salutis</strong></span> <span class='ocrx_word' id='word_1_265' title='bbox 338 3037 471 3113; x_wconf 83' lang='lat' dir='ltr'><strong>positam</strong></span> <span class='ocrx_word' id='word_1_266' title='bbox 486 3053 566 3099; x_wconf 88' lang='lat' dir='ltr'><strong>esse.</strong></span> <span class='ocrx_word' id='word_1_267' title='bbox 588 3046 618 3099; x_wconf 90' lang='lat' dir='ltr'><strong>et</strong></span> <span class='ocrx_word' id='word_1_268' title='bbox 632 3053 668 3098; x_wconf 90' lang='lat' dir='ltr'><strong>se</strong></span> <span class='ocrx_word' id='word_1_269' title='bbox 683 3035 864 3113; x_wconf 90' lang='lat' dir='ltr'><strong>suppliciter</strong></span> <span class='ocrx_word' id='word_1_270' title='bbox 878 3037 1039 3114; x_wconf 81' lang='lat' dir='ltr'><strong>agentibus</strong></span> <span class='ocrx_word' id='word_1_271' title='bbox 1054 3038 1093 3100; x_wconf 89' lang='lat' dir='ltr'><strong>iis</strong></span> 
     </span>
     <span class='ocr_line' id='line_1_34' title="bbox 112 3121 1092 3200; baseline 0.002 -18"><span class='ocrx_word' id='word_1_272' title='bbox 112 3123 286 3184; x_wconf 85' lang='lat' dir='ltr'><strong>adiuturum</strong></span> <span class='ocrx_word' id='word_1_273' title='bbox 300 3130 331 3184; x_wconf 91' lang='lat' dir='ltr'><strong>et</strong></span> <span class='ocrx_word' id='word_1_274' title='bbox 344 3123 427 3198; x_wconf 90' lang='lat' dir='ltr'><strong>apud</strong></span> <span class='ocrx_word' id='word_1_275' title='bbox 442 3123 601 3183; x_wconf 88' lang='lat' dir='ltr'><strong>consulem</strong></span> <span class='ocrx_word' id='word_1_276' title='bbox 615 3129 646 3184; x_wconf 89' lang='lat' dir='ltr'><strong>et</strong></span> <span class='ocrx_word' id='word_1_277' title='bbox 655 3123 772 3183; x_wconf 88' lang='lat' dir='ltr'><strong>Romae</strong></span> <span class='ocrx_word' id='word_1_278' title='bbox 785 3121 816 3182; x_wconf 90' lang='lat' dir='ltr'><strong>iu</strong></span> <span class='ocrx_word' id='word_1_279' title='bbox 828 3130 951 3184; x_wconf 87' lang='lat' dir='ltr'><strong>senatu=</strong></span> <span class='ocrx_word' id='word_1_280' title='bbox 967 3138 1005 3184; x_wconf 90' lang='lat' dir='ltr'><strong>eo</strong></span> <span class='ocrx_word' id='word_1_281' title='bbox 1017 3140 1092 3200; x_wconf 92' lang='lat' dir='ltr'><strong>quo·</strong></span> 
     </span>
     <span class='ocr_line' id='line_1_35' title="bbox 113 3204 1092 3282; baseline -0.001 -15"><span class='ocrx_word' id='word_1_282' title='bbox 113 3222 177 3281; x_wconf 91' lang='lat' dir='ltr'><strong>que</strong></span> <span class='ocrx_word' id='word_1_283' title='bbox 198 3205 278 3267; x_wconf 90' lang='lat' dir='ltr'><strong>enirn</strong></span> <span class='ocrx_word' id='word_1_284' title='bbox 298 3206 463 3269; x_wconf 89' lang='lat' dir='ltr'><strong>mittendos</strong></span> <span class='ocrx_word' id='word_1_285' title='bbox 478 3207 545 3267; x_wconf 85' lang='lat' dir='ltr'><strong>tore</strong></span> <span class='ocrx_word' id='word_1_286' title='bbox 558 3208 686 3282; x_wconf 79' lang='lat' dir='ltr'><strong>legatos.</strong></span> <span class='ocrx_word' id='word_1_287' title='bbox 717 3205 794 3266; x_wconf 89' lang='lat' dir='ltr'><strong>haec</strong></span> <span class='ocrx_word' id='word_1_288' title='bbox 808 3223 871 3268; x_wconf 91' lang='lat' dir='ltr'><strong>una</strong></span> <span class='ocrx_word' id='word_1_289' title='bbox 884 3204 935 3268; x_wconf 86' lang='lat' dir='ltr'><strong>via</strong></span> <span class='ocrx_word' id='word_1_290' title='bbox 951 3207 1092 3269; x_wconf 89' lang='lat' dir='ltr'><strong>omnibus</strong></span> 
     </span>
     <span class='ocr_line' id='line_1_36' title="bbox 112 3288 1090 3366; baseline 0.003 -18"><span class='ocrx_word' id='word_1_291' title='bbox 112 3290 152 3349; x_wconf 85' lang='lat' dir='ltr'><strong>ad</strong></span> <span class='ocrx_word' id='word_1_292' title='bbox 166 3291 295 3352; x_wconf 87' lang='lat' dir='ltr'><strong>salutem</strong></span> <span class='ocrx_word' id='word_1_293' title='bbox 309 3288 377 3352; x_wconf 90' lang='lat' dir='ltr'><strong>visa</strong></span> <span class='ocrx_word' id='word_1_294' title='bbox 391 3297 447 3363; x_wconf 91' lang='lat' dir='ltr'><strong>est,</strong></span> <span class='ocrx_word' id='word_1_295' title='bbox 463 3299 497 3352; x_wconf 89' lang='lat' dir='ltr'><strong>ut</strong></span> <span class='ocrx_word' id='word_1_296' title='bbox 510 3289 541 3351; x_wconf 90' lang='lat' dir='ltr'><strong>in</strong></span> <span class='ocrx_word' id='word_1_297' title='bbox 557 3290 649 3352; x_wconf 87' lang='lat' dir='ltr'><strong>tidem</strong></span> <span class='ocrx_word' id='word_1_298' title='bbox 664 3306 700 3353; x_wconf 92' lang='lat' dir='ltr'><strong>se</strong></span> <span class='ocrx_word' id='word_1_299' title='bbox 714 3288 922 3366; x_wconf 89' lang='lat' dir='ltr'><strong>permitterent</strong></span> <span class='ocrx_word' id='word_1_300' title='bbox 935 3292 1090 3353; x_wconf 86' lang='lat' dir='ltr'><strong>Romano-</strong></span> 
     </span>
     <span class='ocr_line' id='line_1_37' title="bbox 112 3372 1092 3451; baseline 0.001 -18"><span class='ocrx_word' id='word_1_301' title='bbox 112 3390 195 3433; x_wconf 71' lang='lat' dir='ltr'><strong>mmz</strong></span> <span class='ocrx_word' id='word_1_302' title='bbox 222 3375 263 3437; x_wconf 88' lang='lat' dir='ltr'><strong>ita</strong></span> <span class='ocrx_word' id='word_1_303' title='bbox 283 3373 364 3437; x_wconf 89' lang='lat' dir='ltr'><strong>enim</strong></span> <span class='ocrx_word' id='word_1_304' title='bbox 385 3383 416 3435; x_wconf 89' lang='lat' dir='ltr'><strong>et</strong></span> <span class='ocrx_word' id='word_1_305' title='bbox 429 3373 490 3435; x_wconf 86' lang='lat' dir='ltr'><strong>illis</strong></span> <span class='ocrx_word' id='word_1_306' title='bbox 504 3373 640 3436; x_wconf 90' lang='lat' dir='ltr'><strong>violandi</strong></span> <span class='ocrx_word' id='word_1_307' title='bbox 654 3372 812 3451; x_wconf 90' lang='lat' dir='ltr'><strong>supplices</strong></span> <span class='ocrx_word' id='word_1_308' title='bbox 826 3375 1043 3436; x_wconf 89' lang='lat' dir='ltr'><strong>verecundiam</strong></span> <span class='ocrx_word' id='word_1_309' title='bbox 1057 3390 1092 3435; x_wconf 90' lang='lat' dir='ltr'><strong>sa</strong></span> 
     </span>
     <span class='ocr_line' id='line_1_38' title="bbox 112 3456 1090 3535; baseline 0 -19"><span class='ocrx_word' id='word_1_310' title='bbox 112 3456 327 3532; x_wconf 89' lang='lat' dir='ltr'><strong>imposituros,</strong></span> <span class='ocrx_word' id='word_1_311' title='bbox 350 3467 380 3520; x_wconf 90' lang='lat' dir='ltr'><strong>et</strong></span> <span class='ocrx_word' id='word_1_312' title='bbox 400 3457 489 3535; x_wconf 91' lang='lat' dir='ltr'><strong>ipsos</strong></span> <span class='ocrx_word' id='word_1_313' title='bbox 509 3456 603 3519; x_wconf 86' lang='lat' dir='ltr'><strong>nihilo</strong></span> <span class='ocrx_word' id='word_1_314' title='bbox 618 3458 719 3519; x_wconf 90' lang='lat' dir='ltr'><strong>minus</strong></span> <span class='ocrx_word' id='word_1_315' title='bbox 740 3474 817 3521; x_wconf 89' lang='lat' dir='ltr'><strong>suae</strong></span> <span class='ocrx_word' id='word_1_316' title='bbox 837 3456 999 3534; x_wconf 88' lang='lat' dir='ltr'><strong>potestatis</strong></span> <span class='ocrx_word' id='word_1_317' title='bbox 1015 3458 1090 3530; x_wconf 86' lang='lat' dir='ltr'><strong>fore,</strong></span> 
     </span>
     <span class='ocr_line' id='line_1_39' title="bbox 111 3538 1090 3616; baseline -0.002 -16"><span class='ocrx_word' id='word_1_318' title='bbox 111 3538 138 3600; x_wconf 86' lang='lat' dir='ltr'><strong>si</strong></span> <span class='ocrx_word' id='word_1_319' title='bbox 155 3540 228 3615; x_wconf 94' lang='lat' dir='ltr'><strong>quid</strong></span> <span class='ocrx_word' id='word_1_320' title='bbox 242 3541 350 3602; x_wconf 90' lang='lat' dir='ltr'><strong>melius</strong></span> <span class='ocrx_word' id='word_1_321' title='bbox 365 3542 488 3603; x_wconf 77' lang='lat' dir='ltr'><strong>iomuna</strong></span> <span class='ocrx_word' id='word_1_322' title='bbox 502 3540 697 3603; x_wconf 90' lang='lat' dir='ltr'><strong>ostendisset.</strong></span> <span class='ocrx_word' id='word_1_323' title='bbox 719 3540 852 3602; x_wconf 83' lang='lat' dir='ltr'><strong>XXVIII.</strong></span> <span class='ocrx_word' id='word_1_324' title='bbox 874 3548 1040 3616; x_wconf 85' lang='lat' dir='ltr'><strong>postquam</strong></span> <span class='ocrx_word' id='word_1_325' title='bbox 1052 3540 1090 3599; x_wconf 89' lang='lat' dir='ltr'><strong>ad</strong></span> 
     </span>
    </p>
   </div>
   <div class='ocr_carea' id='block_1_10' title="bbox 0 0 1304 4000">
    <p class='ocr_par' dir='ltr' id='par_1_11' title="bbox 0 0 1304 4000">
     <span class='ocr_line' id='line_1_40' title="bbox 0 0 1304 4000; baseline 0 2"><span class='ocrx_word' id='word_1_326' title='bbox 0 0 1304 4000; x_wconf 95' lang='lat' dir='ltr'><strong> </strong></span> 
     </span>
    </p>
   </div>
  </div>
 </body>
</html>
