2600 4000
216 268 284 342 150
323 261 583 329 trasemuuv.
606 261 691 326 cm.
706 270 750 325 u.
765 270 866 333 eom.
887 270 972 348 [au.-
986 273 1089 350 0.an

213 415 335 479 tradidit
350 413 489 490 Quinctio
508 413 626 474 urbem.
657 413 840 488 priusquam
856 413 1001 492 Gythium
1014 415 1195 489 traderetur,

211 499 403 579 Pythagoras
419 498 594 574 praefectus
608 496 701 572 Argis
715 496 850 572 relictus,
864 497 975 558 tradita
989 497 1132 559 custodia
1145 515 1196 560 ur·

212 585 260 656 bis
270 582 432 644 Timocrati
442 581 624 655 Pellenensi,
640 596 709 641 cum
723 580 805 640 mille
818 580 1038 642 mercennariis
1049 581 1196 644 militibus

212 675 243 729 et
257 666 379 728 duobus
399 665 522 726 milibus
543 665 727 739 Argivorum
747 663 1010 726 Lacedaemonem
1030 665 1070 725 ad
1088 666 1196 727 Nabim

212 752 304 813 veuit.

295 835 386 895 XXX.
407 833 500 893 Nabis
516 833 595 894 sicut
608 831 706 908 primo
722 831 855 894 adventu
869 833 1027 893 Romanae
1040 833 1151 894 classis
1166 843 1197 896 et

212 919 373 981 traditione
388 915 572 992 oppidorum
586 915 753 977 maritimae
768 931 842 977 orae
856 917 1041 977 conterritus
1054 924 1134 992 erat,
1150 917 1196 979 sic

212 1018 310 1080 parva
324 1014 382 1076 spe
397 1015 465 1061 cum
479 1000 688 1076 acquievisset
702 999 814 1078 Gytltlo
829 999 868 1060 ab
883 999 950 1060 suis
964 1007 1092 1074 retento,
1108 1008 1194 1077 post-

213 1101 305 1161 quam
319 1085 351 1144 id
367 1099 492 1159 quoque
509 1084 650 1145 traditum
665 1083 812 1145 Romanis
831 1083 948 1144 audivit
962 1097 1050 1158 esse,
1072 1098 1142 1147 cum
1156 1085 1195 1145 ab

212 1178 292 1231 terra
307 1166 448 1229 omnibus
464 1168 546 1228 circa
558 1167 700 1230 hostibus
716 1167 788 1228 nihil
803 1167 872 1242 spei
886 1174 979 1242 esset,
994 1182 1014 1228 a
1027 1167 1104 1228 mari
1119 1185 1194 1244 quo·

214 1268 274 1329 que
288 1258 352 1313 toto
374 1267 409 1312 se
421 1251 634 1328 interclusum,
656 1251 828 1312 cedendum
842 1252 983 1312 fortunae
999 1257 1085 1312 ratus
1101 1254 1193 1313 cadu-

213 1342 365 1397 ceatorem
380 1335 511 1411 primum
525 1335 556 1395 in
571 1344 672 1396 castra
686 1335 768 1396 misit
782 1337 821 1396 ad
836 1335 1075 1411 explorandum,
1098 1336 1125 1397 si
1139 1351 1193 1412 pu·

211 1418 348 1481 terentur
361 1420 480 1495 legatos
495 1421 535 1481 ad
549 1435 584 1480 se
598 1419 682 1481 mitti.
706 1434 768 1495 qua
780 1418 941 1496 impetrata
953 1433 988 1478 re
1001 1417 1193 1497 Pythagoras

213 1505 252 1564 ad
266 1504 481 1580 imperatorem
498 1505 596 1578 venit,
618 1503 708 1564 nullis
724 1518 793 1563 cum
805 1503 872 1564 aliis
889 1503 1041 1563 mandatis
1056 1519 1149 1579 quam
1162 1510 1194 1583 ut

213 1595 343 1664 tyranno
366 1588 501 1664 colloqui
522 1604 593 1650 oum
611 1588 794 1662 imperatore
809 1588 924 1648 liceret.
954 1587 1084 1648 consilio
1099 1588 1194 1650 advo-

214 1679 281 1733 cato
307 1688 375 1733 cum
396 1688 502 1733 omnes
528 1671 664 1732 dandum
685 1671 871 1746 colloquium
892 1670 1100 1746 censuissent,
1127 1671 1194 1732 dies

213 1758 363 1833 locusque
377 1755 578 1819 constituitur.
601 1755 631 1813 in
642 1755 762 1815 mediae
773 1754 909 1829 regionis
919 1756 1052 1817 tumidos
1064 1755 1194 1816 modicis

213 1841 312 1916 copiis
333 1839 533 1915 sequentibus
555 1855 625 1900 cum
638 1838 810 1914 venissent,
832 1839 946 1900 relictis
960 1838 1004 1899 ibi
1016 1839 1048 1899 in
1063 1838 1195 1900 statione

214 1931 382 1998 conspecta
394 1923 547 1999 utrimque
563 1922 740 1983 cohortibus
754 1922 848 1983 Nabis
863 1938 933 1984 cum
947 1922 1076 1983 delectis
1091 1929 1194 1985 custo-

214 2007 303 2068 dibus
325 2008 480 2084 corporis,
504 2005 662 2081 Quinctius
683 2022 752 2069 cum
774 2009 866 2068 hatra
874 2014 912 2069 -et
924 2007 1062 2068 Eumene
1075 2023 1150 2084 rege
1166 2015 1198 2069 et

192 2170 198 2174 ,
214 2090 336 2151 Sosilao
342 2090 463 2153 Rhodio
476 2097 507 2152 et
516 2091 679 2153 Aristaeno
691 2091 886 2154 Achaeorum
898 2098 1041 2167 praetore
1050 2092 1188 2153 tribunis

214 2190 274 2254 que
288 2176 413 2238 militum
428 2177 537 2253 paucis
554 2176 722 2237 descendit.
743 2176 848 2237 XXXI.
871 2176 913 2236 ibi
928 2176 1080 2251 permisso
1092 2182 1127 2238 ut
1138 2191 1194 2237 seu

213 2259 316 2321 dicere
336 2262 422 2338 prius
443 2278 500 2323 scu
520 2260 758 2335 audiremallet‚
780 2261 823 2321 ita
837 2260 940 2335 coepit
958 2265 1119 2338 tyrannus.
1147 2261 1196 2335 „si

212 2343 282 2418 ipse
296 2361 352 2421 per
366 2360 424 2419 me,
438 2346 471 2405 Τ.
486 2344 604 2419 Quincti
618 2359 740 2419 vosque
755 2344 808 2419 qui
822 2343 948 2419 adestis,
963 2360 1090 2405 causam
1101 2358 1196 2406 exco-

212 2429 316 2502 gitare,
333 2444 388 2488 cur
401 2428 473 2487 mihi
488 2434 539 2487 aut
553 2426 743 2508 indixissetis
754 2425 867 2487 bellum
881 2435 933 2489 aut
943 2427 1104 2503 inferretis,
1120 2444 1196 2504 pos·

213 2527 287 2585 sem,
302 2511 411 2572 tacitus
429 2517 571 2569 eventum
585 2511 727 2570 fortunae
741 2525 828 2571 meae
839 2515 1088 2588 exspectassemz
1111 2528 1196 2574 nuuc

212 2595 363 2667 imperare
384 2593 484 2652 animo
506 2593 644 2669 nequivi,
668 2593 755 2671 quin,
775 2595 957 2671 priusquam
971 2593 1118 2671 perirem,
1140 2612 1198 2657 cur

211 2676 366 2751 periturus
377 2690 479 2737 essem
491 2676 611 2737 scirem.
626 2682 658 2738 et
668 2677 819 2751 hercules
832 2679 860 2740 si
869 2680 947 2741 tales
958 2680 1080 2753 essetis,
1094 2680 1196 2757 qualis

212 2775 285 2820 esse
300 2759 566 2836 carthaginienses
581 2763 662 2823 fama
676 2769 739 2838 est,
755 2763 839 2839 apud
854 2780 934 2840 quos
948 2763 1021 2824 nihil
1036 2764 1196 2826 societatis

211 2844 290 2904 fides
312 2844 410 2905 sancti
429 2844 570 2921 haberet,
591 2847 623 2906 in
643 2863 693 2908 me
713 2862 840 2925 quoque
856 2843 946 2910 vobis
962 2846 1036 2925 quid
1051 2847 1195 2908 faceretis

210 2927 311 2989 minus
331 2930 421 3005 pensi
442 2944 514 2991 esse
534 2948 596 2994 non
615 2934 757 2993 mirarere
791 2947 872 2992 nunc
893 2947 961 2993 cum
981 2948 1040 2993 vos
1061 2931 1195 3007 intueor,

210 3012 367 3073 Romanos
389 3029 461 3075 esse
475 3015 581 3090 video,
604 3015 656 3092 qui
670 3032 772 3077 rerum
787 3015 959 3077 divinarum
973 3017 1115 3090 foedera,
1135 3014 1195 3075 hu··

210 3112 368 3157 manarum
381 3097 475 3180 fidem
489 3100 635 3160 socialem
651 3098 875 3160 sanctissimam
886 3099 1041 3169 habeatis;
1064 3115 1134 3161 cmn
1144 3114 1197 3160 me

211 3180 279 3255 ipse
293 3182 426 3256 respexi,
443 3195 513 3243 eum
526 3197 598 3244 esse
613 3197 717 3262 spero,
733 3184 782 3245 cui
795 3191 827 3243 et
839 3184 971 3259 publice,
987 3184 1067 3245 sicut
1081 3181 1195 3243 ceteris

209 3263 477 3339 Lacedaemoniis,
503 3265 663 3328 vobiscum
687 3267 927 3330 vetustissimum
951 3268 1062 3329 foedus
1083 3268 1136 3341 sit,
1164 3273 1198 3328 et

210 3364 279 3410 meo
294 3347 418 3409 nomine
432 3349 571 3425 privatim
586 3350 718 3412 amicitia
732 3368 769 3413 ac
784 3352 926 3426 societas,
947 3367 1047 3427 nuper
1061 3350 1195 3426 Philippi

209 3433 290 3494 bello
311 3440 467 3496 renovata.
500 3434 626 3495 atenim
646 3449 705 3510 ego
720 3450 788 3497 eam
804 3435 915 3497 violavi
929 3442 960 3497 et
973 3436 1084 3512 everti,
1107 3434 1196 3511 quod

210 3517 393 3594 Argivorum
415 3518 566 3579 civitatem
585 3525 687 3580 teneo.
721 3519 877 3595 quomodo
897 3519 958 3582 hoc
970 3524 1079 3581 tueert
1105 3534 1139 3579 re
1153 3533 1195 3578 an
