<?xml version="1.0" encoding="UTF-8"?>
<!DOCTYPE html PUBLIC "-//W3C//DTD XHTML 1.0 Transitional//EN"
    "http://www.w3.org/TR/xhtml1/DTD/xhtml1-transitional.dtd">
<html xmlns="http://www.w3.org/1999/xhtml" xml:lang="en" lang="en">
 <head>
  <title>
</title>
<meta http-equiv="Content-Type" content="text/html;charset=utf-8" />
  <meta name='ocr-system' content='tesseract 3.04.00' />
  <meta name='ocr-capabilities' content='ocr_page ocr_carea ocr_par ocr_line ocrx_word'/>
</head>
<body>
  <div class='ocr_page' id='page_1' title='image "./aburbeconditali00mlgoog_0154.png"; bbox 0 0 2600 4000; ppageno 0'>
   <div class='ocr_carea' id='block_1_1' title="bbox 200 226 1038 306">
    <p class='ocr_par' dir='ltr' id='par_1_1' title="bbox 200 226 1038 306">
     <span class='ocr_line' id='line_1_1' title="bbox 200 226 1038 306; baseline -0.002 -14"><span class='ocrx_word' id='word_1_1' title='bbox 200 227 261 293; x_wconf 85' lang='lat' dir='ltr'><strong>no</strong></span> <span class='ocrx_word' id='word_1_2' title='bbox 334 227 594 289; x_wconf 70' lang='lat' dir='ltr'><strong>arsurumne</strong></span> <span class='ocrx_word' id='word_1_3' title='bbox 616 227 699 288; x_wconf 76' lang='lat' dir='ltr'><strong>aar.</strong></span> <span class='ocrx_word' id='word_1_4' title='bbox 713 234 757 288; x_wconf 79' lang='lat' dir='ltr'><strong>a.</strong></span> <span class='ocrx_word' id='word_1_5' title='bbox 772 234 816 287; x_wconf 75' lang='lat' dir='ltr'><strong>aa.</strong></span> <span class='ocrx_word' id='word_1_6' title='bbox 840 226 1038 306; x_wconf 48' lang='lat' dir='ltr'><strong>[anacam</strong></span> 
     </span>
    </p>
   </div>
   <div class='ocr_carea' id='block_1_2' title="bbox 198 374 1295 541">
    <p class='ocr_par' dir='ltr' id='par_1_2' title="bbox 198 374 1295 541">
     <span class='ocr_line' id='line_1_2' title="bbox 198 374 1295 453; baseline -0.004 -11"><span class='ocrx_word' id='word_1_7' title='bbox 198 397 256 442; x_wconf 87' lang='lat' dir='ltr'><strong>sua</strong></span> <span class='ocrx_word' id='word_1_8' title='bbox 276 381 378 441; x_wconf 85' lang='lat' dir='ltr'><strong>lacero</strong></span> <span class='ocrx_word' id='word_1_9' title='bbox 397 394 434 440; x_wconf 91' lang='lat' dir='ltr'><strong>ac</strong></span> <span class='ocrx_word' id='word_1_10' title='bbox 452 385 586 440; x_wconf 74' lang='lat' dir='ltr'><strong>statuere</strong></span> <span class='ocrx_word' id='word_1_11' title='bbox 607 375 686 439; x_wconf 90' lang='lat' dir='ltr'><strong>iussi</strong></span> <span class='ocrx_word' id='word_1_12' title='bbox 702 385 801 438; x_wconf 89' lang='lat' dir='ltr'><strong>erant.</strong></span> <span class='ocrx_word' id='word_1_13' title='bbox 842 374 1014 438; x_wconf 79' lang='lat' dir='ltr'><strong>Antiochus</strong></span> <span class='ocrx_word' id='word_1_14' title='bbox 1028 387 1176 453; x_wconf 83' lang='lat' dir='ltr'><strong>rexerat,</strong></span> <span class='ocrx_word' id='word_1_15' title='bbox 1292 407 1295 412; x_wconf 93' lang='lat'>·</span> 
     </span>
     <span class='ocr_line' id='line_1_3' title="bbox 199 458 1174 541; baseline -0.004 -15"><span class='ocrx_word' id='word_1_16' title='bbox 199 481 290 541; x_wconf 89' lang='lat' dir='ltr'><strong>quem</strong></span> <span class='ocrx_word' id='word_1_17' title='bbox 303 460 612 538; x_wconf 77' lang='lat' dir='ltr'><strong>transgressurumin</strong></span> <span class='ocrx_word' id='word_1_18' title='bbox 626 462 796 536; x_wconf 80' lang='lat' dir='ltr'><strong>Europam,</strong></span> <span class='ocrx_word' id='word_1_19' title='bbox 818 476 887 521; x_wconf 92' lang='lat' dir='ltr'><strong>cum</strong></span> <span class='ocrx_word' id='word_1_20' title='bbox 901 458 1033 536; x_wconf 90' lang='lat' dir='ltr'><strong>primum</strong></span> <span class='ocrx_word' id='word_1_21' title='bbox 1047 458 1077 521; x_wconf 91' lang='lat' dir='ltr'><strong>ei</strong></span> <span class='ocrx_word' id='word_1_22' title='bbox 1091 458 1174 523; x_wconf 88' lang='lat' dir='ltr'><strong>vires</strong></span> 
     </span>
    </p>
   </div>
   <div class='ocr_carea' id='block_1_3' title="bbox 195 542 1174 1207">
    <p class='ocr_par' dir='ltr' id='par_1_3' title="bbox 195 542 1174 1207">
     <span class='ocr_line' id='line_1_4' title="bbox 198 542 1171 622; baseline -0.002 -14"><span class='ocrx_word' id='word_1_23' title='bbox 198 564 274 609; x_wconf 86' lang='lat' dir='ltr'><strong>suaa</strong></span> <span class='ocrx_word' id='word_1_24' title='bbox 289 545 364 608; x_wconf 85' lang='lat' dir='ltr'><strong>satis</strong></span> <span class='ocrx_word' id='word_1_25' title='bbox 378 543 584 622; x_wconf 75' lang='lat' dir='ltr'><strong>placuissent,</strong></span> <span class='ocrx_word' id='word_1_26' title='bbox 600 561 662 606; x_wconf 92' lang='lat' dir='ltr'><strong>non</strong></span> <span class='ocrx_word' id='word_1_27' title='bbox 678 543 864 605; x_wconf 77' lang='lat' dir='ltr'><strong>dubitabant.</strong></span> <span class='ocrx_word' id='word_1_28' title='bbox 906 542 935 603; x_wconf 89' lang='lat' dir='ltr'><strong>ei</strong></span> <span class='ocrx_word' id='word_1_29' title='bbox 949 552 1010 605; x_wconf 88' lang='lat' dir='ltr'><strong>tam</strong></span> <span class='ocrx_word' id='word_1_30' title='bbox 1024 554 1171 620; x_wconf 84' lang='lat' dir='ltr'><strong>opportu</strong></span> 
     </span>
     <span class='ocr_line' id='line_1_5' title="bbox 198 627 1174 705; baseline -0.002 -13"><span class='ocrx_word' id='word_1_31' title='bbox 198 648 254 692; x_wconf 92' lang='lat' dir='ltr'><strong>nas</strong></span> <span class='ocrx_word' id='word_1_32' title='bbox 268 630 309 691; x_wconf 90' lang='lat' dir='ltr'><strong>ad</strong></span> <span class='ocrx_word' id='word_1_33' title='bbox 321 628 535 705; x_wconf 88' lang='lat' dir='ltr'><strong>occupandum</strong></span> <span class='ocrx_word' id='word_1_34' title='bbox 549 635 655 704; x_wconf 90' lang='lat' dir='ltr'><strong>patere</strong></span> <span class='ocrx_word' id='word_1_35' title='bbox 666 627 923 688; x_wconf 84' lang='lat' dir='ltr'><strong>urbesnolebant</strong></span> <span class='ocrx_word' id='word_1_36' title='bbox 945 627 1093 689; x_wconf 80' lang='lat' dir='ltr'><strong>abElatia</strong></span> <span class='ocrx_word' id='word_1_37' title='bbox 1101 644 1174 705; x_wconf 88' lang='lat' dir='ltr'><strong>pro·</strong></span> 
     </span>
     <span class='ocr_line' id='line_1_6' title="bbox 197 709 1172 790; baseline 0 -16"><span class='ocrx_word' id='word_1_38' title='bbox 197 716 296 777; x_wconf 82' lang='lat' dir='ltr'><strong>lectus</strong></span> <span class='ocrx_word' id='word_1_39' title='bbox 312 711 470 788; x_wconf 81' lang='lat' dir='ltr'><strong>Quinctius</strong></span> <span class='ocrx_word' id='word_1_40' title='bbox 477 711 663 790; x_wconf 77' lang='lat' dir='ltr'><strong>Anticyram</strong></span> <span class='ocrx_word' id='word_1_41' title='bbox 677 727 747 772; x_wconf 91' lang='lat' dir='ltr'><strong>cum</strong></span> <span class='ocrx_word' id='word_1_42' title='bbox 761 712 869 773; x_wconf 85' lang='lat' dir='ltr'><strong>decem</strong></span> <span class='ocrx_word' id='word_1_43' title='bbox 884 709 1008 786; x_wconf 83' lang='lat' dir='ltr'><strong>legatis,</strong></span> <span class='ocrx_word' id='word_1_44' title='bbox 1028 709 1101 773; x_wconf 87' lang='lat' dir='ltr'><strong>inde</strong></span> <span class='ocrx_word' id='word_1_45' title='bbox 1116 712 1172 774; x_wconf 82' lang='lat' dir='ltr'><strong>Go-</strong></span> 
     </span>
     <span class='ocr_line' id='line_1_7' title="bbox 197 792 1172 860; baseline -0.003 -1"><span class='ocrx_word' id='word_1_46' title='bbox 197 798 329 860; x_wconf 89' lang='lat' dir='ltr'><strong>rinthum</strong></span> <span class='ocrx_word' id='word_1_47' title='bbox 345 794 472 858; x_wconf 88' lang='lat' dir='ltr'><strong>traiecit.</strong></span> <span class='ocrx_word' id='word_1_48' title='bbox 513 794 555 856; x_wconf 94' lang='lat' dir='ltr'><strong>ibi</strong></span> <span class='ocrx_word' id='word_1_49' title='bbox 576 793 706 857; x_wconf 89' lang='lat' dir='ltr'><strong>consilia</strong></span> <span class='ocrx_word' id='word_1_50' title='bbox 726 794 766 855; x_wconf 90' lang='lat' dir='ltr'><strong>de</strong></span> <span class='ocrx_word' id='word_1_51' title='bbox 786 792 924 856; x_wconf 88' lang='lat' dir='ltr'><strong>libertate</strong></span> <span class='ocrx_word' id='word_1_52' title='bbox 939 793 1085 856; x_wconf 77' lang='lat' dir='ltr'><strong>Graeciae</strong></span> <span class='ocrx_word' id='word_1_53' title='bbox 1104 794 1172 857; x_wconf 88' lang='lat' dir='ltr'><strong>dies</strong></span> 
     </span>
     <span class='ocr_line' id='line_1_8' title="bbox 195 876 1172 959; baseline -0.005 -17"><span class='ocrx_word' id='word_1_54' title='bbox 195 898 295 959; x_wconf 87' lang='lat' dir='ltr'><strong>prope</strong></span> <span class='ocrx_word' id='word_1_55' title='bbox 319 888 401 943; x_wconf 87' lang='lat' dir='ltr'><strong>totos</strong></span> <span class='ocrx_word' id='word_1_56' title='bbox 426 878 457 939; x_wconf 92' lang='lat' dir='ltr'><strong>in</strong></span> <span class='ocrx_word' id='word_1_57' title='bbox 484 877 615 940; x_wconf 89' lang='lat' dir='ltr'><strong>concilio</strong></span> <span class='ocrx_word' id='word_1_58' title='bbox 640 879 749 940; x_wconf 88' lang='lat' dir='ltr'><strong>decem</strong></span> <span class='ocrx_word' id='word_1_59' title='bbox 774 878 943 954; x_wconf 77' lang='lat' dir='ltr'><strong>legatorum</strong></span> <span class='ocrx_word' id='word_1_60' title='bbox 970 876 1172 954; x_wconf 68' lang='lat' dir='ltr'><strong>agitabantur.</strong></span> 
     </span>
     <span class='ocr_line' id='line_1_9' title="bbox 196 959 1172 1037; baseline -0.004 -10"><span class='ocrx_word' id='word_1_61' title='bbox 196 963 362 1027; x_wconf 88' lang='lat' dir='ltr'><strong>identidem</strong></span> <span class='ocrx_word' id='word_1_62' title='bbox 377 959 534 1037; x_wconf 84' lang='lat' dir='ltr'><strong>Quinctius</strong></span> <span class='ocrx_word' id='word_1_63' title='bbox 549 961 738 1024; x_wconf 88' lang='lat' dir='ltr'><strong>liberandam</strong></span> <span class='ocrx_word' id='word_1_64' title='bbox 752 977 872 1022; x_wconf 87' lang='lat' dir='ltr'><strong>omnem</strong></span> <span class='ocrx_word' id='word_1_65' title='bbox 887 960 1055 1037; x_wconf 80' lang='lat' dir='ltr'><strong>Graeciam,</strong></span> <span class='ocrx_word' id='word_1_66' title='bbox 1071 961 1098 1024; x_wconf 91' lang='lat' dir='ltr'><strong>si</strong></span> <span class='ocrx_word' id='word_1_67' title='bbox 1110 964 1172 1023; x_wconf 78' lang='lat' dir='ltr'><strong>Ae</strong></span> 
     </span>
     <span class='ocr_line' id='line_1_10' title="bbox 197 1044 1170 1122; baseline -0.004 -12"><span class='ocrx_word' id='word_1_68' title='bbox 197 1049 326 1110; x_wconf 85' lang='lat' dir='ltr'><strong>tolonum</strong></span> <span class='ocrx_word' id='word_1_69' title='bbox 339 1045 460 1122; x_wconf 82' lang='lat' dir='ltr'><strong>linguas</strong></span> <span class='ocrx_word' id='word_1_70' title='bbox 471 1046 643 1119; x_wconf 87' lang='lat' dir='ltr'><strong>retundere,</strong></span> <span class='ocrx_word' id='word_1_71' title='bbox 661 1045 689 1107; x_wconf 95' lang='lat' dir='ltr'><strong>si</strong></span> <span class='ocrx_word' id='word_1_72' title='bbox 701 1061 803 1106; x_wconf 91' lang='lat' dir='ltr'><strong>veram</strong></span> <span class='ocrx_word' id='word_1_73' title='bbox 815 1044 971 1107; x_wconf 88' lang='lat' dir='ltr'><strong>caritatem</strong></span> <span class='ocrx_word' id='word_1_74' title='bbox 982 1061 1019 1106; x_wconf 90' lang='lat' dir='ltr'><strong>ac</strong></span> <span class='ocrx_word' id='word_1_75' title='bbox 1030 1047 1170 1108; x_wconf 87' lang='lat' dir='ltr'><strong>maiesta-</strong></span> 
     </span>
     <span class='ocr_line' id='line_1_11' title="bbox 196 1127 1172 1207; baseline -0.004 -14"><span class='ocrx_word' id='word_1_76' title='bbox 196 1140 256 1193; x_wconf 91' lang='lat' dir='ltr'><strong>tem</strong></span> <span class='ocrx_word' id='word_1_77' title='bbox 276 1129 361 1207; x_wconf 89' lang='lat' dir='ltr'><strong>apud</strong></span> <span class='ocrx_word' id='word_1_78' title='bbox 381 1128 479 1192; x_wconf 90' lang='lat' dir='ltr'><strong>omnis</strong></span> <span class='ocrx_word' id='word_1_79' title='bbox 500 1127 633 1190; x_wconf 91' lang='lat' dir='ltr'><strong>nominis</strong></span> <span class='ocrx_word' id='word_1_80' title='bbox 651 1128 782 1191; x_wconf 90' lang='lat' dir='ltr'><strong>Romani</strong></span> <span class='ocrx_word' id='word_1_81' title='bbox 801 1129 914 1190; x_wconf 88' lang='lat' dir='ltr'><strong>vellent</strong></span> <span class='ocrx_word' id='word_1_82' title='bbox 928 1144 1015 1201; x_wconf 77' lang='lat' dir='ltr'><strong>esse,</strong></span> <span class='ocrx_word' id='word_1_83' title='bbox 1037 1127 1065 1189; x_wconf 91' lang='lat' dir='ltr'><strong>si</strong></span> <span class='ocrx_word' id='word_1_84' title='bbox 1079 1130 1172 1190; x_wconf 90' lang='lat' dir='ltr'><strong>fidem</strong></span> 
     </span>
    </p>
   </div>
   <div class='ocr_carea' id='block_1_4' title="bbox 103 1211 1172 1286">
    <p class='ocr_par' dir='ltr' id='par_1_4' title="bbox 103 1211 1172 1286">
     <span class='ocr_line' id='line_1_12' title="bbox 103 1211 1172 1286; baseline -0.004 -11"><span class='ocrx_word' id='word_1_85' title='bbox 103 1221 106 1224; x_wconf 84' lang='lat'>&#39;</span> <span class='ocrx_word' id='word_1_86' title='bbox 135 1211 138 1216; x_wconf 82' lang='lat'>&#39;</span> <span class='ocrx_word' id='word_1_87' title='bbox 196 1216 299 1276; x_wconf 86' lang='lat' dir='ltr'><strong>iacere</strong></span> <span class='ocrx_word' id='word_1_88' title='bbox 312 1215 353 1274; x_wconf 90' lang='lat' dir='ltr'><strong>ad</strong></span> <span class='ocrx_word' id='word_1_89' title='bbox 367 1212 556 1274; x_wconf 88' lang='lat' dir='ltr'><strong>liberandam</strong></span> <span class='ocrx_word' id='word_1_90' title='bbox 571 1211 744 1286; x_wconf 87' lang='lat' dir='ltr'><strong>Graeciam,</strong></span> <span class='ocrx_word' id='word_1_91' title='bbox 760 1229 822 1273; x_wconf 91' lang='lat' dir='ltr'><strong>non</strong></span> <span class='ocrx_word' id='word_1_92' title='bbox 836 1213 877 1273; x_wconf 92' lang='lat' dir='ltr'><strong>ad</strong></span> <span class='ocrx_word' id='word_1_93' title='bbox 891 1213 1137 1274; x_wconf 81' lang='lat' dir='ltr'><strong>transferendum</strong></span> <span class='ocrx_word' id='word_1_94' title='bbox 1152 1229 1172 1271; x_wconf 89' lang='lat' dir='ltr'><strong>a</strong></span> 
     </span>
    </p>
   </div>
   <div class='ocr_carea' id='block_1_5' title="bbox 194 1294 1171 1541">
    <p class='ocr_par' dir='ltr' id='par_1_5' title="bbox 194 1294 1171 1541">
     <span class='ocr_line' id='line_1_13' title="bbox 194 1294 1169 1374; baseline -0.003 -16"><span class='ocrx_word' id='word_1_95' title='bbox 194 1296 336 1374; x_wconf 90' lang='lat' dir='ltr'><strong>Philippo</strong></span> <span class='ocrx_word' id='word_1_96' title='bbox 352 1299 393 1358; x_wconf 92' lang='lat' dir='ltr'><strong>ad</strong></span> <span class='ocrx_word' id='word_1_97' title='bbox 408 1314 443 1358; x_wconf 91' lang='lat' dir='ltr'><strong>se</strong></span> <span class='ocrx_word' id='word_1_98' title='bbox 457 1294 617 1373; x_wconf 90' lang='lat' dir='ltr'><strong>imperium</strong></span> <span class='ocrx_word' id='word_1_99' title='bbox 632 1313 704 1357; x_wconf 87' lang='lat' dir='ltr'><strong>sese</strong></span> <span class='ocrx_word' id='word_1_100' title='bbox 718 1312 802 1357; x_wconf 90' lang='lat' dir='ltr'><strong>mare</strong></span> <span class='ocrx_word' id='word_1_101' title='bbox 816 1294 985 1360; x_wconf 86' lang='lat' dir='ltr'><strong>traiecisse.</strong></span> <span class='ocrx_word' id='word_1_102' title='bbox 1007 1295 1081 1356; x_wconf 89' lang='lat' dir='ltr'><strong>nihil</strong></span> <span class='ocrx_word' id='word_1_103' title='bbox 1095 1311 1169 1356; x_wconf 85' lang='lat' dir='ltr'><strong>eon-</strong></span> 
     </span>
     <span class='ocr_line' id='line_1_14' title="bbox 196 1376 1170 1454; baseline -0.005 -11"><span class='ocrx_word' id='word_1_104' title='bbox 196 1390 242 1443; x_wconf 89' lang='lat' dir='ltr'><strong>tra</strong></span> <span class='ocrx_word' id='word_1_105' title='bbox 263 1381 360 1443; x_wconf 89' lang='lat' dir='ltr'><strong>eade</strong></span> <span class='ocrx_word' id='word_1_106' title='bbox 380 1380 518 1442; x_wconf 86' lang='lat' dir='ltr'><strong>libertate</strong></span> <span class='ocrx_word' id='word_1_107' title='bbox 538 1378 658 1441; x_wconf 92' lang='lat' dir='ltr'><strong>urbium</strong></span> <span class='ocrx_word' id='word_1_108' title='bbox 678 1378 729 1440; x_wconf 91' lang='lat' dir='ltr'><strong>alii</strong></span> <span class='ocrx_word' id='word_1_109' title='bbox 750 1379 906 1441; x_wconf 80' lang='lat' dir='ltr'><strong>dicebant:</strong></span> <span class='ocrx_word' id='word_1_110' title='bbox 934 1388 1068 1440; x_wconf 89' lang='lat' dir='ltr'><strong>cetemm</strong></span> <span class='ocrx_word' id='word_1_111' title='bbox 1090 1376 1170 1454; x_wconf 89' lang='lat' dir='ltr'><strong>ipsis</strong></span> 
     </span>
     <span class='ocr_line' id='line_1_15' title="bbox 196 1460 1171 1541; baseline -0.005 -15"><span class='ocrx_word' id='word_1_112' title='bbox 196 1463 289 1527; x_wconf 86' lang='lat' dir='ltr'><strong>tutius</strong></span> <span class='ocrx_word' id='word_1_113' title='bbox 304 1480 376 1526; x_wconf 85' lang='lat' dir='ltr'><strong>esse</strong></span> <span class='ocrx_word' id='word_1_114' title='bbox 390 1480 514 1525; x_wconf 86' lang='lat' dir='ltr'><strong>manere</strong></span> <span class='ocrx_word' id='word_1_115' title='bbox 527 1462 686 1541; x_wconf 88' lang='lat' dir='ltr'><strong>paulisper</strong></span> <span class='ocrx_word' id='word_1_116' title='bbox 701 1462 758 1525; x_wconf 95' lang='lat' dir='ltr'><strong>sub</strong></span> <span class='ocrx_word' id='word_1_117' title='bbox 772 1463 867 1524; x_wconf 86' lang='lat' dir='ltr'><strong>tutela</strong></span> <span class='ocrx_word' id='word_1_118' title='bbox 881 1462 1028 1539; x_wconf 89' lang='lat' dir='ltr'><strong>praesidii</strong></span> <span class='ocrx_word' id='word_1_119' title='bbox 1040 1460 1171 1525; x_wconf 90' lang='lat' dir='ltr'><strong>Romani</strong></span> 
     </span>
    </p>
   </div>
   <div class='ocr_carea' id='block_1_6' title="bbox 196 1545 1282 1624">
    <p class='ocr_par' dir='ltr' id='par_1_6' title="bbox 196 1545 1282 1624">
     <span class='ocr_line' id='line_1_16' title="bbox 196 1545 1282 1624; baseline -0.003 -15"><span class='ocrx_word' id='word_1_120' title='bbox 196 1565 289 1624; x_wconf 88' lang='lat' dir='ltr'><strong>quam</strong></span> <span class='ocrx_word' id='word_1_121' title='bbox 302 1565 359 1624; x_wconf 91' lang='lat' dir='ltr'><strong>pro</strong></span> <span class='ocrx_word' id='word_1_122' title='bbox 373 1546 513 1624; x_wconf 86' lang='lat' dir='ltr'><strong>Philippo</strong></span> <span class='ocrx_word' id='word_1_123' title='bbox 521 1545 706 1607; x_wconf 86' lang='lat' dir='ltr'><strong>Antiochum</strong></span> <span class='ocrx_word' id='word_1_124' title='bbox 717 1545 873 1607; x_wconf 90' lang='lat' dir='ltr'><strong>dominum</strong></span> <span class='ocrx_word' id='word_1_125' title='bbox 883 1545 1035 1623; x_wconf 87' lang='lat' dir='ltr'><strong>accipere.</strong></span> <span class='ocrx_word' id='word_1_126' title='bbox 1050 1553 1170 1623; x_wconf 87' lang='lat' dir='ltr'><strong>postre-</strong></span> <span class='ocrx_word' id='word_1_127' title='bbox 1277 1550 1282 1562; x_wconf 83' lang='lat'><em>&#39;</em></span> 
     </span>
    </p>
   </div>
   <div class='ocr_carea' id='block_1_7' title="bbox 188 1628 1171 3292">
    <p class='ocr_par' dir='ltr' id='par_1_7' title="bbox 193 1628 1171 1872">
     <span class='ocr_line' id='line_1_17' title="bbox 194 1628 1169 1704; baseline -0.003 -13"><span class='ocrx_word' id='word_1_128' title='bbox 194 1648 244 1691; x_wconf 88' lang='lat' dir='ltr'><strong>mo</strong></span> <span class='ocrx_word' id='word_1_129' title='bbox 260 1631 301 1693; x_wconf 90' lang='lat' dir='ltr'><strong>lta</strong></span> <span class='ocrx_word' id='word_1_130' title='bbox 315 1632 472 1693; x_wconf 89' lang='lat' dir='ltr'><strong>decretum</strong></span> <span class='ocrx_word' id='word_1_131' title='bbox 486 1639 549 1704; x_wconf 87' lang='lat' dir='ltr'><strong>est,</strong></span> <span class='ocrx_word' id='word_1_132' title='bbox 566 1628 729 1691; x_wconf 83' lang='lat' dir='ltr'><strong>corinthus</strong></span> <span class='ocrx_word' id='word_1_133' title='bbox 743 1630 923 1692; x_wconf 88' lang='lat' dir='ltr'><strong>redderetur</strong></span> <span class='ocrx_word' id='word_1_134' title='bbox 935 1630 1080 1704; x_wconf 86' lang='lat' dir='ltr'><strong>Achaeis,</strong></span> <span class='ocrx_word' id='word_1_135' title='bbox 1093 1637 1127 1692; x_wconf 92' lang='lat' dir='ltr'><strong>ut</strong></span> <span class='ocrx_word' id='word_1_136' title='bbox 1139 1628 1169 1689; x_wconf 94' lang='lat' dir='ltr'><strong>in</strong></span> 
     </span>
     <span class='ocr_line' id='line_1_18' title="bbox 193 1711 1170 1794; baseline -0.001 -19"><span class='ocrx_word' id='word_1_137' title='bbox 193 1715 417 1777; x_wconf 87' lang='lat' dir='ltr'><strong>Acrocorintho</strong></span> <span class='ocrx_word' id='word_1_138' title='bbox 431 1722 532 1775; x_wconf 87' lang='lat' dir='ltr'><strong>tamen</strong></span> <span class='ocrx_word' id='word_1_139' title='bbox 547 1711 737 1794; x_wconf 89' lang='lat' dir='ltr'><strong>praesidium</strong></span> <span class='ocrx_word' id='word_1_140' title='bbox 751 1719 850 1785; x_wconf 88' lang='lat' dir='ltr'><strong>esset;</strong></span> <span class='ocrx_word' id='word_1_141' title='bbox 873 1713 1048 1775; x_wconf 85' lang='lat' dir='ltr'><strong>Chalcidem</strong></span> <span class='ocrx_word' id='word_1_142' title='bbox 1060 1729 1098 1774; x_wconf 89' lang='lat' dir='ltr'><strong>ac</strong></span> <span class='ocrx_word' id='word_1_143' title='bbox 1111 1713 1170 1774; x_wconf 86' lang='lat' dir='ltr'><strong>De-</strong></span> 
     </span>
     <span class='ocr_line' id='line_1_19' title="bbox 195 1795 1171 1872; baseline 0 -15"><span class='ocrx_word' id='word_1_144' title='bbox 195 1797 372 1860; x_wconf 87' lang='lat' dir='ltr'><strong>metriadem</strong></span> <span class='ocrx_word' id='word_1_145' title='bbox 386 1797 525 1872; x_wconf 90' lang='lat' dir='ltr'><strong>retineri,</strong></span> <span class='ocrx_word' id='word_1_146' title='bbox 545 1799 645 1859; x_wconf 87' lang='lat' dir='ltr'><strong>donec</strong></span> <span class='ocrx_word' id='word_1_147' title='bbox 661 1813 734 1857; x_wconf 87' lang='lat' dir='ltr'><strong>cura</strong></span> <span class='ocrx_word' id='word_1_148' title='bbox 749 1798 788 1858; x_wconf 93' lang='lat' dir='ltr'><strong>de</strong></span> <span class='ocrx_word' id='word_1_149' title='bbox 800 1797 955 1859; x_wconf 84' lang='lat' dir='ltr'><strong>Antiocho</strong></span> <span class='ocrx_word' id='word_1_150' title='bbox 971 1795 1171 1859; x_wconf 76' lang='lat' dir='ltr'><strong>decessisset</strong></span> 
     </span>
    </p>

    <p class='ocr_par' dir='ltr' id='par_1_8' title="bbox 188 1880 1171 3292">
     <span class='ocr_line' id='line_1_20' title="bbox 278 1880 1171 1957; baseline -0.003 -14"><span class='ocrx_word' id='word_1_151' title='bbox 278 1883 397 1943; x_wconf 87' lang='lat' dir='ltr'>XXXII.</span> <span class='ocrx_word' id='word_1_152' title='bbox 418 1882 611 1943; x_wconf 90' lang='lat' dir='ltr'><strong>Isthmiorum</strong></span> <span class='ocrx_word' id='word_1_153' title='bbox 626 1887 737 1943; x_wconf 87' lang='lat' dir='ltr'><strong>statum</strong></span> <span class='ocrx_word' id='word_1_154' title='bbox 752 1880 903 1943; x_wconf 87' lang='lat' dir='ltr'><strong>ludicrum</strong></span> <span class='ocrx_word' id='word_1_155' title='bbox 916 1882 1031 1954; x_wconf 87' lang='lat' dir='ltr'><strong>aderat,</strong></span> <span class='ocrx_word' id='word_1_156' title='bbox 1048 1896 1171 1957; x_wconf 91' lang='lat' dir='ltr'><strong>semper</strong></span> 
     </span>
     <span class='ocr_line' id='line_1_21' title="bbox 196 1962 1171 2043; baseline -0.002 -16"><span class='ocrx_word' id='word_1_157' title='bbox 196 1964 319 2041; x_wconf 87' lang='lat' dir='ltr'><strong>quidem</strong></span> <span class='ocrx_word' id='word_1_158' title='bbox 334 1973 364 2026; x_wconf 88' lang='lat' dir='ltr'><strong>et</strong></span> <span class='ocrx_word' id='word_1_159' title='bbox 377 1963 453 2030; x_wconf 87' lang='lat' dir='ltr'><strong>alias</strong></span> <span class='ocrx_word' id='word_1_160' title='bbox 469 1966 614 2043; x_wconf 79' lang='lat' dir='ltr'><strong>frequens</strong></span> <span class='ocrx_word' id='word_1_161' title='bbox 630 1982 700 2028; x_wconf 91' lang='lat' dir='ltr'><strong>cum</strong></span> <span class='ocrx_word' id='word_1_162' title='bbox 712 1974 840 2042; x_wconf 90' lang='lat' dir='ltr'><strong>propter</strong></span> <span class='ocrx_word' id='word_1_163' title='bbox 853 1964 1021 2042; x_wconf 88' lang='lat' dir='ltr'><strong>spectaculi</strong></span> <span class='ocrx_word' id='word_1_164' title='bbox 1036 1962 1171 2027; x_wconf 90' lang='lat' dir='ltr'><strong>studium</strong></span> 
     </span>
     <span class='ocr_line' id='line_1_22' title="bbox 192 2046 1169 2131; baseline 0 -23"><span class='ocrx_word' id='word_1_165' title='bbox 192 2047 317 2131; x_wconf 89' lang='lat' dir='ltr'><strong>insitum</strong></span> <span class='ocrx_word' id='word_1_166' title='bbox 337 2047 434 2124; x_wconf 81' lang='lat' dir='ltr'><strong>genti,</strong></span> <span class='ocrx_word' id='word_1_167' title='bbox 461 2066 522 2125; x_wconf 92' lang='lat' dir='ltr'><strong>quo</strong></span> <span class='ocrx_word' id='word_1_168' title='bbox 543 2050 710 2112; x_wconf 88' lang='lat' dir='ltr'><strong>certamina</strong></span> <span class='ocrx_word' id='word_1_169' title='bbox 731 2049 830 2112; x_wconf 93' lang='lat' dir='ltr'><strong>omnis</strong></span> <span class='ocrx_word' id='word_1_170' title='bbox 851 2048 974 2125; x_wconf 83' lang='lat' dir='ltr'><strong>generis</strong></span> <span class='ocrx_word' id='word_1_171' title='bbox 996 2048 1104 2110; x_wconf 88' lang='lat' dir='ltr'><strong>artium</strong></span> <span class='ocrx_word' id='word_1_172' title='bbox 1125 2046 1169 2109; x_wconf 91' lang='lat' dir='ltr'><strong>vi-</strong></span> 
     </span>
     <span class='ocr_line' id='line_1_23' title="bbox 194 2131 1169 2210; baseline 0 -18"><span class='ocrx_word' id='word_1_173' title='bbox 194 2131 334 2209; x_wconf 89' lang='lat' dir='ltr'><strong>riumque</strong></span> <span class='ocrx_word' id='word_1_174' title='bbox 349 2140 379 2195; x_wconf 90' lang='lat' dir='ltr'><strong>et</strong></span> <span class='ocrx_word' id='word_1_175' title='bbox 392 2131 579 2210; x_wconf 88' lang='lat' dir='ltr'><strong>pernicitatis</strong></span> <span class='ocrx_word' id='word_1_176' title='bbox 593 2133 742 2207; x_wconf 88' lang='lat' dir='ltr'><strong>visuntur,</strong></span> <span class='ocrx_word' id='word_1_177' title='bbox 758 2142 821 2196; x_wconf 91' lang='lat' dir='ltr'><strong>tum</strong></span> <span class='ocrx_word' id='word_1_178' title='bbox 833 2133 1042 2210; x_wconf 88' lang='lat' dir='ltr'><strong>quiapropter</strong></span> <span class='ocrx_word' id='word_1_179' title='bbox 1056 2148 1169 2208; x_wconf 89' lang='lat' dir='ltr'><strong>oppor-</strong></span> 
     </span>
     <span class='ocr_line' id='line_1_24' title="bbox 194 2214 1169 2294; baseline -0.002 -16"><span class='ocrx_word' id='word_1_180' title='bbox 194 2214 351 2279; x_wconf 89' lang='lat' dir='ltr'><strong>tunitatem</strong></span> <span class='ocrx_word' id='word_1_181' title='bbox 365 2215 425 2279; x_wconf 90' lang='lat' dir='ltr'><strong>loci</strong></span> <span class='ocrx_word' id='word_1_182' title='bbox 438 2234 496 2294; x_wconf 90' lang='lat' dir='ltr'><strong>per</strong></span> <span class='ocrx_word' id='word_1_183' title='bbox 510 2217 572 2278; x_wconf 90' lang='lat' dir='ltr'><strong>duo</strong></span> <span class='ocrx_word' id='word_1_184' title='bbox 588 2216 712 2279; x_wconf 89' lang='lat' dir='ltr'><strong>diversa</strong></span> <span class='ocrx_word' id='word_1_185' title='bbox 726 2216 821 2278; x_wconf 87' lang='lat' dir='ltr'><strong>maria</strong></span> <span class='ocrx_word' id='word_1_186' title='bbox 831 2216 965 2278; x_wconf 89' lang='lat' dir='ltr'><strong>omnium</strong></span> <span class='ocrx_word' id='word_1_187' title='bbox 978 2232 1081 2277; x_wconf 91' lang='lat' dir='ltr'><strong>rerum</strong></span> <span class='ocrx_word' id='word_1_188' title='bbox 1091 2233 1169 2276; x_wconf 88' lang='lat' dir='ltr'><strong>usus</strong></span> 
     </span>
     <span class='ocr_line' id='line_1_25' title="bbox 193 2298 1169 2376; baseline -0.001 -16"><span class='ocrx_word' id='word_1_189' title='bbox 193 2299 390 2362; x_wconf 86' lang='lat' dir='ltr'><strong>ministrantis</strong></span> <span class='ocrx_word' id='word_1_190' title='bbox 404 2300 537 2362; x_wconf 90' lang='lat' dir='ltr'><strong>humano</strong></span> <span class='ocrx_word' id='word_1_191' title='bbox 549 2302 655 2376; x_wconf 82' lang='lat' dir='ltr'><strong>generi</strong></span> <span class='ocrx_word' id='word_1_192' title='bbox 666 2299 837 2374; x_wconf 88' lang='lat' dir='ltr'><strong>concilium,</strong></span> <span class='ocrx_word' id='word_1_193' title='bbox 852 2299 947 2360; x_wconf 85' lang='lat' dir='ltr'><strong>Asiae</strong></span> <span class='ocrx_word' id='word_1_194' title='bbox 959 2298 1169 2375; x_wconf 89' lang='lat' dir='ltr'><strong>Graeciaeque</strong></span> 
     </span>
     <span class='ocr_line' id='line_1_26' title="bbox 192 2382 1167 2445; baseline -0.002 -2"><span class='ocrx_word' id='word_1_195' title='bbox 192 2382 220 2444; x_wconf 91' lang='lat' dir='ltr'><strong>is</strong></span> <span class='ocrx_word' id='word_1_196' title='bbox 240 2392 392 2445; x_wconf 87' lang='lat' dir='ltr'><strong>mercatus</strong></span> <span class='ocrx_word' id='word_1_197' title='bbox 417 2390 497 2445; x_wconf 75' lang='lat' dir='ltr'><strong>erat:</strong></span> <span class='ocrx_word' id='word_1_198' title='bbox 523 2391 586 2444; x_wconf 89' lang='lat' dir='ltr'><strong>tum</strong></span> <span class='ocrx_word' id='word_1_199' title='bbox 606 2400 680 2443; x_wconf 90' lang='lat' dir='ltr'><strong>vero</strong></span> <span class='ocrx_word' id='word_1_200' title='bbox 701 2399 763 2444; x_wconf 93' lang='lat' dir='ltr'><strong>non</strong></span> <span class='ocrx_word' id='word_1_201' title='bbox 784 2383 824 2443; x_wconf 89' lang='lat' dir='ltr'><strong>ad</strong></span> <span class='ocrx_word' id='word_1_202' title='bbox 840 2383 952 2445; x_wconf 89' lang='lat' dir='ltr'><strong>solitos</strong></span> <span class='ocrx_word' id='word_1_203' title='bbox 975 2384 1068 2444; x_wconf 90' lang='lat' dir='ltr'><strong>modo</strong></span> <span class='ocrx_word' id='word_1_204' title='bbox 1090 2399 1167 2442; x_wconf 88' lang='lat' dir='ltr'><strong>usus</strong></span> 
     </span>
     <span class='ocr_line' id='line_1_27' title="bbox 193 2464 1167 2544; baseline -0.003 -16"><span class='ocrx_word' id='word_1_205' title='bbox 193 2464 553 2542; x_wconf 87' lang='lat' dir='ltr'><strong>undiqueconvenerant,</strong></span> <span class='ocrx_word' id='word_1_206' title='bbox 568 2466 625 2525; x_wconf 90' lang='lat' dir='ltr'><strong>sed</strong></span> <span class='ocrx_word' id='word_1_207' title='bbox 636 2467 869 2541; x_wconf 85' lang='lat' dir='ltr'><strong>exspectatione</strong></span> <span class='ocrx_word' id='word_1_208' title='bbox 876 2467 979 2544; x_wconf 87' lang='lat' dir='ltr'><strong>erecti,</strong></span> <span class='ocrx_word' id='word_1_209' title='bbox 989 2465 1042 2543; x_wconf 92' lang='lat' dir='ltr'><strong>qui</strong></span> <span class='ocrx_word' id='word_1_210' title='bbox 1054 2464 1167 2526; x_wconf 89' lang='lat' dir='ltr'><strong>deinde</strong></span> 
     </span>
     <span class='ocr_line' id='line_1_28' title="bbox 193 2546 1167 2623; baseline -0.004 -12"><span class='ocrx_word' id='word_1_211' title='bbox 193 2556 290 2611; x_wconf 85' lang='lat' dir='ltr'><strong>status</strong></span> <span class='ocrx_word' id='word_1_212' title='bbox 306 2551 424 2609; x_wconf 87' lang='lat' dir='ltr'><strong>iuturus</strong></span> <span class='ocrx_word' id='word_1_213' title='bbox 439 2546 601 2622; x_wconf 83' lang='lat' dir='ltr'><strong>Graeciae,</strong></span> <span class='ocrx_word' id='word_1_214' title='bbox 626 2564 706 2622; x_wconf 88' lang='lat' dir='ltr'><strong>quae</strong></span> <span class='ocrx_word' id='word_1_215' title='bbox 721 2565 779 2609; x_wconf 89' lang='lat' dir='ltr'><strong>sua</strong></span> <span class='ocrx_word' id='word_1_216' title='bbox 792 2551 914 2611; x_wconf 85' lang='lat' dir='ltr'><strong>fortuna</strong></span> <span class='ocrx_word' id='word_1_217' title='bbox 928 2559 1026 2623; x_wconf 88' lang='lat' dir='ltr'><strong>esset,</strong></span> <span class='ocrx_word' id='word_1_218' title='bbox 1040 2548 1092 2610; x_wconf 91' lang='lat' dir='ltr'><strong>alii</strong></span> <span class='ocrx_word' id='word_1_219' title='bbox 1107 2547 1167 2609; x_wconf 88' lang='lat' dir='ltr'><strong>alia</strong></span> 
     </span>
     <span class='ocr_line' id='line_1_29' title="bbox 192 2628 1163 2706; baseline 0.002 -15"><span class='ocrx_word' id='word_1_220' title='bbox 192 2647 254 2692; x_wconf 91' lang='lat' dir='ltr'><strong>non</strong></span> <span class='ocrx_word' id='word_1_221' title='bbox 268 2629 351 2691; x_wconf 85' lang='lat' dir='ltr'><strong>taciti</strong></span> <span class='ocrx_word' id='word_1_222' title='bbox 366 2631 466 2691; x_wconf 89' lang='lat' dir='ltr'><strong>solum</strong></span> <span class='ocrx_word' id='word_1_223' title='bbox 481 2628 685 2706; x_wconf 90' lang='lat' dir='ltr'><strong>opinabantur</strong></span> <span class='ocrx_word' id='word_1_224' title='bbox 703 2633 760 2693; x_wconf 88' lang='lat' dir='ltr'><strong>sed</strong></span> <span class='ocrx_word' id='word_1_225' title='bbox 773 2632 967 2695; x_wconf 88' lang='lat' dir='ltr'><strong>sermonibus</strong></span> <span class='ocrx_word' id='word_1_226' title='bbox 982 2633 1074 2696; x_wconf 87' lang='lat' dir='ltr'><strong>etiam</strong></span> <span class='ocrx_word' id='word_1_227' title='bbox 1089 2633 1163 2694; x_wconf 85' lang='lat' dir='ltr'><strong>lere·</strong></span> 
     </span>
     <span class='ocr_line' id='line_1_30' title="bbox 191 2710 1166 2793; baseline 0.001 -17"><span class='ocrx_word' id='word_1_228' title='bbox 191 2717 264 2776; x_wconf 91' lang='lat' dir='ltr'><strong>bant</strong></span> <span class='ocrx_word' id='word_1_229' title='bbox 273 2715 430 2775; x_wconf 88' lang='lat' dir='ltr'><strong>Romanos</strong></span> <span class='ocrx_word' id='word_1_230' title='bbox 443 2713 593 2776; x_wconf 79' lang='lat' dir='ltr'><strong>tacturos:</strong></span> <span class='ocrx_word' id='word_1_231' title='bbox 604 2710 662 2776; x_wconf 75' lang='lat' dir='ltr'><strong>vix&#39;</strong></span> <span class='ocrx_word' id='word_1_232' title='bbox 670 2714 813 2792; x_wconf 88' lang='lat' dir='ltr'><strong>cuiquam</strong></span> <span class='ocrx_word' id='word_1_233' title='bbox 822 2718 1067 2793; x_wconf 89' lang='lat' dir='ltr'><strong>persuadebatur</strong></span> <span class='ocrx_word' id='word_1_234' title='bbox 1073 2717 1166 2777; x_wconf 88' lang='lat' dir='ltr'><strong>Grae·</strong></span> 
     </span>
     <span class='ocr_line' id='line_1_31' title="bbox 191 2796 1166 2877; baseline 0.004 -19"><span class='ocrx_word' id='word_1_235' title='bbox 191 2796 239 2871; x_wconf 86' lang='lat' dir='ltr'><strong>cia</strong></span> <span class='ocrx_word' id='word_1_236' title='bbox 251 2796 333 2859; x_wconf 92' lang='lat' dir='ltr'><strong>omni</strong></span> <span class='ocrx_word' id='word_1_237' title='bbox 344 2813 499 2859; x_wconf 90' lang='lat' dir='ltr'><strong>cessuros.</strong></span> <span class='ocrx_word' id='word_1_238' title='bbox 513 2799 554 2858; x_wconf 89' lang='lat' dir='ltr'><strong>ad</strong></span> <span class='ocrx_word' id='word_1_239' title='bbox 564 2801 773 2875; x_wconf 85' lang='lat' dir='ltr'><strong>spectaculum</strong></span> <span class='ocrx_word' id='word_1_240' title='bbox 784 2804 998 2874; x_wconf 66' lang='lat' dir='ltr'><strong>consederant</strong></span> <span class='ocrx_word' id='word_1_241' title='bbox 1011 2810 1041 2863; x_wconf 89' lang='lat' dir='ltr'><strong>et</strong></span> <span class='ocrx_word' id='word_1_242' title='bbox 1051 2815 1166 2877; x_wconf 86' lang='lat' dir='ltr'><strong>praeco</strong></span> 
     </span>
     <span class='ocr_line' id='line_1_32' title="bbox 190 2880 1166 2961; baseline 0 -19"><span class='ocrx_word' id='word_1_243' title='bbox 190 2897 260 2942; x_wconf 89' lang='lat' dir='ltr'><strong>cum</strong></span> <span class='ocrx_word' id='word_1_244' title='bbox 274 2880 422 2954; x_wconf 82' lang='lat' dir='ltr'><strong>tubicine,</strong></span> <span class='ocrx_word' id='word_1_245' title='bbox 447 2891 481 2943; x_wconf 91' lang='lat' dir='ltr'><strong>ut</strong></span> <span class='ocrx_word' id='word_1_246' title='bbox 494 2898 563 2943; x_wconf 91' lang='lat' dir='ltr'><strong>mos</strong></span> <span class='ocrx_word' id='word_1_247' title='bbox 578 2891 640 2958; x_wconf 88' lang='lat' dir='ltr'><strong>est,</strong></span> <span class='ocrx_word' id='word_1_248' title='bbox 666 2882 697 2944; x_wconf 95' lang='lat' dir='ltr'><strong>in</strong></span> <span class='ocrx_word' id='word_1_249' title='bbox 718 2883 849 2945; x_wconf 89' lang='lat' dir='ltr'><strong>mediam</strong></span> <span class='ocrx_word' id='word_1_250' title='bbox 863 2902 982 2961; x_wconf 88' lang='lat' dir='ltr'><strong>aream,</strong></span> <span class='ocrx_word' id='word_1_251' title='bbox 1006 2886 1089 2947; x_wconf 87' lang='lat' dir='ltr'><strong>unde</strong></span> <span class='ocrx_word' id='word_1_252' title='bbox 1103 2884 1166 2945; x_wconf 93' lang='lat' dir='ltr'><strong>sol·</strong></span> 
     </span>
     <span class='ocr_line' id='line_1_33' title="bbox 189 2963 1166 3044; baseline 0.002 -19"><span class='ocrx_word' id='word_1_253' title='bbox 189 2963 281 3026; x_wconf 88' lang='lat' dir='ltr'><strong>lemni</strong></span> <span class='ocrx_word' id='word_1_254' title='bbox 300 2965 434 3025; x_wconf 89' lang='lat' dir='ltr'><strong>carmine</strong></span> <span class='ocrx_word' id='word_1_255' title='bbox 448 2965 599 3027; x_wconf 87' lang='lat' dir='ltr'><strong>ludicrum</strong></span> <span class='ocrx_word' id='word_1_256' title='bbox 612 2965 707 3029; x_wconf 89' lang='lat' dir='ltr'><strong>indici</strong></span> <span class='ocrx_word' id='word_1_257' title='bbox 728 2970 821 3042; x_wconf 89' lang='lat' dir='ltr'><strong>solet,</strong></span> <span class='ocrx_word' id='word_1_258' title='bbox 848 2967 1015 3044; x_wconf 85' lang='lat' dir='ltr'><strong>processit,</strong></span> <span class='ocrx_word' id='word_1_259' title='bbox 1042 2977 1073 3030; x_wconf 88' lang='lat' dir='ltr'><strong>et</strong></span> <span class='ocrx_word' id='word_1_260' title='bbox 1092 2967 1166 3028; x_wconf 91' lang='lat' dir='ltr'><strong>tuba</strong></span> 
     </span>
     <span class='ocr_line' id='line_1_34' title="bbox 190 3046 1164 3126; baseline 0.002 -17"><span class='ocrx_word' id='word_1_261' title='bbox 190 3046 309 3110; x_wconf 87' lang='lat' dir='ltr'><strong>silentio</strong></span> <span class='ocrx_word' id='word_1_262' title='bbox 325 3049 405 3110; x_wconf 89' lang='lat' dir='ltr'><strong>lacto</strong></span> <span class='ocrx_word' id='word_1_263' title='bbox 420 3046 462 3110; x_wconf 89' lang='lat' dir='ltr'><strong>ita</strong></span> <span class='ocrx_word' id='word_1_264' title='bbox 473 3049 649 3125; x_wconf 90' lang='lat' dir='ltr'><strong>pronuntiat</strong></span> <span class='ocrx_word' id='word_1_265' title='bbox 664 3061 809 3125; x_wconf 87' lang='lat' dir='ltr'><strong>„senatus</strong></span> <span class='ocrx_word' id='word_1_266' title='bbox 821 3054 979 3114; x_wconf 85' lang='lat' dir='ltr'><strong>Romanus</strong></span> <span class='ocrx_word' id='word_1_267' title='bbox 991 3062 1022 3115; x_wconf 87' lang='lat' dir='ltr'><strong>et</strong></span> <span class='ocrx_word' id='word_1_268' title='bbox 1031 3052 1063 3111; x_wconf 87' lang='lat' dir='ltr'><strong>T.</strong></span> <span class='ocrx_word' id='word_1_269' title='bbox 1072 3050 1164 3126; x_wconf 82' lang='lat' dir='ltr'><strong>Quin-</strong></span> 
     </span>
     <span class='ocr_line' id='line_1_35' title="bbox 189 3129 1164 3213; baseline 0.004 -23"><span class='ocrx_word' id='word_1_270' title='bbox 189 3129 267 3192; x_wconf 90' lang='lat' dir='ltr'><strong>ctius</strong></span> <span class='ocrx_word' id='word_1_271' title='bbox 287 3130 454 3207; x_wconf 91' lang='lat' dir='ltr'><strong>imperator</strong></span> <span class='ocrx_word' id='word_1_272' title='bbox 471 3131 611 3210; x_wconf 89' lang='lat' dir='ltr'><strong>Philippo</strong></span> <span class='ocrx_word' id='word_1_273' title='bbox 632 3151 706 3209; x_wconf 84' lang='lat' dir='ltr'><strong>rege</strong></span> <span class='ocrx_word' id='word_1_274' title='bbox 725 3135 1012 3213; x_wconf 88' lang='lat' dir='ltr'><strong>Macedonibusque</strong></span> <span class='ocrx_word' id='word_1_275' title='bbox 1033 3134 1164 3196; x_wconf 88' lang='lat' dir='ltr'><strong>devictis</strong></span> 
     </span>
     <span class='ocr_line' id='line_1_36' title="bbox 188 3212 1164 3292; baseline 0.004 -18"><span class='ocrx_word' id='word_1_276' title='bbox 188 3212 311 3286; x_wconf 89' lang='lat' dir='ltr'><strong>liberos,</strong></span> <span class='ocrx_word' id='word_1_277' title='bbox 327 3214 485 3290; x_wconf 87' lang='lat' dir='ltr'><strong>immunes,</strong></span> <span class='ocrx_word' id='word_1_278' title='bbox 501 3215 567 3278; x_wconf 91' lang='lat' dir='ltr'><strong>suis</strong></span> <span class='ocrx_word' id='word_1_279' title='bbox 581 3216 702 3292; x_wconf 82' lang='lat' dir='ltr'><strong>legibus</strong></span> <span class='ocrx_word' id='word_1_280' title='bbox 717 3235 789 3280; x_wconf 90' lang='lat' dir='ltr'><strong>esse</strong></span> <span class='ocrx_word' id='word_1_281' title='bbox 803 3219 887 3280; x_wconf 91' lang='lat' dir='ltr'><strong>iubet</strong></span> <span class='ocrx_word' id='word_1_282' title='bbox 899 3218 1071 3282; x_wconf 85' lang='lat' dir='ltr'><strong>Corinthios</strong></span> <span class='ocrx_word' id='word_1_283' title='bbox 1085 3219 1164 3278; x_wconf 87' lang='lat' dir='ltr'><strong>Pho·</strong></span> 
     </span>
    </p>
   </div>
   <div class='ocr_carea' id='block_1_8' title="bbox 104 3298 1162 3376">
    <p class='ocr_par' dir='ltr' id='par_1_9' title="bbox 104 3298 1162 3376">
     <span class='ocr_line' id='line_1_37' title="bbox 104 3298 1162 3376; baseline -0.001 -15"><span class='ocrx_word' id='word_1_284' title='bbox 104 3348 111 3361; x_wconf 79' lang='grc'><em>,</em></span> <span class='ocrx_word' id='word_1_285' title='bbox 189 3313 299 3358; x_wconf 86' lang='lat' dir='ltr'><strong>censes</strong></span> <span class='ocrx_word' id='word_1_286' title='bbox 313 3299 548 3376; x_wconf 86' lang='lat' dir='ltr'><strong>Locrensesque</strong></span> <span class='ocrx_word' id='word_1_287' title='bbox 570 3298 669 3362; x_wconf 90' lang='lat' dir='ltr'><strong>omnis</strong></span> <span class='ocrx_word' id='word_1_288' title='bbox 684 3310 714 3376; x_wconf 86' lang='lat' dir='ltr'><strong>et</strong></span> <span class='ocrx_word' id='word_1_289' title='bbox 728 3301 859 3363; x_wconf 88' lang='lat' dir='ltr'><strong>insulam</strong></span> <span class='ocrx_word' id='word_1_290' title='bbox 872 3304 1031 3365; x_wconf 80' lang='lat' dir='ltr'><strong>Euboeam</strong></span> <span class='ocrx_word' id='word_1_291' title='bbox 1051 3310 1082 3362; x_wconf 87' lang='lat' dir='ltr'><strong>et</strong></span> <span class='ocrx_word' id='word_1_292' title='bbox 1096 3300 1162 3361; x_wconf 84' lang='lat' dir='ltr'><strong>ilia-</strong></span> 
     </span>
    </p>
   </div>
   <div class='ocr_carea' id='block_1_9' title="bbox 188 3380 1161 3546">
    <p class='ocr_par' dir='ltr' id='par_1_10' title="bbox 188 3380 1161 3546">
     <span class='ocr_line' id='line_1_38' title="bbox 188 3380 1161 3461; baseline 0.002 -20"><span class='ocrx_word' id='word_1_293' title='bbox 188 3387 305 3458; x_wconf 70' lang='lat' dir='ltr'><strong>gnatas,</strong></span> <span class='ocrx_word' id='word_1_294' title='bbox 318 3380 499 3456; x_wconf 81' lang='lat' dir='ltr'><strong>Thessalos,</strong></span> <span class='ocrx_word' id='word_1_295' title='bbox 514 3383 714 3461; x_wconf 90' lang='lat' dir='ltr'><strong>Perrhaebos,</strong></span> <span class='ocrx_word' id='word_1_296' title='bbox 728 3386 872 3450; x_wconf 85' lang='lat' dir='ltr'><strong>Achaeos</strong></span> <span class='ocrx_word' id='word_1_297' title='bbox 882 3385 1071 3448; x_wconf 86' lang='lat' dir='ltr'><strong>Phthiotas.“</strong></span> <span class='ocrx_word' id='word_1_298' title='bbox 1093 3400 1161 3460; x_wconf 90' lang='lat' dir='ltr'><strong>per·</strong></span> 
     </span>
     <span class='ocr_line' id='line_1_39' title="bbox 191 3464 1161 3546; baseline 0 -20"><span class='ocrx_word' id='word_1_299' title='bbox 191 3472 351 3528; x_wconf 80' lang='lat' dir='ltr'><strong>censuerat</strong></span> <span class='ocrx_word' id='word_1_300' title='bbox 372 3464 471 3528; x_wconf 92' lang='lat' dir='ltr'><strong>omnis</strong></span> <span class='ocrx_word' id='word_1_301' title='bbox 491 3468 606 3540; x_wconf 74' lang='lat' dir='ltr'><strong>gentis,</strong></span> <span class='ocrx_word' id='word_1_302' title='bbox 628 3485 709 3546; x_wconf 87' lang='lat' dir='ltr'><strong>quae</strong></span> <span class='ocrx_word' id='word_1_303' title='bbox 724 3470 782 3530; x_wconf 92' lang='lat' dir='ltr'><strong>sub</strong></span> <span class='ocrx_word' id='word_1_304' title='bbox 797 3468 919 3531; x_wconf 83' lang='lat' dir='ltr'><strong>dicione</strong></span> <span class='ocrx_word' id='word_1_305' title='bbox 932 3468 1064 3546; x_wconf 90' lang='lat' dir='ltr'><strong>Philippi</strong></span> <span class='ocrx_word' id='word_1_306' title='bbox 1077 3464 1161 3542; x_wconf 81' lang='lat' dir='ltr'><strong>regis</strong></span> 
     </span>
    </p>
   </div>
   <div class='ocr_carea' id='block_1_10' title="bbox 0 0 1304 4000">
    <p class='ocr_par' dir='ltr' id='par_1_11' title="bbox 0 0 1304 4000">
     <span class='ocr_line' id='line_1_40' title="bbox 0 0 1304 4000; baseline 0 4"><span class='ocrx_word' id='word_1_307' title='bbox 0 0 1304 4000; x_wconf 95' lang='lat' dir='ltr'><strong> </strong></span> 
     </span>
    </p>
   </div>
  </div>
 </body>
</html>
