2600 4000
84 202 90 212 ’
142 231 144 234 ·
231 238 292 304 sss
367 237 656 300 uuunmrxvm.
679 239 874 327 cananae.
897 244 1091 313 aunan]
1178 332 1182 339 .

230 392 339 454 cuniae
359 407 399 452 ex
419 406 458 453 eo
480 392 565 467 quod
585 391 773 467 pepigerant·
789 392 973 467 exigendum
998 389 1111 468 misso,
1137 393 1214 470 ipse,

231 477 303 553 quia
316 475 482 537 Eumenem
502 491 605 551 regern
626 482 658 536 et
677 476 786 537 decem
805 477 925 551 legatos
945 476 984 536 ab
999 473 1099 537 Roma
1112 476 1214 553 Ephe-

231 577 299 623 sum
319 560 444 622 venisse
458 559 610 633 audierat,
636 559 731 621 iussis
745 558 837 637 sequi
849 559 993 621 Antiochi
1006 560 1116 635 legatis
1131 562 1212 637 Apo-

232 658 329 706 meam
344 643 510 706 exercitum
523 643 653 705 reduxit
681 643 841 705 XXXVIII.
864 643 905 704 ibi
919 660 959 703 ex
976 644 1084 705 decem
1098 645 1213 720 legato
1288 647 1290 654 ’

231 745 298 791 rum
318 727 468 789 sententia
489 727 600 789 foedus
619 725 650 788 in
671 726 749 788 haec
769 728 864 788 verba
887 729 952 789 tere
972 744 1040 789 curn
1058 728 1223 789 Antiocho·

232 812 440 887 couscriptum
454 818 511 873 est.
533 810 684 886 „amicitia
697 812 763 886 regi
774 810 931 873 Antiocho
942 827 1010 873 cum
1022 813 1141 887 populo
1151 813 1215 873 Ro-

231 913 322 959 mano
336 895 386 957 his
399 896 520 971 legibus
535 903 566 957 et
580 894 813 957 condicionibus
828 904 920 958 esto·
934 905 974 956 ne
989 910 1080 971 quem
1095 896 1214 955 exerci-

232 989 310 1056 tum,
331 979 385 1057 qui
405 995 474 1041 curn
494 980 610 1056 populo
628 980 767 1041 Romano
789 978 924 1041 sociisve
944 980 1057 1041 bellum
1069 986 1214 1054 gesturus

232 1065 297 1137 erit,
313 1080 368 1125 rex
383 1078 439 1140 per
452 1063 531 1124 flues
544 1064 630 1140 regni
643 1064 701 1138 sui,
712 1079 858 1125 eorumve
871 1062 924 1141 qui
938 1063 997 1125 sub
1010 1063 1135 1124 dicione
1145 1061 1214 1123 eius

114 1187 118 1192 -
232 1155 335 1222 erunt,
355 1146 486 1209 transire
506 1147 612 1223 sinito,
633 1163 694 1208 neu
714 1154 885 1209 commeatu
904 1162 966 1209 neu
986 1163 1048 1223 qua
1068 1147 1127 1207 alia
1150 1162 1215 1224 ope

232 1231 345 1292 tuvato.
377 1231 459 1292 idem
478 1231 608 1294 Romani
633 1230 772 1307 sociique
792 1231 945 1293 Antiocho
966 1238 998 1292 et
1018 1231 1057 1291 iis
1071 1229 1127 1305 ⁴(pu
1148 1229 1213 1290 sub

232 1313 361 1389 imperio
382 1314 449 1392 eins
470 1321 559 1376 erunt
571 1322 736 1392 praestent.
770 1314 841 1374 belli
857 1314 983 1391 gerendi
997 1314 1045 1376 ius
1059 1311 1213 1374 AntIocho

233 1413 272 1462 ne
293 1403 360 1459 esto
382 1398 531 1458 cumillis
553 1400 606 1474 qui
626 1399 744 1461 insulas
767 1400 884 1473 colunt,
907 1415 985 1459 neve
1005 1397 1037 1458 in
1055 1396 1215 1471 Europam

234 1480 419 1566 transeundi.
443 1482 583 1543 excedito
598 1482 726 1544 urbibus
740 1482 824 1558 agris
838 1482 915 1544 vicis
929 1481 1063 1543 castellis
1078 1478 1124 1540 cis
1135 1481 1214 1540 Tau·

233 1583 300 1627 rum
313 1571 447 1627 montem
460 1582 561 1642 usqne
574 1566 616 1640 ad
628 1566 730 1643 Halyn
745 1582 873 1640 mnam,
888 1572 920 1627 et
932 1582 951 1626 a
963 1566 1043 1625 valle
1055 1563 1148 1624 Tauri
1162 1578 1215 1625 us

117 1655 122 1663 ’
234 1667 296 1726 que
307 1650 346 1711 ad
358 1650 438 1725 iuga,
451 1651 553 1727 quain
564 1649 752 1729 Lycaoniam
764 1651 870 1726 vergit.
886 1665 925 1710 ne
937 1665 997 1724 qua
1008 1664 1092 1707 mma
1104 1647 1214 1709 efferto

233 1734 325 1797 exiis
346 1734 469 1811 oppidis
487 1730 568 1811 agri's
583 1733 793 1810 castellisque,
815 1734 927 1810 quibus
944 1732 1088 1794 excedata
1110 1732 1139 1792 si
1153 1748 1216 1807 qua
1241 1742 1244 1747 ’

234 1818 354 1894 extuht,
371 1834 451 1894 quae
467 1835 592 1896 quoqne
606 1816 772 1894 oportebit,
791 1825 875 1878 recte
888 1814 1049 1896 restituito,
1083 1831 1124 1875 ne
1138 1816 1214 1875 mili-

234 1907 295 1962 tern
314 1918 375 1962 neu
396 1918 488 1977 quern
508 1903 599 1963 aliurn
620 1919 660 1963 ex
680 1917 776 1978 regno
789 1900 934 1962 Eumenis
948 1897 1085 1974 recipito.
1120 1898 1216 1974 siqui

234 1999 337 2045 emam
352 1985 473 2053 urbium
485 1987 579 2063 cives,
594 2003 674 2062 quae
686 1984 973 2062 regno-abscedunt,
990 1999 1058 2045 curn
1069 1985 1215 2058 regeAn-

235 2067 337 2129 tiocho
358 2068 498 2144 intraque
518 2070 597 2132 fines
617 2070 704 2145 regni
724 2068 792 2132 eius
812 2075 897 2144 sunt,
919 2069 1088 2144 Apameam
1106 2083 1215 2130 omnes
1280 2128 1283 2133 ,

235 2158 305 2213 ante
325 2151 407 2213 diem
428 2161 540 2217 certam
553 2155 715 2216 redeunte.
741 2153 794 2230 qui
808 2169 848 2212 ex
862 2168 957 2228 regno
971 2150 1116 2225 Antiochi
1130 2152 1216 2226 apud

236 2237 391 2297 Romanos
416 2237 584 2313 sociosque
608 2245 693 2312 sunt,
721 2237 760 2297 iis
782 2236 830 2298 ius
856 2233 989 2296 abeundi
1008 2235 1217 2310 manendique

108 2309 113 2318 '
166 2322 168 2327 ⁴
235 2327 312 2382 esto.
335 2336 445 2382 servos
460 2337 518 2383 seu
531 2321 675 2397 fugitivos
690 2336 747 2381 seu
761 2320 842 2381 bello
857 2326 974 2395 captos,
990 2335 1045 2380 seu
1058 2318 1128 2393 quis
1138 2318 1218 2379 liber

122 2403 140 2477 J
235 2412 344 2479 captus
359 2411 412 2466 aut
425 2406 583 2480 transfuga
597 2403 662 2476 erit,
677 2404 798 2466 reddito
808 2402 955 2466 Romanis
970 2403 1138 2478 sociisque.
1154 2403 1216 2462 cle

236 2487 367 2560 phantos
382 2489 494 2549 tradito
509 2490 617 2562 omnis,
633 2503 734 2562 neque
747 2488 826 2550 alios
840 2494 958 2563 parato.
990 2486 1100 2547 tradito
1116 2492 1148 2546 et
1161 2501 1217 2545 na-

236 2584 291 2628 ves
312 2570 421 2644 longas
442 2576 690 2645 armamentaque
710 2586 831 2639 earum;
859 2586 919 2631 neu
933 2571 1038 2646 plures
1052 2570 1216 2645 quamde

236 2663 301 2711 cem
316 2658 421 2711 ‘naves
442 2653 609 2727 actuarias,
635 2654 728 2714 nulla·
742 2671 880 2730 quarum·
890 2655 960 2729 plus
982 2670 1076 2730 quam
1094 2651 1216 2728 triginta

235 2734 327 2795 remis
342 2742 457 2810 agatur,
473 2735 594 2813 habeto,
610 2752 690 2798 neve
703 2754 858 2801 monerem
872 2753 913 2797 ex
928 2737 999 2799 belli
1010 2753 1115 2811 causa,
1131 2737 1216 2812 quod

176 2892 179 2897 Ι
235 2817 304 2893 ipse
316 2819 454 2881 illaturus
469 2819 540 2883 erit·
555 2837 595 2882 ne
608 2821 751 2897 navigato
765 2823 839 2883 citra
851 2822 1059 2900 Calycadnum
1070 2836 1133 2881 neu
1144 2819 1229 2881 San

236 2902 402 2985 pedonium
414 2906 633 2980 promunturia
642 2911 828 2981 extraquam
839 2904 868 2967 si
880 2922 942 2982 qua
951 2904 1040 2966 navis
1051 2904 1217 2980 pecuniam

236 2987 420 3060 stipendium
436 2996 489 3063 aut
508 2990 625 3064 legatos
641 2996 695 3049 aut
708 2989 833 3051 obsides
847 2988 990 3066 portabit
1010 2988 1123 3050 milites
1137 3003 1217 3049 mer·

236 3068 313 3130 cede
328 3070 521 3132 conducendi
536 3088 576 3132 ex
587 3072 635 3135 his
646 3073 798 3147 gentum,
814 3088 894 3148 quae
905 3073 963 3133 snb
975 3071 1097 3133 dicione
1107 3069 1218 3147 populi
1237 3077 1241 3084 “

203 3152 364 3229 'Romani
385 3163 470 3230 sunt,
489 3155 643 3217 Antiocho
664 3155 730 3231 regi
748 3158 795 3217 ins
810 3172 849 3217 ne
863 3163 931 3218 esto
941 3181 949 3227 ;
961 3171 1011 3223 ,ne
1026 3156 1217 3218 voluntarios

211 3254 214 3259 ’
237 3235 361 3310 quidem
385 3239 562 3314 recipiendi.
595 3237 783 3300 Rhodiorum
803 3240 998 3303 sociorumve
1018 3255 1100 3315 quae
1121 3240 1216 3301 aedes

236 3319 438 3396 aedificiaque
453 3322 531 3380 intra
545 3321 623 3382 fines
637 3324 724 3398 regni
734 3323 877 3385 Antiochi
892 3331 971 3401 sunt,
987 3340 1049 3400 quo
1064 3323 1133 3384 iure
1142 3331 1218 3389 vante

237 3404 348 3464 bellum
362 3405 492 3477 luerunt,
508 3421 546 3466 eo
558 3406 747 3469 Rhodiorum
761 3409 958 3468 sociorumve
972 3416 1073 3469 sunto.
1096 3405 1217 3483 siquae

237 3488 387 3560 pecuniae
401 3488 564 3564 debentur,
584 3507 689 3551 earnm
703 3492 823 3551 exactio
837 3498 915 3552 esto.
949 3491 976 3551 si
992 3490 1065 3566 quid
1082 3491 1216 3552 ablatum
