2600 4000
196 232 241 296 24
325 232 442 293 LIBER
455 232 559 293 XXXI.
582 231 667 292 CAP.
681 239 725 295 at.
738 239 781 293 28.
792 240 837 294 29.
858 233 893 310 [a.
907 238 942 289 U.
955 255 979 290 o.
992 234 1056 309 552]

199 385 327 446 adortus
353 381 556 459 expugnavit,
590 382 823 458 puberibusque
851 382 1035 460 Interfectis,
1064 387 1183 462 praeda

200 468 282 529 omni
296 466 441 527 militibus
457 480 609 528 concessa
626 464 719 526 dimit
732 483 838 527 muros
852 474 945 542 atque
955 468 1064 528 urbem
1078 469 1183 531 Incen-

200 553 252 614 dit.
274 552 325 612 hle
338 557 437 611 metus
451 551 643 623 Codrionem,
658 551 734 610 satIs
746 551 879 610 validum
891 557 922 611 et
932 552 1080 613 munitum
1093 556 1183 631 oppi-

200 638 289 713 dum,
311 636 378 696 sine
392 634 556 696 certamine
570 640 604 694 ut
618 634 783 695 dederetur
796 635 943 696 Romanis
959 634 1070 697 effecit.
1091 654 1181 713 prae·

200 722 280 782 sidio
294 719 336 780 ibi
350 719 456 779 relleto
471 718 584 779 Cnidus
595 749 638 760 —
649 732 761 807 nornen
778 725 906 794 propter
920 720 1045 779 alteram
1059 719 1091 780 in
1105 721 1182 782 Asia
1296 748 1297 763 2

199 806 307 867 urbem
328 819 419 879 quam
437 802 584 877 oppidum
604 802 800 863 notius—vi
815 804 943 878 capitur.
979 810 1182 865 revertentem

200 892 333 965 legatum
347 887 386 946 nd
402 886 559 947 consulem
574 878 642 947 curn
659 886 733 947 sads
747 901 859 961 magna
874 887 991 962 praeda
1004 887 1183 964 Athenago-

199 990 250 1033 ras
267 970 391 1048 quidam
404 969 509 1045 regius
523 971 698 1043 praefectus
713 970 886 1031 intransitu
901 970 1034 1031 fluminis
1046 988 1065 1031 a
1077 974 1183 1033 novIs-

200 1058 278 1117 simo
303 1053 423 1128 angne
448 1054 591 1129 adortus,
617 1061 793 1129 postremos
816 1055 958 1115 turbavit.
984 1055 1032 1114 -ad
1052 1073 1184 1132 qnorum

200 1141 364 1201 clamorem
386 1144 417 1199 et
436 1136 670 1212 trepidationem
691 1154 759 1199 curn
779 1145 922 1199 revectus
943 1154 1025 1215 equo
1047 1156 1185 1216 propere

199 1225 319 1299 legatus
334 1222 422 1296 signa
434 1221 646 1296 convertisset,
663 1228 693 1283 et
706 1222 853 1283 caniacus
865 1222 895 1282 in
905 1223 1040 1283 medium
1051 1224 1184 1284 sarcinis

201 1306 298 1367 aciem
320 1305 497 1380 direxisset,
519 1320 581 1364 non
602 1307 699 1365 tulere
719 1306 865 1381 impetum
878 1307 1087 1368 Romanorum
1104 1307 1183 1367 mili·

201 1400 262 1452 turn
276 1389 362 1463 regii.
389 1388 473 1450 multi
488 1404 528 1449 ex
544 1389 582 1449 iis
598 1389 701 1463 acelsi,
718 1391 822 1465 plures
838 1390 928 1466 capti
961 1392 1081 1465 legatus
1096 1391 1182 1452 inco·
1296 1412 1297 1479 χ

199 1473 271 1534 lumi
296 1473 433 1533 exercitu
456 1472 584 1534 reducto
610 1474 648 1533 ad
672 1475 831 1533 consulem
854 1473 1014 1534 remittitur
1035 1475 1106 1535 inde
1128 1491 1182 1535 ex·
1296 1482 1297 1535 t

199 1558 312 1633 templo
328 1558 366 1616 ad
382 1557 523 1617 classem.

283 1641 418 1704 XXVIII.
439 1642 505 1701 Hac
520 1640 595 1701 satis
610 1640 691 1700 felici
706 1640 902 1716 expeditione
917 1642 997 1704 bello
1013 1643 1182 1705 commisso

198 1725 296 1800 reguli
311 1742 348 1785 ac
363 1725 519 1801 principes
535 1725 659 1786 accolae
669 1725 872 1786 Macedonum
886 1727 917 1786 iu
930 1734 1032 1787 castra
1042 1729 1184 1790 Romana

200 1811 333 1885 veniunt,
348 1810 507 1869 Pleuratus
522 1807 711 1868 Scerdilaedi
726 1808 817 1882 iilius,
834 1818 864 1872 et
873 1812 1075 1889 Amynander
1085 1812 1182 1872 Atha-

200 1908 323 1952 manum
341 1909 413 1966 rex,
435 1898 465 1952 et
485 1908 525 1952 ex
538 1891 689 1953 Dardanis
704 1895 780 1955 Bato
794 1895 927 1969 Longari
942 1895 1033 1956 tilius.
1067 1896 1183 1957 bellum

199 1991 257 2036 suo
280 1975 402 2037 nomine
416 1976 576 2052 Longarus
599 1992 668 2037 cum
682 1978 834 2040 Demetrio
854 1978 986 2056 Philippi
1007 1986 1093 2056 patre
1109 1996 1180 2056 ges-

199 2066 291 2121 serat
313 2060 527 2135 pollicentibus
543 2060 657 2123 auxillo
670 2063 831 2138 respondit
845 2066 954 2124 consul
967 2064 1182 2125 Dardanorum

199 2152 229 2206 et
242 2145 373 2206 Pleurati
394 2160 503 2221 opera,
529 2162 597 2206 eum
618 2148 784 2208 exereitum
805 2146 835 2206 in
856 2147 1070 2209 Macedoniam
1092 2149 1181 2211 indu·

200 2235 296 2306 aeret,
318 2245 354 2290 se
373 2247 518 2301 usurum;
544 2231 746 2308 Amynandro
766 2231 895 2292 Aetolos
918 2232 1118 2293 concitandos
1140 2233 1181 2294 ad

198 2314 311 2374 bellum
332 2314 473 2376 attribuit.
506 2316 598 2375 Attali
619 2315 861 2389 legatis-nam
880 2315 902 2376 ii
923 2332 1048 2392 quoque
1072 2332 1128 2391 per
1147 2317 1181 2377 id

199 2405 320 2473 tempus
334 2404 534 2458 venerant-
544 2397 677 2472 mandat,
692 2404 726 2457 nt
738 2397 876 2472 Aegtnae
890 2416 955 2474 rex,
970 2400 1024 2461 ubi
1037 2399 1181 2461 hiberna·

198 2481 264 2553 bat,
286 2483 418 2539 classem
431 2481 599 2539 Romanam
622 2480 829 2555 opperiretur,
852 2501 915 2558 qua
935 2486 1078 2545 adluncta
1096 2484 1178 2546 belle

198 2563 357 2637 maritimo,
372 2563 452 2623 sicut
466 2569 545 2636 ante,
556 2561 730 2637 Philippum
743 2571 874 2639 urgeret.
897 2570 937 2628 ad
946 2569 1086 2629 Rhodios
1102 2585 1178 2645 quo-

199 2660 260 2721 que
274 2644 361 2705 missi
375 2645 475 2720 legati,
491 2652 524 2706 ut
538 2653 740 2719 capesserent
752 2655 870 2724 partem
883 2651 965 2712 belli.
993 2668 1051 2712 nec
1065 2653 1177 2729 Philip·
1296 2649 1297 2654 ’

197 2745 257 2806 pus
282 2729 532 2803 segnius—iam
558 2729 637 2789 enirn
657 2731 688 2790 in
708 2731 921 2795 Macedoniam
941 2744 1177 2813 pervenerat—

198 2812 368 2888 apparabat
384 2813 504 2873 bellurn.
527 2814 622 2875 filiun
632 2814 755 2892 Persea,
770 2833 900 2894 puerum
911 2821 1084 2897 admodum,
1100 2821 1179 2883 datis

198 2913 239 2956 ex
251 2896 418 2958 amicorum
429 2913 555 2958 numero
568 2899 620 2975 qui
632 2906 762 2962 aetatem
773 2903 839 2962 elus
851 2912 1002 2979 regerent,
1010 2921 1078 2966 cum
1090 2910 1180 2979 parte

199 2979 357 3055 copiarum
376 2982 417 3041 ad
438 2982 625 3044 obsidendas
647 2986 805 3059 angustias
828 3003 908 3062 quae
928 2990 968 3048 ad
982 2988 1170 3064 Pelagoniam

199 3070 270 3125 sunt
282 3065 380 3127 mittit.
414 3064 568 3126 Sclatlrum
584 3075 613 3128 et
626 3067 843 3146 Peparethum,
864 3070 947 3133 baud
961 3072 1112 3148 Ignobiles
1127 3090 1175 3133 ur·

197 3147 263 3223 bes,
279 3164 318 3208 ne
333 3149 425 3210 classi
440 3149 573 3211 hostium
586 3153 722 3226 praedae
736 3169 774 3213 ac
788 3155 925 3230 praemio
941 3162 1056 3232 essent,
1075 3157 1169 3218 diruit

198 3231 237 3290 ad
251 3232 379 3295 Aetolos
401 3234 488 3294 mittit
508 3235 642 3311 legatos,
663 3252 703 3297 ne
723 3252 799 3311 gens
817 3237 953 3314 inquIeta
968 3241 1103 3302 adventu
1116 3242 1176 3302 Ro·

197 3330 356 3377 manorum
369 3318 462 3378 fidem
476 3324 614 3380 mutaret.

281 3400 385 3461 XXIX.
408 3400 576 3462 Concilium
589 3405 768 3464 Aetolorum
783 3410 862 3465 stata
876 3406 942 3482 die,
965 3407 1049 3483 quod
1062 3408 1176 3469 Panae

197 3481 303 3545 solium
319 3493 437 3558 vocant,
453 3486 586 3546 laturum
600 3495 674 3550 erat.
700 3487 770 3548 huic
783 3495 817 3549 ut
831 3497 1035 3562 occurrerent,
1050 3498 1081 3552 et
1094 3491 1179 3566 regts
