2600 4000
182 215 184 220 ’
279 250 540 312 amnnxrtxvn
562 223 936 321 cheretaponti
1034 217 1098 311 am

120 401 320 475 occidissent,
345 399 377 461 ni
396 400 437 461 lt.
457 398 585 461 Porcius
605 400 644 459 ab
665 398 737 474 iugo
760 397 949 474 Callidromi,
970 398 1097 461 deiectis

119 487 191 548 inde
210 484 330 547 Aetolis
348 492 509 560 etmagna
528 499 568 544 ex
587 490 676 560 parte
697 481 1002 546 caesia-incautos
1016 481 1097 543 enim

119 579 151 632 et
170 572 338 646 plerosque
357 567 478 644 sopitos
499 575 765 644 oppresserat—,
782 581 877 642 super
894 563 1098 642 inunincntem

75 677 78 682 >
121 653 231 715 castris
244 654 353 716 collem
370 651 576 729 apparuisset.
610 651 688 713 XIX.
709 650 821 712 Flacco
836 664 899 711 non
913 647 1024 711 cadem
1037 649 1098 709 lor-

121 746 195 800 tuna
215 738 255 800 ad
268 735 426 799 Tichiunta
446 743 477 798 et
488 734 710 807 Rhoduntiam,
729 733 919 810 *nequiquam
939 730 1043 794 subire
1058 733 1099 792 ad

120 837 159 882 ea
172 821 296 882 castella
310 828 438 894 conato,
459 821 566 881 luerat.
602 819 791 880 Macedones
807 817 924 893 quique
937 815 988 877 alii
1003 816 1033 876 ln
1048 822 1097 877 ca·

121 902 297 980 strisregiis
308 913 396 966 erant
404 904 594 981 primmdum
604 905 714 979 procul
726 902 799 962 nihil
811 901 895 963 aliud
907 916 998 978 quam
1010 900 1099 961 turba

120 995 151 1050 ct
170 1004 281 1064 agmen
300 987 483 1065 apparebat,
504 987 633 1050 Aetolos
649 986 776 1048 credere
790 986 859 1047 visa
872 986 981 1062 procul
994 999 1096 1061 pugna

121 1071 261 1134 subsidio
276 1073 396 1135 venires
418 1080 553 1133 cetemm
563 1078 597 1133 ut
610 1071 742 1148 primum
756 1070 907 1152 signaque
920 1075 951 1131 et
962 1084 1046 1130 anna
1058 1084 1097 1129 ex

119 1155 296 1233 propinquo
321 1156 443 1232 cognita
463 1171 598 1218 errorem
622 1161 820 1232 aperuerunt,
845 1162 947 1216 tantus
970 1160 1098 1230 repente

119 1255 219 1317 pavor
235 1240 336 1302 omnis
351 1239 447 1316 cepit,
468 1247 503 1301 ut
516 1238 644 1302 abiectis
665 1239 756 1300 arnus
776 1240 927 1315 lugerent
958 1245 989 1299 et
1002 1236 1098 1299 muni-

119 1332 222 1385 menta
231 1324 390 1400 sequentis
401 1322 612 1399 impedierunt
620 1330 652 1385 et
661 1323 821 1398 angustiae
832 1323 929 1397 vallis,
936 1337 993 1398 per
1006 1338 1098 1397 quam

120 1407 271 1486 sequendi
286 1416 381 1483 erant,
397 1415 428 1469 et
441 1407 572 1468 maxime
587 1408 721 1469 omnium
733 1407 819 1483 quod
829 1405 983 1483 elephanti
994 1405 1097 1467 novis-

121 1492 189 1554 simi
208 1491 336 1567 aganinis
357 1498 458 1566 erant,
481 1507 560 1567 quos
575 1492 674 1567 pedes
689 1507 781 1567 aegre
794 1491 977 1568 praeterire,
1001 1504 1099 1565 eques

121 1577 203 1638 rullo
224 1575 466 1652 poteramus,
486 1574 661 1639 timentibus
676 1577 766 1651 equis
784 1575 1006 1648 tumultumque
1020 1572 1098 1634 inter

122 1676 156 1720 se
169 1659 315 1722 maiorem
337 1676 428 1736 quam
441 1658 473 1722 in
487 1658 606 1736 proelio
621 1660 799 1730 edentibus;
821 1658 1010 1733 aliquantum
1024 1662 1098 1716 tem·

121 1742 206 1821 poris
220 1752 252 1806 et
268 1743 398 1821 direptio
415 1750 585 1807 castromm
600 1742 705 1805 tenuit
740 1741 930 1817 Scarpheam
944 1746 1045 1806 tumen
1060 1753 1099 1799 eo

123 1828 170 1888 die
192 1830 350 1891 consecuti
371 1837 443 1891 sunt
461 1828 592 1890 hostem.
626 1825 728 1888 multis
746 1825 777 1884 in
793 1825 862 1901 ipso
876 1822 984 1885 itinera
999 1821 1099 1883 caesis

124 1912 290 1988 raptisque,
306 1928 369 1973 non
384 1911 474 1987 equis
487 1911 627 1986 virisque
640 1915 765 1980 tantum,
783 1907 840 1968 scd
854 1907 943 1969 etiam
955 1906 1097 1983 elephan-

118 1996 174 2070 tis,
190 2013 275 2071 quos
291 2011 404 2071 capere
417 2011 479 2055 non
494 2001 674 2070 potuerant,
695 1990 877 2067 interiectis,
891 1993 921 2053 in
937 1998 1039 2054 caetra
1052 2006 1100 2051 re·

120 2085 289 2149 verterunt;
310 2093 391 2153 quac
403 2083 548 2151 temptata
561 2088 599 2137 co
616 2076 667 2137 dic
682 2076 874 2151 interipsum
889 2092 1012 2152 pugnae
1026 2082 1098 2136 tem·

120 2178 181 2237 pus
204 2161 244 2220 ab
259 2161 394 2232 Aetolis,
414 2161 593 2220 Heracleam
614 2159 820 2221 obtinentibus
841 2159 1012 2235 praesidio,
1033 2159 1109 2218 sina·

120 2247 183 2306 ullo
204 2242 286 2304 baud
307 2259 416 2321 parurn
430 2243 557 2304 audacis
571 2244 685 2319 incepti
699 2242 812 2304 effectu
826 2243 955 2304 lucrant.
991 2243 1101 2304 consul
1168 2283 1171 2288 -

121 2328 221 2390 noctis
231 2325 424 2405 insequentis
434 2327 522 2390 tertia
531 2326 634 2403 vigilia
644 2325 817 2403 praemisso
829 2326 965 2402 equitatu
979 2326 1020 2387 ad
1031 2341 1100 2401 pcr-

121 2413 314 2489 scqucndum
337 2411 474 2488 bostem,
498 2410 588 2488 signa
611 2410 766 2487 legionum
787 2410 886 2489 prima
906 2411 976 2472 luce
995 2408 1099 2470 movit.
1198 2426 1201 2431 ’

120 2496 309 2573 aliquantum
329 2493 399 2557 viae
419 2501 620 2573 praeceperat
632 2512 705 2572 rex,
730 2502 764 2557 ut
778 2495 907 2572 quinon
922 2501 994 2556 ante
1009 2509 1100 2568 quam

119 2579 236 2642 Elatiae
255 2580 295 2641 ab
310 2580 411 2642 effuso
426 2578 596 2642 constiterit
609 2595 718 2650 curam
750 2579 803 2640 ubi
817 2576 949 2655 primum
962 2577 1100 2653 reliquiis

120 2679 305 2741 pugnaeque
325 2671 357 2725 ct
376 2665 468 2740 lagae
487 2664 640 2739 collectis,
662 2679 731 2725 cum
751 2663 920 2739 perexigua
939 2678 1032 2723 manu
1050 2677 1099 2721 sc-

120 2748 288 2810 miorminm
300 2747 428 2808 militum
442 2746 617 2808 Chalcidem
630 2763 667 2807 se
680 2745 807 2822 recapit
840 2741 998 2808 Romanus
1013 2746 1099 2822 equi-

116 2838 200 2913 tatus
225 2832 327 2908 ipsum
351 2831 474 2906 quidem
497 2845 602 2905 negem
619 2829 737 2890 Elatiae
760 2830 929 2891 adsecutus
954 2835 1097 2897 nonest,

120 2930 263 2991 magnam
276 2920 395 2991 partem
408 2912 537 2988 agminis
550 2921 604 2975 aut
616 2912 798 2975 lassitudine
812 2912 1024 2988 subsistentis,
1048 2920 1101 2973 aut

120 2998 240 3075 errore,
260 2998 368 3075 utqui
387 2995 455 3058 sine
475 2996 606 3058 ducibus
626 3012 685 3073 per
704 2997 809 3072 ignota
828 2996 936 3058 itinera
949 2998 1098 3073 maerent,
1119 3032 1121 3035 -

120 3083 289 3160 dissipatos
301 3088 532 3159 oppresserunt.
547 3096 605 3142 nec
615 3088 737 3156 praeter
749 3079 943 3157 quingentos,
955 3081 1009 3156 qui
1019 3081 1100 3141 circa

120 3183 223 3242 regem
242 3168 378 3242 luerunt,
399 3181 438 3226 ex
458 3171 522 3226 toto
537 3165 674 3226 exercitu
688 3164 852 3241 qusquam
865 3163 986 3240 elingit,
1009 3163 1098 3225 etiam

121 3252 278 3312 exducem
289 3250 411 3312 milibus
422 3250 557 3325 militum,
573 3266 654 3325 quos
664 3248 794 3326 Polybio
805 3255 931 3310 auctore
940 3245 1099 3310 traiecisse

122 3348 228 3396 secum
240 3350 346 3411 regern
359 3335 389 3395 in
406 3333 563 3395 Graeciam
578 3333 774 3410 scripsimus,
790 3331 921 3409 exiguus
935 3345 1098 3393 numerus:

123 3415 197 3493 quid
211 3416 238 3478 si
252 3418 365 3481 Antiati
378 3417 502 3480 Valerio
518 3417 681 3479 credamus
702 3416 864 3493 sexaginta
876 3414 960 3476 milia
972 3414 1099 3485 militum

123 3499 218 3562 luisse
235 3501 266 3561 in
280 3500 366 3578 regio
384 3500 520 3565 exercitu
535 3499 694 3575 scribenti,
716 3499 918 3576 quadraginta
931 3496 1003 3558 inde
1017 3494 1096 3555 milia
