2600 4000
281 270 398 332 urana
412 270 575 331 muxvm.
599 269 682 330 ιιι).
699 237 823 342 aaa.
836 277 942 344 areo]
1039 258 1101 336 aaa

122 426 205 487 velut
230 420 342 500 proditi
367 422 406 484 ab
429 421 494 482 suis
516 418 677 497 segniores
698 421 739 481 ad
759 421 896 497 pericula
916 429 1011 485 erant
1043 426 1104 488 iam

122 523 214 570 nemo
229 504 450 583 eruptionibus,
465 511 500 566 ut
512 510 591 579 ante,
607 505 637 564 in
653 504 802 565 stationes
813 502 957 580 hostium,
973 508 1029 568 sed
1041 508 1104 569 dis·

123 590 216 670 positi
231 606 287 667 per
299 605 403 651 muros
419 595 451 650 et
465 594 564 650 turres
579 604 618 649 ex
633 594 703 649 tuto
712 588 901 664 pugnabant

206 674 271 735 Vll.
293 673 426 735 Perseus
440 672 493 735 ubl
507 672 620 734 adesse
634 673 763 733 Aetolos
778 671 904 748 audivit,
919 673 1036 735 omissa
1050 676 1104 737 ob

125 759 246 822 sidione
271 758 372 834 urbis,
400 772 491 834 quam
515 756 730 833 oppugnabat,
756 757 962 832 depopulatus
990 764 1104 820 tantum

122 859 215 920 agros
232 840 448 918 Amphilochia
469 839 605 902 excessit
624 848 717 916 atque
737 840 768 900 in
783 839 996 901 Macedoniam
1015 841 1104 903 redit.

121 934 152 990 et
164 927 293 988 Aetolos
308 926 381 986 inde
394 923 536 986 avocavit
548 924 707 1000 populatio
722 924 890 985 maritimae
905 940 987 985 orae.
1016 925 1104 987 Pleu·

120 1020 205 1074 ratus
218 1011 392 1090 lllyriorum
412 1023 467 1069 rex
483 1023 552 1069 cum
567 1008 727 1084 sexaginta
741 1008 850 1069 lembis
865 1007 1051 1070 Corinthium
1064 1012 1105 1071 si·

122 1111 194 1157 num
207 1094 348 1155 invectus
369 1091 519 1153 adiunctis
534 1092 728 1157 Achaeorum
745 1107 825 1168 quae
839 1091 937 1153 Patris
951 1100 1039 1155 erant
1052 1111 1104 1154 na·

96 1202 101 1210 ·
121 1177 211 1240 vibus
238 1176 545 1239 maritimaAetoliae
570 1176 719 1238 vastabat.
751 1176 903 1237 adversus
924 1193 1003 1254 quos
1025 1179 1105 1239 mille

124 1262 225 1325 Aetoli
239 1260 335 1335 missi,
351 1275 546 1337 quacumque
561 1276 597 1321 se
612 1260 723 1322 classis
736 1260 958 1335 circumegerat
967 1277 1024 1338 per
1037 1262 1103 1323 lito·
1145 1263 1151 1270 '

121 1363 189 1409 rum
200 1345 373 1417 amfractus,
382 1343 703 1406 brevioribussemitis
712 1344 923 1407 occurrebant.
938 1352 969 1407 et
975 1346 1103 1408 Romani

122 1432 162 1494 ad
177 1429 372 1490 Ambraciam
394 1427 532 1504 pluribus
553 1427 631 1490 locis
652 1429 817 1506 quatiendo
838 1428 984 1491 ametibus
999 1447 1102 1494 muros
1219 1477 1223 1483 .

122 1515 311 1591 aliquantum
325 1512 410 1573 urbis
425 1512 630 1590 nudaverant,
646 1529 704 1574 nec
717 1520 818 1575 tamen
832 1520 994 1590 penetrare
1008 1514 1038 1574 in
1053 1532 1102 1577 ur·

121 1600 191 1661 bem
212 1604 367 1675 poterant:
400 1612 470 1657 narn
490 1603 520 1657 ct
539 1599 606 1673 pari
627 1596 782 1659 celeritate
802 1613 903 1658 novus
924 1613 981 1672 pro
1003 1598 1102 1659 diruto

122 1699 227 1744 murus
253 1681 455 1757 obiciebatur,
480 1687 511 1741 et
532 1683 637 1743 armati
658 1682 754 1742 ruinis
765 1677 986 1755 'superstantes
1008 1680 1105 1758 instar

122 1765 297 1828 munimenti
312 1774 408 1828 erant.
433 1765 543 1842 itaquo
551 1782 621 1827 cum
635 1771 744 1840 aperta
756 1764 788 1822 vi
802 1778 910 1839 parum
924 1764 1105 1837 procederet

122 1850 240 1919 consuli
254 1866 314 1925 res,
330 1849 503 1911 cuniculum
517 1851 671 1909 occultum
682 1845 781 1905 vineis
794 1852 864 1905 ante
879 1852 1018 1908 contecto
1034 1849 1103 1908 loco

121 1936 214 2012 agere
239 1933 374 1994 instituit.
412 1940 442 1992 et
464 1930 666 2007 aliquamdiu,
693 1944 760 1989 cum
787 1929 854 1997 dies
879 1935 1049 2007 noctesque
1073 1932 1103 1991 in

122 2033 217 2099 opere
232 2021 352 2090 essent,
376 2030 438 2075 non
454 2014 554 2073 solum
570 2014 628 2074 sub
643 2019 725 2073 terra
740 2013 891 2076 fodientes
906 2015 963 2077 sed
976 2031 1102 2090 egeren·
1137 2090 1140 2095 .

121 2109 168 2161 tes
183 2100 273 2159 etlam
283 2097 408 2158 humum
419 2096 554 2156 fefellere
564 2097 694 2158 bostem.
717 2097 994 2174 cumulusrepente
1005 2107 1104 2159 terrae

122 2183 261 2244 eminens
281 2181 374 2255 index
395 2179 498 2255 operis
520 2179 686 2256 oppidanis
707 2181 778 2253 fuit,
797 2182 964 2258 pavidique
984 2198 1023 2242 ne
1043 2182 1103 2242 iam

122 2265 257 2328 subrutis
272 2265 367 2327 muris
380 2264 461 2325 facta
474 2262 504 2323 in
518 2264 625 2325 urbem
641 2264 691 2325 via
704 2271 797 2341 esset,
816 2266 933 2326 fossam
948 2265 1025 2325 intra
1038 2282 1102 2325 mu·
1179 2270 1184 2277 '

121 2367 190 2412 rum
204 2365 222 2410 e
236 2348 362 2425 regione
387 2347 453 2410 eius
479 2348 584 2423 operis
610 2348 696 2425 quod
719 2348 818 2410 vineis
845 2354 1018 2410 contectum
1039 2358 1103 2409 erat

121 2435 237 2497 ducere
252 2432 419 2495 instituunt.
452 2430 539 2493 cuius
556 2432 661 2494 abiud
676 2440 789 2494 tantam
804 2432 992 2495 altitudinem
1007 2446 1102 2509 quan-

121 2526 172 2580 tae
196 2533 268 2580 esse
293 2517 390 2580 solum
415 2516 551 2577 infimum
572 2514 705 2578 cuniculi
726 2523 861 2593 poterat,
888 2525 1101 2594 pervenerunt,

121 2603 241 2664 silentio
256 2602 347 2677 facto,
362 2601 502 2678 pluribus
517 2602 594 2663 locis
606 2615 681 2663 aure
692 2603 824 2677 admota,
840 2603 972 2663 sonitum
984 2602 1101 2662 fodien-

120 2688 196 2748 tium
210 2686 381 2762 captabant.
406 2699 498 2760 quem
511 2685 565 2746 ubi
579 2692 774 2761 acceperunt,
789 2686 931 2762 aperiunt
942 2693 1057 2747 rectam
1071 2686 1101 2745 in

122 2769 296 2830 cuniculum
317 2767 406 2827 viam
440 2783 498 2828 nec
519 2767 575 2828 fuit
593 2768 696 2843 magni
711 2770 831 2846 operls=
853 2776 1007 2831 momento
1022 2769 1102 2829 enim

1 2894 2 2905 ι
122 2853 163 2914 ad
183 2852 289 2927 inane,
311 2866 467 2927 suspenso
489 2850 616 2911 furculis
630 2850 669 2910 ab
684 2850 825 2914 hostibus
839 2868 937 2927 muro,
953 2868 1101 2928 pervene-

120 2942 198 2999 runt.
229 2934 271 2995 ibi
295 2933 469 2996 commissis
489 2931 636 3010 operibus
656 2950 726 2995 cum
740 2951 758 2995 e
773 2937 860 2996 fossa
878 2936 909 2995 in
931 2936 1102 3013 cuniculum

120 3027 239 3098 pateret
251 3019 325 3105 iter,
341 3020 439 3094 primo
454 3018 532 3094 ipsis
547 3018 755 3094 ferramentis,
772 3018 883 3094 quibus
898 3018 929 3079 in
944 3036 1039 3096 opere
1052 3020 1102 3081 nsi

2 3112 4 3119 ’
121 3111 216 3180 erant,
231 3103 302 3165 dein
314 3102 457 3164 ‘celeriter
470 3101 575 3163 minati
590 3101 679 3164 etiam
695 3103 863 3165 subeuntes
878 3107 1029 3165 occultam
1043 3105 1101 3166 sub

121 3197 201 3251 terra
213 3187 376 3250 edidemnt
385 3201 529 3263 pugnam.
546 3186 673 3263 segnior
682 3187 794 3248 deinde
801 3204 840 3249 ea
851 3188 931 3249 facta
941 3195 998 3263 est,
1009 3188 1101 3248 mter

121 3270 330 3348 saepientibus
346 3270 529 3345 cuniculum,
543 3269 596 3331 ubi
610 3273 732 3346 vellent,
747 3287 829 3332 nunc
844 3271 950 3333 ciliciis
962 3279 1099 3355 praeten-

122 3354 160 3415 tis
181 3371 261 3416 nunc
281 3355 399 3416 foribus
412 3355 523 3431 raptim
538 3353 676 3416 obiectis.
703 3371 787 3416 nova
800 3355 891 3416 etiam
904 3356 987 3416 baud
1001 3353 1102 3428 magni

120 3437 226 3513 operis
246 3438 398 3500 adversus
414 3454 470 3500 eos
486 3437 583 3514 quiin
598 3438 740 3499 cuniculo
755 3445 842 3499 erant
855 3442 1032 3513 excogitata.
1040 3451 1101 3496 res.

121 3520 236 3583 'lolium
250 3535 270 3580 a
283 3521 379 3583 fundo
394 3529 565 3597 padusam,
590 3537 651 3596 qtra
665 3521 768 3582 fistula
781 3521 904 3638 modica
920 3521 1013 3580 inseri
1027 3535 1099 3594 pos·
