2600 4000
285 188 562 294 umnn'xxxvn.
583 232 666 292 cnr.
681 240 724 295 ss.
739 241 782 294 u.
804 239 841 307 ta·
857 238 889 293 c.
906 242 967 308 ros]
1053 236 1117 299 aas

133 385 222 448 miles
228 385 385 447 Romanus
400 383 498 458 magis
510 383 661 444 adsiduus
672 382 702 444 in
715 382 824 444 eastris
836 383 892 445 init
900 385 1011 446 vestris
1024 403 1116 461 quom

135 484 194 546 ego
220 469 392 544 fratresque
416 465 486 528 mei.
527 468 611 528 nulla
635 466 808 543 expeditio,
833 467 949 527 nultum
972 478 1116 544 equestre

136 551 284 616 proelium
298 551 365 612 sine
379 565 429 611 me
440 551 552 612 tartum
565 557 622 612 est
644 549 676 611 in
687 550 754 611 aoie
764 549 807 611 ibi
817 550 904 626 steti,
918 566 986 612 eam
998 560 1115 628 purtem

135 653 204 699 sum
218 641 346 710 tutatus,
360 635 392 696 in
406 650 469 710 qua
481 650 530 694 me
545 635 656 696 consul
669 648 741 695 esse
754 633 860 697 voluit
890 650 952 696 non
974 650 1043 697 sum
1056 636 1116 698 hoo

134 721 286 795 dicturus,
307 725 412 796 patres
429 716 611 795 oonsoripti,
638 719 710 795 quis
729 718 790 779 hoe
810 719 892 781 bello
913 718 1029 780 meritis
1044 736 1117 796 ergo

134 820 192 867 vos
212 819 332 866 merum
353 802 525 879 comparari
544 809 670 879 potesta
696 818 754 878 ego
776 802 850 864 nulli
864 804 999 866 omnium
1016 819 1116 880 neque

135 889 320 965 populorum
335 902 436 964 neque
450 901 572 962 regum,
588 903 669 962 quos
684 887 714 947 in
729 902 840 962 magno
856 888 974 949 honore
987 887 1115 960 habetis,

134 989 196 1039 nnn
218 973 317 1034 ausim
338 987 387 1053 me
408 986 597 1047 comparare.
628 971 727 1033 hostis
747 970 914 1035 Masinissa
936 978 1005 1032 onte
1027 973 1116 1033 vobis

135 1073 227 1133 quam
242 1056 346 1119 sosius
361 1054 433 1129 init,
455 1071 512 1116 ner
532 1055 677 1118 ineolumi
696 1070 792 1131 regno
814 1072 882 1117 oum
904 1054 1025 1117 auxiliis
1040 1056 1116 1130 suis,

135 1141 193 1203 sed
203 1140 343 1213 extorris,
356 1141 515 1216 expulsus,
527 1139 650 1200 amissis
663 1140 805 1202 omnibus
817 1139 926 1218 copiis,
938 1156 1008 1200 oum
1019 1146 1117 1202 turma

136 1225 272 1301 equitum
285 1223 317 1284 in
333 1230 434 1286 rastra
453 1222 589 1299 confugit
611 1232 722 1286 vestra.
757 1232 856 1286 tamen
882 1240 967 1297 oum,
995 1223 1115 1300 quinio

135 1310 241 1370 Airiea
265 1309 417 1369 adversus
443 1305 619 1387 Syphacem
644 1315 676 1370 et
701 1307 958 1385 Carthaginiensis
986 1308 1116 1371 fideliter

136 1401 228 1469 atqua
242 1392 369 1469 impigre
385 1389 546 1454 vobiscum
560 1393 657 1467 stetit,
677 1408 740 1454 non
759 1393 790 1453 in
811 1393 941 1470 patrium
956 1394 1056 1455 solum
1070 1409 1116 1454 re

136 1494 229 1553 gnum
244 1477 435 1552 restituistis,
451 1477 509 1537 sed
523 1476 643 1538 adiecta
654 1478 886 1553 opulentissima
897 1484 984 1554 parte
996 1475 1116 1555 Sypha·

138 1563 183 1623 ois
202 1561 290 1638 regni
310 1567 542 1638 praepotentem
562 1560 641 1623 inter
654 1559 778 1623 Airioae
792 1576 884 1637 reges
899 1560 1026 1621 lecistis.
1055 1578 1117 1637 quo

138 1646 258 1708 tandem
274 1646 365 1721 Igitur
378 1661 436 1710 nos
451 1645 587 1723 praemio
610 1652 704 1721 atque
723 1645 842 1706 honore
864 1644 947 1719 digni
961 1642 1046 1718 apud
1059 1659 1118 1705 vos

138 1747 254 1805 sumus,
270 1731 321 1807 qui
334 1746 501 1808 numquam
511 1730 626 1805 hostes,
643 1744 767 1804 semper
778 1726 855 1789 sosii
867 1727 1003 1787 inimust
1023 1735 1118 1803 puter,

138 1829 213 1890 ego,
227 1815 336 1877 iratres
350 1815 411 1876 mei
424 1831 486 1877 non
501 1814 620 1874 inrisio
632 1820 763 1883 tantum,
780 1810 941 1871 sedetiam
956 1812 1065 1886 procul
1080 1811 1119 1872 ab

138 1899 230 1959 domo
245 1900 275 1959 in
290 1897 506 1973 Peloponneso
522 1897 551 1956 in
565 1895 694 1956 Boeotia
707 1894 738 1955 in
752 1894 888 1969 Aetolia,
909 1892 1041 1972 Philippi
1055 1897 1119 1956 An·
1203 1897 1205 1900 ’

138 1982 230 2044 tioohi
243 1981 384 2043 Aetolico
399 1981 496 2055 heito,
520 1986 600 2041 terra
621 1980 759 2056 marique
774 1996 830 2056 pro
848 1976 937 2042 vohis
953 1996 1037 2042 arma
1051 1979 1120 2042 tuii-

138 2080 218 2124 mus.
241 2064 316 2139 quid
330 2079 403 2138 ergo
419 2063 582 2140 postulas?
603 2062 685 2123 dieat
696 2062 817 2140 aliquis.
841 2064 916 2140 ego,
930 2071 1034 2141 patres
1046 2082 1119 2126 oon·

139 2145 255 2223 seripti,
271 2145 416 2223 quoniam
430 2148 534 2207 dicere
547 2146 653 2221 utique
663 2148 837 2209 volentibus
849 2147 939 2210 vobis
951 2149 1120 2224 parendum

140 2238 202 2305 est,
218 2230 245 2292 si
258 2245 316 2293 vos
332 2246 369 2290 en
382 2238 483 2292 mente
496 2230 576 2291 ultra
588 2231 679 2292 Tauri
698 2231 769 2307 iuga
784 2232 910 2294 emostis
924 2230 1118 2305 Antiochum,

139 2322 173 2377 ut
186 2314 248 2392 ipsi
262 2316 405 2376 teneretis
420 2331 474 2376 eas
495 2322 608 2391 terras,
630 2316 732 2378 nullos
753 2317 878 2378 aerolas
898 2331 956 2378 neo
976 2315 1119 2379 finitimos

140 2398 253 2460 hahere
268 2414 361 2476 quam
373 2415 432 2461 vos
446 2400 542 2475 mulo,
558 2415 616 2461 neo
626 2401 690 2462 nlla
699 2416 734 2462 rs
744 2400 804 2462 alia
813 2399 906 2463 tutius
917 2398 1121 2478 stabiliusque

139 2499 267 2560 regnum
282 2500 382 2546 meum
397 2485 530 2546 loturum
545 2500 649 2562 spero.
673 2486 729 2547 sed
740 2484 768 2547 si
778 2485 868 2548 vobis
882 2486 1034 2547 decedere
1047 2484 1120 2546 indo

140 2575 232 2646 atque
246 2569 401 2633 deducere
415 2570 569 2632 exereitus
582 2568 614 2630 in
628 2570 730 2631 animo
745 2575 807 2647 est,
830 2569 981 2632 neminem
1002 2568 1119 2645 dignio-

140 2669 205 2717 rem
218 2668 291 2715 esse
305 2669 346 2713 ex
361 2651 456 2714 soriis
470 2651 596 2730 vestris,
616 2653 669 2728 qui
683 2656 764 2717 bello
780 2671 799 2716 a
814 2656 902 2717 vobis
917 2662 1005 2732 parto
1018 2653 1119 2731 possi·

141 2737 227 2810 dent,
255 2753 348 2812 quam
372 2753 421 2797 nra
442 2737 545 2798 dicere
565 2736 673 2798 ausim.
707 2747 739 2800 at
758 2740 838 2800 enim
858 2738 1053 2814 magnifieum
1073 2745 1120 2798 est

141 2818 272 2880 liberare
286 2819 424 2882 civitates
437 2812 559 2881 servas?
574 2818 617 2882 ita
628 2820 751 2897 opinor,
767 2821 795 2882 si
805 2820 879 2883 nihil
888 2822 999 2884 hostile
1011 2822 1120 2883 adver·

142 2919 197 2965 sus
206 2919 264 2964 vos
278 2904 424 2965 iecerunt.
440 2902 488 2965 sin
500 2903 749 2965 autemAntioohi
760 2905 856 2982 partis
869 2908 997 2981 luemnt,
1006 2913 1119 2982 quanto

141 2996 191 3050 est
203 2994 309 3049 vestra
323 2986 485 3064 prudentia
498 2995 530 3048 et
543 2988 695 3064 aequitate
710 2988 831 3065 dignius
855 2990 950 3051 soriis
965 2991 1044 3051 hone
1057 3005 1119 3050 me·

143 3071 208 3135 ritis
224 3088 315 3148 quom
332 3071 473 3134 hostibus
486 3088 545 3134 vos
561 3075 763 3135 consuleret‘

225 3157 301 3217 LIV.
325 3156 416 3218 Grata
430 3157 528 3219 oratio
542 3158 625 3233 regis
640 3159 778 3236 putribus
794 3158 864 3229 iait;
879 3166 911 3220 et
922 3159 1012 3220 tache
1025 3172 1119 3233 appa·

144 3238 229 3303 rebat
241 3242 385 3304 munitius
399 3241 502 3303 omnio
516 3249 547 3305 et
562 3259 718 3320 propenso
742 3245 842 3307 animo
858 3245 1003 3305 tacturos.
1031 3242 1121 3301 inter·

144 3321 246 3394 posita
260 3324 500 3406 Smyrnaeorum
514 3327 618 3389 brevis
633 3328 745 3404 legatio
760 3336 821 3404 est,
848 3325 921 3405 qnia
940 3343 1001 3388 non
1016 3326 1122 3385 aderat

145 3403 270 3478 quidam
278 3410 477 3473 Rhodiorum.
501 3410 682 3474 collaudatis
697 3412 820 3487 egregie
834 3406 1022 3490 Smyrnaeis,
1038 3405 1120 3482 quod

144 3487 248 3551 omnia
261 3492 365 3553 ultima
379 3494 441 3571 pati
457 3508 549 3571 quom
564 3509 599 3554 se
613 3493 679 3570 regi
693 3495 814 3555 tradere
827 3495 1014 3566 maluissent,
1029 3488 1123 3551 intro
