2600 4000
194 258 256 322 toa
327 254 586 317 nmuaxxrnu.
610 253 693 315 cnr.
708 260 751 316 rr.
766 261 810 356 aa.
833 251 869 329 p.
883 256 917 310 o.
933 256 1033 331 aare]

193 424 268 486 prae
282 421 317 466 se
332 403 397 465 auri
411 401 493 464 mille
506 411 537 465 et
552 400 717 479 quingenta
732 400 907 478 quindecim
920 401 1036 479 pondo,
1050 401 1166 479 argenti

192 487 298 566 viginti
313 487 410 563 milla,
433 485 544 564 signati
565 485 724 548 canutum
742 484 865 562 triginta
886 494 1030 562 quattuor
1042 485 1126 547 milia
1138 495 1169 548 ot

193 574 378 652 quingentos
390 569 620 648 quinquaginta.
634 570 669 630 L.
677 568 841 631 Stertinius
850 586 892 630 ex
902 568 1048 631 ulteriore
1057 569 1167 647 Hispu-

192 658 251 732 nia‚
267 673 307 717 ue
320 662 466 732 temptata
480 652 604 731 quidem
615 652 758 729 triumphi
770 668 837 729 spc;
850 651 1072 730 quinquaginta
1085 653 1176 714 milia.

192 741 297 820 pando
318 738 436 815 argenti
450 736 482 798 in
496 736 647 798 aenariam
667 736 780 808 intulit3
803 746 834 797 et
854 738 893 799 de
913 736 1074 799 manahiis
1088 738 1166 798 duos

192 824 327 889 fornices
347 822 378 883 in
399 820 467 883 foro
486 820 621 883 Bovario*
639 830 711 883 ante
730 820 865 882 Fortuna
884 822 993 883 aedom
1013 828 1049 882 et
1062 819 1166 882 matris

190 911 341 981 Matutae,
361 922 455 967 unum
475 903 507 965 in
528 903 661 966 maximo
677 903 860 980 rubefecit,
881 912 912 966 et
930 903 984 967 hIs
999 904 1166 966 fornicibus

193 993 281 1069 signa
294 996 400 1052 aurata
414 988 570 1064 imposuit.
598 989 675 1050 haec
690 1004 746 1064 per
759 986 890 1050 hiemem
904 989 999 1051 tenue
1013 997 1091 1051 acta

275 1072 463 1135 Hibemabat
481 1089 520 1133 eo
541 1080 680 1148 tempore
698 1071 815 1134 Elatiae
828 1074 861 1133 T.
876 1072 1050 1148 Quinctius,
1070 1088 1165 1148 aquo

193 1176 262 1222 eum
276 1158 369 1219 multa
383 1154 460 1218 socii
471 1163 618 1231 peterent,
633 1156 744 1217 Boeoti
753 1154 906 1232 petlerunt
916 1156 1166 1232 impetraverunt*

193 1259 269 1320 que,
290 1248 324 1303 ut
344 1238 397 1316 qui
418 1255 493 1301 suae
513 1239 614 1316 gentis
627 1239 811 1302 militassent
823 1242 909 1316 apud
921 1239 1092 1317 Philippum
1107 1237 1166 1300 sibi

190 1325 431 1388 restituerentur.
463 1322 496 1383 id
510 1341 529 1385 a
543 1322 683 1398 Quinctio
698 1322 787 1385 facile
800 1323 1001 1400 impetratam,
1016 1339 1078 1384 non
1093 1321 1165 1398 qula

192 1408 268 1473 satis
289 1408 400 1485 dignos
421 1424 477 1469 eos
499 1408 660 1481 credebat,
682 1409 738 1468 sed
753 1406 826 1483 quia
838 1406 993 1470 AntIoeho
1012 1419 1086 1482 rege
1104 1405 1166 1466 iam

192 1500 338 1570 suspecto
361 1494 450 1553 favor
469 1490 681 1552 cancillandus
701 1489 816 1551 nomini
835 1493 975 1554 Romano
994 1490 1078 1567 apud
1093 1487 1165 1550 ciui·

192 1584 355 1640 tatesorat.
396 1573 545 1637 restitutis
565 1574 604 1636 iis
625 1572 787 1636 confestim
808 1574 950 1651 apparuit
972 1589 1063 1652 quam
1084 1574 1166 1634 nulla

191 1660 265 1723 inita
279 1662 364 1738 apud
376 1661 513 1721 Boeotos
528 1657 624 1735 grotta
639 1666 732 1718 esset.
760 1674 831 1718 nam
842 1666 873 1719 et
886 1659 925 1718 ed
938 1656 1110 1735 Philippum
1121 1658 1165 1717 le

191 1753 280 1820 gatos
294 1742 408 1821 gratias
423 1750 551 1819 agentes
565 1740 594 1802 ei
608 1757 665 1817 pro
680 1741 809 1803 redditis
829 1740 1018 1816 homiuibus,
1038 1738 1165 1817 perinde

191 1837 285 1904 atque
298 1826 376 1903 ipsis
389 1825 428 1886 IIs
443 1836 474 1887 et
487 1842 549 1887 uon
561 1824 700 1899 QuinctIo
716 1832 747 1886 et
759 1825 906 1887 RomanIs
916 1825 948 1886 ld
957 1826 1062 1888 datum
1071 1830 1163 1896 esset,

192 1911 354 1983 miserunt,
381 1917 412 1969 et
430 1908 561 1970 comitiis
586 1907 736 1984 proximis
755 1909 968 1971 Boeotarchen
989 1910 1030 1971 ob
1051 1909 1164 1970 nullam

191 1992 783 2071 aliamoausamBraohyllamquendam,
800 1993 1164 2070 quamquodpraefeetus

192 2078 377 2139 Boeotorum
401 2076 485 2152 apud
508 2090 613 2153 regem
641 2076 830 2139 militantium
860 2076 986 2152 fulsset,
1018 2079 1164 2150 facerunt,

191 2159 364 2238 praeteritis
377 2159 538 2237 Zeuxippo
553 2169 584 2223 et
596 2160 755 2224 Pisistrato
770 2161 916 2239 aliisque,
936 2160 989 2239 qui
1007 2163 1165 2223 Romanae

191 2244 348 2308 societatis
368 2253 511 2307 auctores
526 2247 655 2307 fuerant.
695 2245 729 2307 id
748 2262 840 2321 aegre
855 2254 885 2307 et
898 2244 930 2306 in
944 2244 1120 2322 praesentIa
1132 2243 1164 2304 hi

191 2328 287 2406 passi,
303 2338 333 2391 et
346 2328 377 2389 in
393 2331 525 2390 futurum
539 2329 630 2389 etiarm
644 2337 757 2390 metum
772 2338 934 2405 oeperuna
955 2346 1025 2391 oran
1038 2330 1079 2389 ad
1092 2345 1162 2404 por·

190 2422 238 2475 tas
252 2428 351 2488 prope
365 2413 492 2473 sedente
506 2410 643 2473 exercitu
656 2413 795 2474 Romano
816 2430 854 2474 ea
873 2413 996 2485 fierent,
1019 2411 1165 2489 quidm

192 2514 227 2557 sc
242 2496 374 2556 futurum
389 2511 461 2555 esse
475 2494 622 2570 profectis
634 2494 665 2554 in
676 2495 792 2557 Italiam
802 2496 959 2573 RomanIs,
972 2495 1111 2572 Philippo
1124 2511 1164 2555 ex

192 2577 367 2653 propinquo
383 2576 487 2638 suctos
502 2576 681 2653 adiuvante,
703 2589 733 2641 et
752 2579 864 2643 infesto
879 2579 917 2642 iis
933 2581 986 2658 qul
1000 2579 1094 2656 partis
1109 2579 1165 2638 ad·

191 2676 301 2722 versae
315 2658 456 2720 fuissent.
497 2660 631 2722 XXVIII.
653 2664 725 2723 dum
738 2664 876 2726 Romana
895 2682 980 2726 anua
992 2663 1023 2724 in
1038 2661 1165 2739 propiu-

192 2760 253 2821 quo
274 2743 435 2817 haberent,
463 2745 568 2806 tollere
587 2745 797 2826 Brachyllem,
822 2746 993 2824 principem
1013 2750 1163 2809 lautorum

188 2824 287 2903 regie,
303 2835 481 2890 statuerunt.
518 2836 549 2890 et
561 2837 700 2906 tempore
714 2833 754 2892 ad
768 2848 836 2893 earu
848 2847 913 2893 rem
927 2839 1033 2908 capto,
1050 2846 1119 2892 oum
1132 2828 1164 2891 ia

190 2910 313 2989 publico
336 2913 477 2988 epulatus
496 2921 701 2975 reverteretur
720 2917 845 2977 domum
857 2916 1041 2977 temulentus
1055 2929 1163 2990 prose

191 2995 353 3072 quentibus
367 2996 510 3059 mollibus
524 2995 615 3070 viris,
641 2997 694 3072 qui
707 2998 769 3060 ioci
784 3012 877 3061 eausa
892 2997 1035 3061 convivio
1051 2994 1166 3059 celebri

188 3079 396 3155 interfuerant,
410 3081 449 3141 ab
465 3097 522 3142 sex
535 3080 675 3155 armatis,
692 3099 821 3158 quorum
835 3090 898 3144 tres
912 3081 1009 3145 Italici
1025 3091 1089 3144 tres
1102 3083 1164 3142 Ae

190 3162 244 3224 toli
258 3170 352 3235 erant,
368 3163 594 3226 alrcumventus
610 3163 769 3228 occiditur.
803 3168 876 3243 fuga
893 3165 1037 3228 comitum
1051 3172 1083 3227 et
1097 3162 1165 3240 qui·

188 3245 288 3308 ritatio
309 3249 404 3320 facta,
429 3256 459 3308 et
471 3248 618 3309 tumultus
632 3265 690 3325 per
704 3258 796 3312 totam
807 3252 914 3312 urbem
929 3247 1166 3313 discurrentium

190 3345 259 3390 cum
279 3328 453 3390 luminibus.
494 3347 697 3407 percussores
719 3333 860 3410 proxima
879 3343 969 3411 porta
988 3339 1166 3396 evaserunt.

188 3415 257 3474 luce
272 3411 370 3490 prima
384 3411 486 3476 conio
501 3417 648 3494 frequens
662 3419 747 3479 velut
760 3435 799 3479 ex
813 3426 883 3480 ante
893 3417 1010 3480 indIcto
1021 3427 1074 3480 aut
1084 3431 1167 3478 voce

188 3496 351 3573 praeoouIs
367 3507 539 3561 convocata
552 3500 583 3561 in
598 3502 716 3563 theatro
732 3509 805 3562 erat.
826 3503 927 3577 palam
940 3503 980 3563 ab
995 3518 1054 3564 suo
1070 3499 1165 3563 comi·
