2600 4000
272 219 388 280 LIBER
401 220 537 280 XXXIV.
558 219 642 279 CAP.
656 228 701 282 32.
711 228 756 283 33.
779 227 815 294 [a.
829 228 935 298 c.195]
1030 223 1091 288 15³

109 381 139 436 te
152 371 326 434 habittuum
346 386 418 432 esso
434 370 655 446 pronuntiasti,
672 370 744 432 iube
757 370 877 432 vinctos
894 372 1038 450 produci,
1060 383 1094 438 ut

108 456 211 519 miseri
226 461 379 532 parantes,
396 470 476 531 qnos
489 455 568 517 laiso
579 456 694 530 lugent,
709 454 816 515 vivere
828 455 936 516 sciant.
958 459 1091 536 atenim,

108 550 142 605 ut
155 542 217 602 Iam
229 540 273 601 ita
292 538 354 599 sint
374 539 465 614 haec,
487 538 562 615 quid
576 539 698 611 advos,
713 538 866 599 Romani?
883 538 944 600 hoc
957 546 990 601 tu
1004 540 1091 604 dicam

107 624 306 688 liberantibus
328 622 508 684 Graeciamt
528 621 589 684 hoc
608 622 647 682 iis
662 622 730 698 qui,
752 628 784 683 ut
801 622 931 684 liberare
951 634 1092 701 possent,

107 724 193 771 mare
212 707 411 781 adorarunt,
431 713 512 766 terra
531 707 671 783 marique
690 713 856 782 gesserunt
872 707 1006 768 bollum?
1033 725 1092 770 vos

109 801 224 868 umen,
246 790 366 868 inquis,
387 795 584 866 vestramque
598 791 761 852 amicitiam
775 807 812 852 ac
827 790 1006 853 societatem
1019 809 1090 867 pro-

107 879 174 956 prie
194 892 257 939 uon
277 876 399 937 violavi.
428 874 571 951 quotiens
585 875 633 935 vis
646 883 678 936 te
691 875 724 935 id
738 890 865 950 arguam
879 874 1014 937 iecisset
1034 877 1092 937 sed

107 964 179 1024 nolo
201 959 356 1038 pluribus:
384 974 534 1021 summam
553 974 619 1019 rem
639 961 835 1034 complectar.
867 959 980 1034 quibus
1001 960 1093 1036 igitur

106 1047 200 1109 rebus
221 1043 354 1105 amicitIa
375 1043 524 1104 violatur?
548 1057 661 1118 nempe
681 1043 729 1104 his
751 1043 882 1104 maximo
904 1043 1041 1120 duabus,
1064 1045 1091 1105 si

107 1131 212 1194 socios
226 1143 314 1190 meos
329 1144 387 1203 pro
401 1127 543 1190 hostibus
557 1126 685 1202 habeas,
699 1127 727 1188 si
742 1142 811 1191 cum
821 1126 963 1189 hostibus
975 1134 1006 1188 te
1018 1144 1090 1191 con·

108 1215 227 1290 iungas.
249 1218 412 1287 unumque
426 1227 445 1271 a
459 1218 490 1272 te
505 1212 616 1272 iactum
627 1219 692 1274 esta
715 1228 786 1272 nam
797 1218 827 1273 et
837 1211 1011 1287 Messenen,
1027 1230 1090 1275 uno

107 1307 200 1375 atque
214 1298 325 1359 eodem
339 1296 405 1356 iure
419 1295 554 1357 foederis
570 1312 632 1371 quo
647 1302 678 1356 et
690 1295 956 1357 Lacedaemonem
969 1297 1001 1357 in
1016 1298 1089 1357 arni-

108 1383 210 1445 citiam
220 1387 357 1443 nosuam
372 1386 539 1457 acceptam,
555 1379 661 1442 socius
672 1380 741 1455 ipsa
752 1379 868 1442 sociam
880 1380 970 1442 nobis
982 1381 1091 1443 urbem

108 1466 137 1527 vi
152 1474 245 1542 atque
260 1465 351 1526 mmis
367 1463 492 1540 cepisti;
516 1472 547 1525 et
561 1480 630 1525 crun
643 1463 786 1541 Philippo
800 1464 891 1526 hoste
906 1472 1012 1527 nostro
1027 1482 1090 1528 non
1213 1491 1215 1494 ⁴

106 1551 285 1612 societatem
295 1550 399 1612 solum
413 1549 479 1624 sed,
493 1548 521 1610 si
535 1548 594 1610 diis
607 1550 718 1624 placat
735 1548 922 1610 adfinitatem
933 1550 1023 1611 ctiam
1034 1565 1089 1625 per
1163 1562 1172 1571 ·

106 1632 273 1693 Philoclem
292 1634 480 1710 praetectum
501 1632 568 1695 eius
583 1632 744 1710 pepigisti3
766 1638 797 1694 et
809 1633 924 1693 bellum
938 1633 1090 1693 adversus

108 1732 167 1779 nos
181 1731 292 1791 gerens
311 1734 396 1780 mare
410 1717 492 1779 circa
505 1717 635 1779 Maleam
649 1716 794 1779 infestum
808 1716 938 1776 navibus
955 1716 1090 1791 piraticis

107 1800 222 1872 iecisti;
243 1808 274 1863 et
293 1802 398 1878 plures
419 1817 518 1879 prope
538 1803 623 1864 cives
638 1802 796 1862 Romanos
817 1815 910 1875 quam
929 1798 1090 1876 Philippus

108 1884 217 1963 cepisti
237 1893 329 1962 atqua
351 1884 508 1954 occidisti;
528 1885 684 1961 tutiorque
698 1882 900 1946 Macedoniae
921 1901 977 1946 ora
998 1900 1091 1961 quam

105 1969 347 2047 promunturium
368 1968 486 2029 unicae
511 1974 700 2031 commeatus
727 1968 766 2031 od
786 1969 940 2031 exercitus
965 1975 1091 2032 nostros

106 2054 301 2131 portantibus
312 2052 444 2111 navibus
455 2050 519 2111 hait
542 2052 674 2126 proinde
685 2069 788 2128 poree,
803 2052 858 2127 sis,
870 2053 964 2115 iidem
975 2069 1013 2114 ac
1024 2055 1092 2114 iura

106 2137 264 2199 societatis
284 2136 415 2203 iactares
443 2138 473 2193 et
487 2134 604 2194 omissa
623 2135 767 2210 populari
781 2135 920 2196 oratione
935 2143 1088 2210 tamquam

106 2228 259 2299 tyrannus
273 2225 304 2280 et
317 2217 417 2280 hostis
434 2217 593 2293 loquerc.“

190 2302 323 2364 XXXIII.
355 2300 419 2363 Sub
440 2299 518 2361 haec
537 2300 720 2362 Aristaenus
741 2315 823 2362 nunc
844 2317 970 2363 monere
983 2302 1092 2365 Nabim

107 2388 294 2450 nuncetiam
310 2402 408 2459 orare,
422 2390 464 2458 ut,
481 2386 554 2447 dum
567 2386 683 2460 liceret,
699 2386 770 2448 dum
787 2385 911 2447 occasu
923 2394 1017 2462 essct,
1033 2386 1091 2448 sibi

107 2488 146 2533 ac
160 2472 288 2533 iomanis
303 2472 369 2534 suIs
385 2470 568 2532 consideret.
594 2470 710 2531 reiemc
724 2469 837 2531 deinde
851 2470 1028 2533 nominatim
1043 2477 1090 2550 ty·

107 2571 222 2619 ranuos
234 2555 400 2618 civitatium
411 2554 604 2617 finitimarum
615 2552 729 2635 coepit,
744 2554 797 2631 qui
808 2541 951 2631 deposito
962 2555 1092 2631 imperio

107 2641 310 2717 restitutaque
329 2639 467 2701 libertato
484 2638 551 2699 suis
565 2655 628 2700 non
643 2645 737 2701 tutam
751 2639 843 2701 modo
858 2640 917 2701 sed
930 2639 1021 2702 otiam
1035 2639 1090 2701 ho·

108 2732 246 2785 noratam
269 2723 349 2784 inter
373 2721 450 2783 civis
475 2728 665 2783 sonacurtem
690 2722 835 2797 egissent
872 2723 920 2785 his
945 2724 1036 2785 dictis
1060 2724 1092 2783 in

107 2807 208 2869 vicem
222 2804 398 2881 auditisque
411 2821 475 2867 nox
490 2821 588 2881 propo
603 2806 724 2866 diremit
737 2805 935 2881 colloquium.
962 2814 1090 2883 postero

108 2892 160 2952 dis
170 2889 264 2951 Nabis
274 2890 367 2965 Argis
379 2905 415 2950 sa
427 2889 539 2950 cedere
550 2905 587 2950 ac
596 2889 752 2949 deducere
761 2890 958 2966 praesidium,
967 2891 1091 2966 quando

108 2978 150 3036 tta
163 2974 311 3036 Romanis
327 2974 477 3049 placeret,
497 2979 527 3034 et
541 2970 681 3051 captivos
696 2980 727 3035 et
741 2973 887 3049 perfugas
901 2974 1092 3035 redditurum

108 3059 194 3120 dixit
221 3059 304 3119 alind
318 3058 345 3119 si
368 3058 442 3135 quid
462 3058 667 3134 postrdarent,
688 3057 835 3134 scriptum
850 3063 884 3119 ut
896 3057 1023 3118 ederant
1036 3073 1092 3133 pe-

108 3143 168 3218 tiit,
185 3150 219 3205 ut
232 3141 403 3204 deliberare
417 3158 487 3203 cum
503 3141 608 3204 amicIs
623 3147 742 3217 posset
771 3141 813 3203 ita
827 3147 858 3202 et
869 3148 1003 3220 tyranno
1017 3147 1091 3202 tem-

109 3242 169 3302 pns
188 3227 293 3288 datum
311 3227 353 3287 ad
373 3226 608 3289 consultandum
629 3233 691 3300 est,
712 3232 743 3288 et
757 3224 916 3301 Quinctius
935 3226 1092 3288 sociorum

108 3310 199 3373 ctiam
224 3310 413 3387 priucipihus
437 3310 582 3372 adhibitis
603 3310 710 3371 habuit
734 3310 904 3372 consilinum.
940 3310 1092 3370 maximae

109 3395 205 3471 parus
226 3395 377 3458 sonteuua
397 3401 464 3457 crat
484 3394 747 3471 perseverandum
761 3394 792 3455 in
806 3395 888 3455 ballo
904 3408 977 3454 esso
991 3399 1020 3453 at
1033 3390 1091 3453 toi·

110 3478 234 3541 lendum
246 3488 425 3558 tyrannum:
440 3494 607 3556 numquam
617 3475 704 3539 aliter
714 3484 810 3539 tutam
820 3477 988 3538 libertatem
999 3474 1094 3534 Grae·
