2600 4000
240 281 355 341 LIBER
364 281 533 341 XXXVIIL·
549 280 631 340 cAP.
645 235 747 344 biubi.
770 290 806 356 [a.
819 290 851 354 C,
867 294 930 357 187]
1013 285 1079 350 369

5 441 6 456 ’
102 433 246 498 Alnioano
269 432 402 507 palmam
421 429 586 505 peteretis?
610 431 743 491 nullisne
755 433 869 493 meritis
885 435 964 507 suis,
985 438 1077 499 nullis

5 529 6 532 ’
101 517 214 580 vorbis
234 514 401 576 honoribus
421 530 568 590 umquam
587 514 617 573 in
633 530 742 576 arcem,
755 520 850 575 tutam
867 524 897 576 et
911 519 993 577 velut
1006 536 1076 580 san·

100 610 180 664 ctam
195 599 270 661 clari
287 598 342 658 viri
356 595 551 674 pervenient,
570 597 638 672 ubi,
654 597 681 658 si
696 614 757 660 uon
772 600 966 680 venerabilis,
980 601 1076 662 invio·

100 688 160 746 lata
175 684 282 745 saltem
297 688 439 743 senectus
455 696 561 742 eorum
573 679 754 741 considatt“
774 682 870 743 movit
881 687 911 742 et
921 682 1076 746 decretum

5 773 7 806 f
100 775 130 828 et
144 768 262 828 adiecta
275 765 372 828 oratio
384 780 448 832 non
463 763 582 825 ceteros
597 767 700 837 modo,
716 766 772 831 sed
786 765 873 840 ipsos
885 766 974 827 etiam
986 783 1074 828 accu-

100 857 235 920 satores;
258 856 290 911 et
306 849 526 909 deliberaturos
541 864 585 922 se,
605 848 678 923 quid
693 849 741 909 sui
756 849 830 909 iuris
846 856 876 909 et
889 850 982 910 oflicii
993 858 1078 912 esset

101 935 252 996 dixerunt.
288 937 414 992 senatus
437 932 548 992 deinde
568 931 698 992 concilio
713 933 812 1007 plebis
828 932 955 994 dimisso
970 934 1076 994 haberi

5 1021 7 1094 J
79 1049 81 1052 ·
99 1026 147 1079 est
158 1023 297 1091 coeptus.
320 1014 363 1075 ibi
373 1015 489 1088 gratiae
498 1015 637 1089 ingentes
649 1015 687 1075 ab
698 1016 843 1077 universo
856 1015 972 1092 ordine,
987 1033 1076 1092 prae-

99 1102 189 1177 cipue
209 1117 227 1159 a
247 1099 460 1159 consideribus
486 1098 738 1173 senioribusque,
762 1099 805 1158 Ti.
830 1099 968 1161 Graccho
989 1107 1074 1161 actae
1145 1107 1148 1112 ’

99 1191 184 1256 sunt,
208 1181 292 1258 quod
311 1197 375 1241 rem
395 1181 548 1257 publicam
567 1179 695 1258 privatis
710 1182 912 1244 simultatibus
926 1183 1075 1259 potiorem
1162 1209 1164 1212 ·

39 1313 42 1318 ,
98 1266 273 1335 habuisset;
296 1271 325 1325 et
338 1264 445 1326 Petillii
458 1266 560 1326 vexati
576 1272 647 1327 sunt
661 1265 792 1340 probris,
812 1267 896 1342 quod
910 1268 1076 1343 splendere

5 1409 6 1412 ,
72 1356 76 1362 ’
98 1350 198 1409 aliena
220 1348 333 1409 invidia
351 1348 523 1409 voluissent
542 1355 572 1409 et
592 1350 692 1425 spolia
711 1366 750 1409 ex
764 1350 900 1411 Africani
922 1350 1074 1427 triumpho
1176 1391 1179 1396 ι

5 1427 7 1482 l
101 1438 246 1509 peterent.
270 1432 422 1492 silentium
436 1429 547 1493 deinde
562 1434 601 1493 de
614 1433 759 1493 Africano
775 1433 838 1495 luit,
860 1434 952 1495 vitarn
962 1435 1076 1497 Literni

99 1516 161 1592 egit
180 1517 247 1576 sine
267 1516 420 1577 desiderio
442 1516 537 1576 urbis.
573 1517 748 1578 morientem
769 1534 841 1580 rure
861 1534 898 1579 eo
920 1519 989 1593 ipso
1004 1520 1074 1579 loco

5 1631 7 1656 .
99 1600 225 1675 sepeliri
239 1615 275 1660 se
288 1596 419 1660 iussisse
435 1599 535 1662 lerunt
547 1608 838 1676 monumentumque
852 1601 894 1660 ibi
909 1600 1074 1672 aedificari,

5 1689 9 1760 j
98 1698 138 1742 ne
158 1684 249 1743 funus
271 1682 329 1743 sibi
349 1683 380 1742 in
399 1682 516 1758 ingrata
535 1687 633 1761 patria
653 1687 749 1745 fieret.
786 1682 834 1742 vir
853 1681 1074 1743 memorabilis:

98 1764 215 1838 bellicis
242 1774 340 1827 tamen
366 1783 457 1843 quam
483 1768 569 1843 pacis
595 1769 711 1830 artibus
731 1764 958 1842 memorabilior
977 1766 1076 1839 primo

99 1865 171 1924 pars
192 1850 272 1911 vitae
294 1867 384 1926 quam
399 1852 637 1927 postremarum,
660 1848 732 1923 quio
745 1848 775 1906 in
790 1848 913 1909 iuventa
926 1847 1006 1909 bella
1021 1844 1074 1909 ad-

99 1932 188 1994 sidue
199 1941 296 2009 gesta,
308 1950 377 1994 cum
388 1939 514 1993 senecta
523 1947 574 1992 res
587 1929 712 2007 quoque
723 1929 903 2005 defloruere,
917 1947 974 1992 neo
985 1948 1072 2009 prae-

99 2016 160 2076 bita
174 2025 221 2075 est
234 2016 359 2074 materia
373 2015 505 2088 ingenio.
531 2015 605 2089 quid
618 2016 659 2076 ad
672 2015 802 2090 primum
818 2017 1010 2077 consulatum
1026 2032 1074 2078 se-

99 2098 229 2170 cundus,
243 2097 333 2155 etiam
347 2095 374 2156 s'i
389 2112 550 2158 censuram
564 2097 695 2158 adicias?
716 2098 790 2175 quid
804 2099 940 2160 Asiatica
953 2101 1074 2175 legatio,

98 2185 128 2239 ot
142 2178 315 2240 valetudine
334 2180 467 2239 adversa
486 2180 612 2256 inutilis,
634 2188 665 2241 et
677 2181 730 2251 lilii
751 2198 826 2243 casu
840 2183 1023 2255 deformata,
1045 2189 1075 2243 ot

98 2269 170 2339 post
188 2261 317 2322 reditum
338 2263 523 2323 necessitate
543 2271 595 2324 aut
615 2265 767 2325 subeundi
787 2264 891 2326 iudicii
912 2273 964 2326 aut
984 2266 1074 2327 simul

99 2362 168 2407 cum
182 2347 279 2421 patria
293 2346 477 2406 deserendi?
496 2345 600 2426 Punici
613 2353 713 2407 tamen
727 2348 798 2408 belli
813 2347 995 2425 perpetrati,
1012 2366 1074 2425 quo

98 2430 212 2490 nullum
233 2445 335 2505 nequa
349 2430 447 2491 maius
462 2446 563 2504 neque
577 2430 781 2506 periculosius
795 2432 924 2491 Romani
938 2448 1073 2507 gessere,

97 2531 177 2574 unus
193 2513 390 2589 praecipuam
402 2512 530 2589 gloriam
544 2515 617 2574 tulit.

180 2598 256 2657 LIV,
275 2597 374 2658 Morte
383 2597 519 2658 Africani
533 2612 659 2658 crevere
671 2597 861 2661 inimicorum
873 2599 980 2669 animi;
997 2616 1071 2676 quo-

97 2698 162 2742 rum
183 2681 328 2755 princeps
350 2680 405 2740 luit
418 2681 457 2739 M.
473 2680 598 2742 Porcius
615 2682 704 2757 Cato,
725 2682 776 2759 qui
796 2683 867 2744 vivo
890 2699 1014 2759 quoque
1036 2699 1074 2744 eo

5 2826 7 2839 ‚
98 2764 250 2824 adlatrare
275 2761 511 2836 magnitudinem
537 2765 603 2825 eius
629 2765 738 2825 solitus
759 2771 832 2825 crat.
864 2765 923 2826 hoc
949 2771 1073 2827 auctore

98 2846 308 2907 existimantur
318 2844 424 2907 Petillii
439 2851 469 2906 et
482 2846 553 2906 vivo
565 2847 711 2908 Africano
726 2863 790 2907 rem
805 2848 937 2921 ingressi
951 2856 981 2909 et
994 2865 1072 2909 mor·

5 2985 16 3013 :-
97 2938 149 2990 tuo
161 2929 350 3004 rogationem
364 2930 586 3004 promulgasse.
609 2931 665 2991 luit
676 2938 776 2991 autem
787 2930 904 3005 rogatio
916 2930 985 2990 talis
1000 2948 1071 3005 „ve-

97 3013 157 3074 litis
172 3012 316 3086 iubenis,
340 3012 484 3086 Quirites,
507 3029 586 3089 quae
601 3011 731 3090 pecunia
746 3019 836 3089 capta
852 3015 953 3075 ablata
967 3023 1074 3077 coacta

97 3097 135 3157 ab
156 3113 230 3173 rege
251 3094 403 3158 Antiocho
425 3104 473 3160 est
492 3097 606 3173 quique
627 3098 685 3159 sub
706 3096 833 3174 imperio
855 3098 922 3158 eius
943 3098 1073 3173 luerunt,

9 3237 12 3245 .
99 3183 183 3255 quod
197 3180 263 3242 eius
279 3179 309 3240 in
325 3179 481 3256 publicum
495 3183 622 3253 relatum
637 3188 774 3256 nonest,
795 3181 837 3242 uti
852 3182 891 3242 de
907 3197 944 3242 ea
958 3198 993 3241 re
1007 3182 1074 3243 Ser.

10 3322 13 3329 ,
97 3262 251 3341 Sulpicius
266 3271 388 3340 praetor
401 3265 537 3327 urbanus
552 3267 592 3326 ad
607 3273 744 3328 senatum
758 3266 878 3341 referat,
901 3281 992 3342 quem
1007 3282 1073 3326 eam

97 3361 162 3406 rem
172 3348 245 3407 volit
255 3355 540 3425 senatusquaerere
551 3351 589 3410 de
600 3350 637 3409 iis
650 3351 702 3424 qui
714 3357 871 3426 praetores
882 3363 964 3410 nunc
973 3355 1074 3409 sunt.“

11 3458 13 3467 ι
98 3429 168 3489 huic
188 3431 338 3505 rogationi
357 3432 454 3508 primo
469 3434 502 3507 Q.
519 3440 549 3494 et
562 3433 596 3492 L.
609 3431 743 3493 Mummii
757 3434 1001 3501 intercedebant;
1025 3447 1073 3492 se·

12 3590 13 3595 ¹
69 3554 72 3559 ι
99 3519 201 3574 nattun
223 3528 370 3587 quaerere
389 3517 428 3577 de
449 3515 580 3591 pecunia
599 3531 660 3576 non
682 3518 776 3577 relata
791 3518 821 3575 in
842 3516 1013 3590 publicum,
1033 3514 1075 3575 ita

140 3613 166 3655 r.
181 3612 243 3656 orvi
258 3613 333 3657 rans
349 3599 403 3658 IV·
834 3602 869 3655 nl
