2600 4000
206 268 268 333 268
362 269 478 330 LIBER
492 268 638 329 xxxvii.
663 269 745 329 cAP.
761 278 788 332 9.
801 277 843 331 10.
866 276 904 343 [a.
917 275 951 330 U.
964 294 989 329 c·
1000 278 1063 345 562]

202 425 281 486 intra
306 439 424 499 paucos
447 422 513 483 dies
534 428 720 483 averterunt.
753 422 803 481 IX.
832 423 909 483 inter
928 422 1006 485 baec
1025 423 1193 488 Phocaeae

202 507 312 571 seditio
329 514 395 569 orta
410 504 593 582 quibusdam
609 506 649 565 ad
659 504 844 566 Antiochum
855 506 1055 569 multitudinis
1066 508 1190 570 animos

202 592 412 655 avocantibus.
445 588 551 664 gravia
570 589 699 649 hiberna
719 588 841 649 navium
859 599 960 664 erant,
982 607 1077 666 grave
1092 592 1190 654 tribu-

203 685 280 750 tum,
304 676 387 751 quod
408 681 499 749 togae
521 674 705 748 quingentae
725 673 892 748 imperatae
912 680 1000 735 erant
1012 690 1083 735 cum
1099 677 1189 752 quin-

201 761 300 837 gentis
313 757 441 828 tunicis;
456 756 560 833 gravis
572 756 663 818 etiam
675 757 780 833 inopia
789 757 940 832 frumenti,
953 765 1189 836 propterquam

201 860 296 905 naves
309 857 433 919 quoquc
445 848 475 901 et
486 839 675 917 praesidium
685 841 857 901 Romanum
868 842 1012 904 excessit
1034 848 1187 907 tumvero

200 929 327 990 liberata
346 933 428 986 metu
450 924 540 986 lectio
556 931 636 1000 erat,
660 939 740 1000 quae
754 924 875 1000 plebem
888 925 919 985 in
935 924 1131 989 contionibus
1146 928 1188 988 ad

201 1010 384 1072 Antiochum
398 1008 554 1069 trahebat:
576 1016 701 1070 senatus
718 1017 748 1069 et
762 1007 924 1082 optimates
938 1008 970 1070 in
981 1011 1121 1072 Romana
1134 1028 1187 1073 so-

203 1095 311 1156 cietate
333 1092 532 1168 perstandum
554 1092 736 1167 censebant,
758 1092 939 1154 deiectionis
955 1100 1098 1156 auctores
1114 1097 1186 1170 plus

201 1178 282 1254 apud
297 1175 519 1238 multitudinem
534 1177 703 1237 valuerunt.
739 1175 865 1250 Rhodii,
889 1193 950 1252 quo
965 1178 1063 1253 magis
1078 1193 1173 1240 cessa

201 1268 263 1322 tum
284 1260 387 1335 priore
407 1266 524 1320 aestate
544 1266 624 1333 erat,
646 1275 684 1320 eo
706 1260 853 1319 maturius
874 1260 1069 1336 aequinoctio
1085 1278 1184 1325 verno

199 1344 331 1406 eundem
344 1343 565 1403 Pausistratum
585 1344 695 1404 classis
717 1345 905 1419 praelectum
926 1360 995 1406 cum
1015 1360 1072 1405 sex
1087 1352 1118 1405 et
1131 1347 1184 1407 tri-

201 1429 284 1504 ginta
303 1425 433 1487 novibus
455 1427 612 1488 miserunt.
646 1429 707 1486 iam
721 1427 825 1488 Livius
839 1443 858 1487 a
873 1426 963 1489 Canis
980 1444 1048 1489 cum
1062 1429 1186 1504 triginta

168 1544 174 1549 -
199 1512 329 1574 navibus
350 1517 379 1571 el
395 1516 512 1585 septem
535 1508 793 1585 quadriremibus,
817 1527 895 1586 quas
910 1527 1016 1576 secum
1029 1512 1185 1574 Eumenes

199 1612 255 1657 rex
270 1594 449 1666 adduxerat
461 1592 695 1668 Hellespontum
710 1595 841 1669 petebat,
856 1601 891 1654 ut
905 1596 945 1656 ad
955 1596 1116 1657 transitum
1128 1613 1184 1658 ex·

200 1681 327 1753 orcitus,
355 1696 447 1755 quem
471 1685 553 1739 terra
576 1683 737 1738 uenturum
764 1677 960 1754 opinabatur,
985 1688 1185 1757 praepararet

201 1779 280 1841 quae
295 1779 375 1839 opus
391 1770 506 1824 essent.
538 1763 569 1822 in
584 1768 722 1837 portum,
746 1776 837 1835 quem
851 1771 964 1824 vocant
975 1763 1183 1840 Achaeorum,

200 1851 331 1908 classem
346 1848 476 1922 primum
490 1845 635 1906 advertit:
658 1845 730 1905 inde
744 1845 830 1905 Ilium
846 1847 998 1920 escendit,
1014 1848 1182 1909 sacrificio·

201 1947 261 2007 que
281 1930 437 1990 Minervae
461 1932 542 1992 iacto
567 1930 736 2005 legationes
758 1928 900 1990 finitimas
923 1928 962 1990 ab
983 1930 1131 1992 Elaeunte
1154 1939 1184 1993 et

197 2015 340 2075 Dardano
355 2021 386 2074 et
399 2014 553 2087 Rhoeteo,
570 2015 717 2075 tradentis
732 2015 761 2074 in
778 2014 870 2074 iidem
886 2014 1015 2077 civitatis
1029 2032 1114 2091 suas,
1129 2017 1182 2077 be·
1289 2008 1291 2023 “

199 2098 291 2174 nigne
305 2098 435 2159 audivit:
457 2097 529 2158 indo
544 2099 584 2158 ad
596 2098 788 2172 Hellesponti
804 2099 909 2158 lauces
924 2099 1061 2175 navigat,
1083 2100 1182 2161 etde

199 2199 265 2243 cem
290 2183 421 2243 navibus
446 2182 477 2242 in
498 2183 628 2243 statione
650 2189 758 2243 contra
777 2181 924 2260 Abydum
944 2183 1058 2244 relictis
1079 2191 1184 2245 cetera

199 2268 300 2328 classe
313 2267 344 2327 in
357 2267 513 2342 Europam
528 2266 567 2325 ad
579 2264 701 2328 Sestum
720 2267 960 2341 oppugnandam
972 2264 1098 2328 traiecit.
1121 2268 1181 2327 iam

198 2349 399 2412 subeuntibus
415 2348 538 2410 amatis
553 2366 659 2410 muros
674 2349 796 2411 fanatici
808 2349 885 2409 Galli
896 2351 1027 2425 primum
1038 2365 1108 2410 cum
1119 2353 1183 2412 sol·
1289 2404 1290 2417 ,

199 2434 289 2495 lemni
303 2433 408 2494 habitu
422 2440 492 2492 ante
506 2440 624 2506 portam
639 2440 810 2507 occurrunt,
825 2432 914 2494 iussu
925 2449 961 2495 so
973 2435 1077 2494 matris
1090 2435 1183 2495 deum

198 2517 328 2577 famulos
345 2516 422 2575 deae
436 2516 543 2575 venire
557 2522 727 2575 memorant
740 2517 780 2576 ad
795 2519 984 2591 precandum
997 2518 1182 2594 Romanum,
1288 2532 1289 2541 ¹

199 2606 230 2660 ut
244 2604 385 2674 parceret
398 2598 559 2658 moenibus
573 2597 713 2673 urbique.
748 2616 838 2661 nemo
854 2616 960 2662 eorum
975 2601 1106 2663 violatus
1122 2614 1181 2663 est

196 2698 269 2743 mox
289 2680 452 2741 universus
475 2687 600 2741 senatus
623 2698 692 2742 cum
706 2684 934 2759 magistratibus
949 2686 989 2746 ad
1005 2686 1182 2746 dedendam

196 2767 303 2827 urbem
318 2765 480 2840 processit.
502 2763 573 2825 inde
588 2766 733 2844 Abydum
748 2769 876 2829 traiecta
890 2769 1009 2831 classis.
1041 2769 1094 2830 ubi
1110 2785 1183 2830 cum

196 2849 349 2924 temptatis
367 2865 423 2924 per
439 2850 593 2926 colloquia
608 2850 716 2911 animis
731 2851 802 2911 nihil
814 2853 915 2928 pacati
926 2854 1180 2929 responderetur,

197 2936 236 2994 ad
252 2934 511 3008 oppugnationem
525 2950 597 2996 sese
612 2935 826 3010 expediebant.

278 3018 315 3077 X.
342 3019 420 3079 Dum
434 3018 512 3079 haec
526 3019 556 3079 in
570 3018 770 3095 Hellesponto
784 3026 946 3095 geruntur,
968 3019 1180 3099 Polyxenidas

195 3099 298 3172 regius
324 3102 499 3176 praelectus
513 3137 556 3150 -
571 3109 636 3162 erat
660 3107 760 3163 autem
785 3106 874 3165 exsul
894 3103 1092 3164 Rhodius-
1108 3120 1181 3165 curu

196 3182 334 3245 audisset
347 3186 515 3260 proiectam
530 3186 568 3247 ab
581 3187 673 3246 domo
689 3187 880 3262 popularium
896 3202 1022 3248 suorum
1034 3188 1180 3262 classem,

195 3273 225 3325 et
238 3266 457 3329 Pausistratum
478 3270 664 3344 praelectum
680 3270 815 3346 superbe
831 3271 983 3347 quaedam
997 3279 1028 3332 et
1042 3279 1180 3332 contem·

197 3350 268 3425 ptim
294 3352 382 3412 inse
406 3353 630 3414 contionantem
655 3353 787 3427 dixisse,
815 3355 984 3430 praecipuo
1013 3353 1181 3416 certamine

194 3434 284 3496 animi
308 3436 460 3496 adversus
481 3452 550 3496 eum
572 3445 695 3513 sumpto
716 3435 789 3496 nihil
810 3438 894 3498 atiud
914 3438 982 3500 dies
1004 3444 1179 3514 noctesque

192 3520 326 3589 agitabat
339 3519 450 3592 animo,
472 3536 563 3596 quam
577 3525 611 3582 ut
624 3520 720 3579 verba
735 3520 898 3595 magnifica
913 3522 980 3582 eius
995 3522 1087 3585 rebus
1104 3539 1175 3585 con·
