2600 4000
230 277 295 343 att
364 275 481 338 meua
495 274 656 336 xxxvm.
679 273 760 334 cae.
776 281 872 337 acm
893 272 929 351 [a.
943 277 976 330 u.
989 273 1088 350 aaa]

232 427 400 493 civitatium
419 431 521 489 autem
541 424 672 501 cognitis
686 425 789 486 causis
804 423 911 485 decem
924 423 1018 500 legati
1032 422 1123 486 aliam
1138 420 1211 484 alia-

231 530 299 575 rum
320 514 458 573 lecerunt
476 508 699 571 condicionem.
731 523 811 585 quae
831 507 1049 583 stipendiariae
1067 506 1135 581 regi
1148 506 1213 566 An·

233 596 335 660 tiocho
356 596 477 655 lucrant
494 599 608 655 etcum
622 594 738 669 populo
752 593 891 654 Romano
906 595 1083 665 senserant,
1104 589 1144 652 iis
1159 590 1213 650 im·

231 680 407 744 munitatem
429 677 595 747 dederunt,
618 692 699 754 quae
718 676 850 752 partium
863 674 1007 736 Antiochi
1026 674 1149 735 fuerant
1162 680 1215 735 aut

233 760 447 840 stipendiariae
460 761 553 822 Attali
566 759 659 837 regis,
673 775 727 821 cas
742 775 850 820 omnes
863 758 994 833 vectigal
1004 758 1142 833 pendere
1154 757 1215 818 Eu-

233 848 313 910 meni
327 848 493 907 iusserunt
525 844 700 910 nominatim
714 852 874 919 praeterea
888 841 1098 918 colophoniis,
1115 842 1170 917 qui
1184 843 1216 902 in

234 929 320 999 llotio
335 928 478 1004 habitant,
493 935 524 989 et
534 927 676 1007 Cymaeis
690 934 721 988 et
729 927 898 1007 Mylasenis
910 925 1129 987 immunitatem
1140 940 1216 986 con·

236 1019 405 1088 cesserunt,
420 1012 620 1074 Clazomeniis
636 1027 730 1088 super
744 1010 960 1072 immunitatem
971 1016 1002 1070 ct
1010 1010 1216 1087 Drymussam

234 1099 365 1158 insulam
386 1096 469 1157 dono
491 1096 656 1171 dederunt,
676 1102 707 1155 et
719 1095 847 1156 Milesiis
862 1109 955 1169 quem
969 1109 1092 1154 sacrum
1106 1094 1215 1169 appel·

232 1183 298 1242 lant
311 1195 419 1254 agrum
433 1179 636 1255 restituerunt,
653 1185 685 1240 et
701 1179 863 1239 Iliensibus
878 1177 1049 1240 Rhoeteum
1062 1184 1094 1237 et
1107 1176 1215 1251 Gergi-

233 1264 317 1324 thum
337 1262 535 1336 addiderunt,
556 1269 694 1325 nontam
713 1263 754 1323 oh
767 1261 901 1323 recentia
920 1262 983 1321 ulla
999 1260 1104 1321 merita
1118 1275 1215 1335 quam

234 1345 384 1421 originum
403 1346 561 1408 memoria.
589 1347 697 1407 eadem
713 1354 744 1407 et
757 1345 932 1406 Dardanum
951 1343 1101 1404 liberandi
1117 1357 1215 1404 causa

233 1430 298 1492 luit.
325 1428 417 1490 cinos
432 1444 558 1505 quoque
572 1438 603 1491 et
616 1429 804 1505 smyrnaeos
819 1436 850 1489 et
863 1428 1060 1506 Erythraeos
1078 1443 1137 1503 pro
1153 1427 1215 1487 sin·

233 1512 330 1590 gulari
343 1512 414 1588 fide,
430 1528 521 1588 quam
537 1528 576 1573 eo
590 1513 672 1574 bello
686 1514 910 1588 praestiterunt
924 1519 956 1572 et
969 1526 1043 1586 agro
1060 1510 1217 1572 donarunt

233 1597 308 1659 etin
328 1598 410 1657 omni
431 1596 597 1672 praecipuo
620 1595 738 1657 honore
758 1595 939 1657 hahuerunt
965 1594 1215 1655 Phocaeensibus

233 1689 264 1742 et
278 1696 360 1755 ager,
378 1695 469 1756 quern
483 1686 553 1740 ante
566 1679 680 1740 bellum
691 1678 871 1754 habuerant,
885 1679 1033 1753 redditus,
1048 1684 1080 1739 ct
1093 1685 1127 1738 ut
1141 1677 1216 1753 legi·

234 1765 292 1825 bus
304 1763 438 1839 antiquis
451 1770 603 1826 uterentur
613 1762 807 1839 permissum.
822 1763 951 1824 Rhodiis
962 1763 1124 1823 adfirmata
1135 1777 1215 1837 quae

128 1886 131 1892 -
234 1848 304 1908 data
318 1847 422 1922 priore
437 1848 561 1909 decreto
577 1852 678 1923 erant,
699 1846 795 1926 Lycia
809 1853 840 1907 et
855 1847 942 1908 Caria
955 1846 1045 1906 datae
1058 1861 1162 1921 usque
1176 1846 1214 1912 ad

232 1931 432 1992 Maeandrum
446 1947 565 1991 amnem
577 1931 901 2008 praeterTelmessum.
916 1930 981 2005 regi
988 1929 1116 1990 Eumeni
1124 1929 1214 1990 Cher·

234 2029 381 2075 sonesum
393 2015 425 2075 in
436 2014 562 2091 Europa
572 2022 603 2077 et
612 2014 845 2095 Lysimachiam,
860 2015 986 2076 castella
996 2014 1085 2074 vicos
1096 2029 1212 2089 agrum,

235 2097 347 2173 quibus
367 2096 479 2160 tinibus
499 2105 644 2161 tenuerat
658 2099 845 2171 Antiochus,
866 2098 1057 2168 adiecerunt;
1086 2097 1117 2157 in
1139 2096 1215 2159 Asia

231 2181 397 2260 Phrygiam
409 2188 568 2258 utramque
579 2183 756 2243 -alteram
766 2183 805 2241 ad
815 2183 1056 2257 Hellespontum,
1068 2180 1214 2243 maiorem

233 2266 359 2326 alteram
379 2273 491 2329 vocant
505 2300 542 2310 —
558 2274 590 2327 et
602 2265 749 2344 Mysiam,
772 2281 862 2342 quam
877 2264 1001 2325 Prusias
1021 2280 1077 2324 rex
1092 2265 1214 2325 adame

233 2355 288 2423 rat,
304 2350 332 2410 ei
342 2351 553 2422 restituerunt;
575 2356 606 2411 et
615 2349 802 2429 Lycaoniam
815 2356 845 2409 et
854 2348 991 2426 Milyada
1004 2354 1035 2410 et
1044 2347 1176 2426 Lydiam
1187 2354 1216 2407 et

234 2433 410 2494 nominatim
429 2434 524 2494 nrbes
544 2433 659 2494 Tralles
680 2438 774 2508 atque
792 2432 949 2507 Ephesum
968 2437 999 2493 et
1013 2431 1213 2493 Telmessum.

233 2516 273 2575 de
287 2515 470 2594 Pamphylia
482 2516 685 2591 disceptatum
699 2516 777 2575 inter
789 2516 956 2577 Eumenem
969 2519 1000 2574 et
1013 2515 1160 2576 Antiochi
1173 2516 1214 2574 le·

233 2604 321 2670 gatos
344 2613 413 2658 cum
433 2604 532 2671 esset,
555 2597 628 2673 qula
641 2614 715 2673 pars
731 2598 798 2659 eius
813 2599 887 2660 citra
901 2614 974 2674 pars
989 2599 1069 2659 ultra
1082 2600 1214 2660 Taurum

233 2684 288 2754 est,
302 2679 421 2754 integra
433 2694 486 2740 res
501 2679 542 2740 ad
556 2689 696 2742 senatum
709 2681 841 2744 reicitur.

315 2761 376 2824 XL.
404 2762 459 2825 His
479 2763 656 2826 foederibus
675 2765 871 2841 decretisque
891 2766 970 2826 datis
990 2765 1123 2826 Manlius
1146 2781 1214 2826 cum

233 2847 339 2908 decem
360 2847 468 2922 legatis
489 2847 633 2924 omnique
654 2848 790 2910 exercitu
810 2851 850 2910 ad
862 2850 1096 2925 Hellespontum
1111 2851 1214 2925 prole·

234 2937 300 2991 ctus
322 2931 458 2993 evocatis
478 2947 518 2995 eo
537 2930 653 3008 regulis
667 2932 822 2994 Gallorum
841 2934 944 3009 leges,
969 2932 1081 3009 quibus
1104 2949 1213 3009 pacem

233 3029 302 3073 curn
316 3013 453 3076 Eumene
467 3020 639 3092 servarent,
655 3015 747 3088 dixit3
770 3016 965 3093 denuntiavit,
981 3023 1014 3078 ut
1027 3030 1147 3078 morem
1161 3035 1214 3077 va·

233 3097 326 3170 gandi
346 3113 415 3159 curn
436 3099 528 3160 armis
548 3099 685 3172 linirent,
708 3115 914 3177 agrorumque
935 3117 1061 3163 suorum
1075 3099 1214 3162 terminis

232 3196 267 3240 se
282 3180 480 3244 continerent.
503 3184 667 3243 contractis
681 3183 794 3244 deinde
808 3200 847 3244 cx
861 3184 943 3246 omni
958 3201 1013 3246 ora
1024 3184 1170 3260 navibus,
1185 3191 1215 3245 et

231 3262 374 3325 Eumenis
399 3264 490 3325 etiam
517 3267 618 3327 classe
638 3281 694 3342 per
713 3266 906 3330 Athenaeum
925 3269 1048 3330 fratrem
1068 3268 1154 3342 regis
1175 3268 1214 3327 ah

232 3347 324 3408 Elaea
345 3347 492 3423 adducta,
516 3350 622 3425 copias
644 3366 750 3412 omnes
766 3351 797 3411 in
810 3352 964 3428 Europam
984 3351 1110 3413 traiecit.
1141 3351 1214 3411 inde

231 3447 287 3506 per
302 3431 528 3494 Chersonesum
546 3433 677 3496 modicis
698 3435 855 3496 itineribus
869 3451 964 3511 grave
978 3436 1097 3511 pracda
1111 3434 1212 3495 omnis

231 3515 351 3588 generis
377 3530 486 3591 agmen
511 3518 635 3578 trahens
662 3517 875 3595 Lysimachiae
898 3518 1007 3579 stativa
1032 3517 1155 3592 hahuit,
1180 3529 1212 3581 ut
