2600 4000
202 257 267 324 104
339 254 455 317 crena
467 252 599 315 inum.
621 252 704 313 cnr.
718 258 762 313 n.
776 217 822 312 aa.
843 255 1039 326 [suasa]

201 409 337 474 bostium
351 404 518 470 exercitum
532 406 635 466 lusum
648 404 857 478 fugatumque.
889 402 948 464 bae
961 402 1080 465 litterae
1093 402 1182 480 prius

202 495 233 557 in
248 499 357 556 senatu
377 507 396 552 a
416 487 535 566 Sergio
545 495 704 565 praetore,
730 484 842 548 deinde
862 503 903 548 ex
922 485 1104 549 auctoritate
1126 504 1181 564 pa·

202 587 281 642 mum
295 575 327 637 in
342 572 486 637 contione
500 579 571 634 sunt
580 570 741 643 recitatam
756 578 787 632 et
798 570 838 632 ob
849 586 901 632 res
912 585 1064 647 prospere
1075 579 1181 646 gestas

201 662 233 724 ln
254 659 321 721 dies
339 656 475 735 quinque
490 653 734 732 supplicationes
755 654 906 716 decretae.
948 650 1036 715 brevi
1052 662 1126 728 post
1139 655 1181 715 le-

201 743 264 823 gati
278 751 310 805 et
319 742 362 803 ab
374 742 407 800 Τ.
424 738 563 814 Quinctio
577 746 608 800 et
622 739 661 798 ab
675 753 749 813 rege
769 737 910 815 Philippo
925 743 1086 799 venerunt.
1117 738 1179 798 Ma-

202 828 339 891 cedones
365 822 489 886 deducti
512 829 600 886 extra
623 823 731 883 urbem
750 819 782 881 in
803 819 906 883 villam
929 819 1100 898 publicam,
1125 818 1181 882 ibi-
1299 889 1300 893 Ἰ

203 927 265 990 que
285 908 333 972 eis
353 910 442 970 loeus
456 911 494 968 'et
512 904 608 968 lautia
628 904 782 982 praebita;
808 912 839 966 et
857 906 898 966 ad
911 904 1021 968 aedem
1034 904 1181 965 Bellonae

203 1002 329 1058 senatus
344 992 450 1063 datus;
472 989 514 1052 ibi
527 990 611 1051 haud
625 991 719 1052 multa
732 989 827 1050 verba
842 989 936 1062 iacta,
954 1004 1023 1049 cum
1036 987 1177 1048 Macedo·
1299 1050 1300 1063 ,

202 1094 268 1151 nes,
285 1076 503 1153 quodcumque
517 1080 643 1135 senatus
659 1070 847 1146 censuisset,
866 1070 898 1133 id
912 1087 1017 1147 regem
1030 1071 1181 1132 iacturum
1299 1068 1300 1075 ’

201 1177 275 1224 esse
289 1158 435 1223 dicerent.
479 1158 586 1218 decem
600 1155 693 1234 legati
707 1171 793 1219 mere
805 1154 969 1230 maiorum,
995 1170 1126 1231 quorum
1140 1171 1181 1216 ex

203 1242 333 1307 consilio
344 1242 377 1302 Τ.
383 1238 546 1317 Quinctius
558 1239 725 1317 imperator
736 1241 821 1316 leges
833 1238 921 1316 pacis
931 1238 1073 1315 Philippo
1084 1239 1181 1313 deret,

202 1325 332 1401 decretl,
347 1325 579 1399 adiectumque,
593 1331 627 1385 ut
639 1323 672 1384 in
686 1341 724 1385 eo
740 1339 867 1399 pumero
881 1324 1050 1400 legatorum
1063 1321 1096 1382 P.
1112 1321 1180 1384 Sul-

201 1409 302 1489 picius
317 1417 349 1471 et
360 1409 392 1469 Ρ.
406 1407 518 1470 Villius
532 1416 654 1482 essent,
677 1406 731 1483 qui
752 1408 898 1470 consides
913 1405 1103 1484 provinciam
1116 1406 1180 1466 Ma-

202 1492 365 1557 cedoniam
380 1489 593 1555 obtinuissent
626 1489 756 1553 Cosanis
771 1506 809 1553 eo
825 1489 876 1551 die
890 1489 1133 1567 postulantibus,
1148 1497 1183 1550 ut

202 1576 261 1640 sibi
275 1578 457 1639 colonorum
469 1590 615 1637 numerus
635 1582 813 1651 augeretur,
836 1574 918 1636 mille
938 1572 1073 1635 adscribi
1094 1571 1181 1647 iussi,

202 1662 328 1723 dumne
343 1659 413 1736 quis
434 1658 466 1720 in
486 1674 524 1721 eo
539 1675 667 1721 numero
688 1666 788 1733 esset,
809 1657 862 1740 qui
876 1665 949 1734 post
960 1658 991 1717 P.
1009 1657 1181 1720 cornelium

202 1754 233 1807 et
245 1744 289 1805 li.
305 1741 521 1820 Sempronium
534 1743 681 1804 consules
695 1742 794 1804 hostis
810 1741 929 1803 luisset.
1290 1780 1293 1799 .

283 1827 377 1889 XXV.
398 1826 477 1889 Ludi
495 1824 625 1889 Romani
646 1842 685 1887 eo
706 1842 787 1888 anno
808 1825 840 1887 in
862 1823 944 1887 circo
970 1841 1128 1901 scenaque
1142 1825 1181 1885 ab
1290 1850 1293 1861 =

202 1910 354 1972 aedilibus
375 1910 547 1985 curulibus,
567 1910 599 1969 P.
615 1907 755 1972 comalio
778 1908 925 1987 Scipione
945 1918 976 1970 et
997 1909 1050 1969 cn.
1066 1907 1181 1969 Manlio

202 1994 358 2070 Vulsone,
382 2002 412 2057 et
432 1991 677 2070 magnificentius
704 2011 795 2070 quam
816 1992 893 2055 alias
914 1992 1001 2068 iacti,
1027 2002 1058 2057 et
1071 1990 1185 2054 laetius

203 2086 331 2156 propter
343 2094 395 2139 res
408 2077 490 2141 bello
505 2077 585 2140 bene
599 2086 705 2155 gestas
720 2077 859 2154 spectati,
874 2076 993 2153 totique
1006 2085 1053 2139 ter
1067 2076 1183 2138 instau-

202 2160 270 2224 rati.
312 2161 415 2239 plebei
437 2160 574 2239 septiens
594 2161 764 2225 instaurati.
804 2162 856 2223 Μ’.
875 2159 993 2222 Acilius
1015 2160 1137 2222 Glabrio
1153 2167 1184 2222 et

203 2248 235 2309 G.
254 2245 378 2320 Laelius
398 2262 455 2309 eos
475 2245 567 2308 ludos
588 2248 742 2320 lecerunt,
764 2254 795 2306 et
814 2246 855 2307 de
874 2253 1001 2320 argento
1016 2242 1183 2307 multaticio

202 2328 259 2393 tria
280 2329 370 2406 signa
388 2345 502 2405 aenea,
524 2330 666 2391 Cererem
675 2328 885 2405 Liberumque
906 2336 937 2390 et
949 2327 1106 2401 Liberam,
1127 2342 1184 2403 po-

87 2418 90 2423 ⁴
203 2421 340 2476 suerunt.

286 2496 320 2556 L.
334 2493 444 2555 Furius
458 2501 490 2555 et
501 2493 543 2553 Μ.
565 2492 710 2554 claudius
729 2492 894 2556 Marcellus
916 2494 1077 2557 consulatu
1096 2492 1186 2570 inito,

203 2595 273 2640 cum
287 2578 327 2637 de
340 2574 510 2653 provinciis
525 2584 667 2651 ageretur
681 2583 712 2637 et
725 2576 842 2639 Italiam
854 2577 977 2654 utrique
990 2575 1184 2654 provinciam

203 2668 330 2724 senatus
345 2660 533 2733 decerneret,
546 2665 581 2720 ut
593 2658 808 2744 Macedoniam
823 2678 892 2723 curn
905 2661 991 2723 Italia
1002 2661 1186 2724 sortirentur

202 2745 378 2809 tendebant.
404 2743 569 2806 Marcellm
584 2743 764 2822 provinciae
778 2746 920 2824 cupidior
933 2763 1044 2823 pacem
1059 2746 1185 2809 simula-
1299 2763 1300 2776 ¹

202 2837 264 2892 tam
283 2844 321 2890 ac
342 2829 483 2890 fallacem
503 2826 651 2903 dicendo,
673 2836 704 2890 et
722 2829 1007 2904 rebellaturum,.si
1028 2829 1185 2892 exercitus

201 2912 275 2974 inde
289 2912 469 2989 deportatus
483 2920 576 2987 esset,
592 2929 698 2996 regem
710 2913 822 2976 dubios
838 2913 1009 2976 sententiae
1019 2922 1124 2990 patres
1140 2915 1186 2974 le·

86 3000 90 3009 '
203 3004 296 3059 cerat.
319 3004 350 3057 et
363 2994 492 3057 forsitan
507 2994 691 3059 obtinuisset
705 2999 830 3073 consul,
851 2996 883 3058 ui
898 2999 932 3073 Q.
946 2996 1082 3060 Marcius
1097 2997 1186 3058 Ralla

201 3088 233 3143 et
247 3079 279 3141 0.
295 3077 417 3141 Atinius
431 3079 534 3141 Labeo
549 3078 662 3142 tribuni
676 3079 776 3156 plebis
790 3098 826 3142 se
843 3080 1071 3143 intercessuros
1086 3079 1186 3142 dixis·
1219 3118 1222 3121 -

202 3170 280 3238 seut,
295 3161 327 3223 ni
341 3162 428 3240 prius
441 3162 502 3239 ipsi
517 3163 558 3223 ad
571 3163 695 3240 plebem
707 3163 857 3240 tulissent,
872 3166 988 3227 vellent
1002 3163 1187 3226 iuberentne

201 3264 272 3310 cum
285 3264 360 3324 rege
373 3246 513 3323 Philippo
528 3262 638 3322 pacem
651 3263 733 3309 esse.
756 3265 793 3310 ea
807 3248 926 3326 rogatio
941 3247 972 3309 io
981 3246 1131 3324 capitolio
1143 3247 1188 3308 ad

200 3332 324 3408 plebem
344 3332 405 3392 lata
425 3338 481 3391 est.
524 3345 631 3392 omnes
653 3331 791 3408 quinque
811 3342 841 3394 et
857 3331 981 3409 triginta
1001 3331 1100 3394 tribus
1115 3337 1196 3409 „uta
1298 3402 1299 3405 Ἴ

200 3420 315 3491 rogas“
330 3411 495 3475 iusserunt
517 3422 548 3476 et
562 3431 624 3491 quo
639 3415 737 3491 magis
751 3432 861 3492 pacem
874 3424 971 3479 ratam
985 3431 1059 3478 esse
1073 3414 1105 3500 in
1119 3414 1187 3474 lla-
1229 3456 1235 3465 a
1298 3426 1299 3455 t

199 3496 333 3562 eedonla
343 3499 436 3575 vulgo
449 3499 640 3569 laetarentur,
653 3499 749 3561 tristis
762 3516 802 3560 ex
811 3499 963 3578 Hispania
972 3500 1094 3560 adlatus
1105 3512 1186 3559 nuu-
1299 3571 1300 3598 ἢ
