2600 4000
202 261 264 328 178
351 261 467 322 LIBER
480 261 602 321 XXXV.
624 259 707 321 CAP.
723 268 748 320 2.
760 266 787 320 3.
800 267 827 321 l.
850 264 886 333 [a.
900 264 935 316 U.
947 280 971 316 c.
983 262 1047 330 559]

1288 264 1293 311 i

200 413 290 473 nibus
304 411 512 485 decernerent,
528 409 568 468 ad
583 380 759 484 quameum
775 407 900 469 militem
914 408 953 469 ab
968 423 1004 468 se
1018 407 1091 483 ipso
1103 408 1179 469 seri-
1287 438 1291 451 ·

200 505 285 572 ptum
310 510 350 554 ex
370 500 497 554 senatus
523 494 664 553 consulto
684 491 865 566 adiecisset,
890 492 1017 567 eligeret
1036 506 1077 552 ex
1097 493 1179 554 omni

199 594 326 641 numere
342 593 399 638 sex
413 577 496 638 milia
510 582 541 637 et
554 576 704 636 ducentos
718 574 854 651 pedites,
875 574 995 650 equites
1009 580 1179 637 ueccntose

200 680 238 725 ea
252 678 287 724 se
301 662 475 736 legione-
486 676 555 721 nam
569 660 600 720 in
615 658 688 721 Sex.
696 658 797 735 Digitii
809 658 945 720 exercitu
959 657 1044 720 baud
1054 660 1179 721 multam

200 749 268 824 spei
282 760 482 807 esse-rem
498 751 666 820 gesturum.
702 741 841 804 seniores
857 756 971 818 negare
984 743 1026 804 ad
1039 756 1179 806 rumores
1290 788 1296 815 ,

200 850 219 893 e
232 829 359 908 privatis
373 837 487 890 temere
502 828 672 903 ingratiam
686 827 916 902 magistratuum
928 826 1079 889 confictos
1091 842 1178 888 sena·
1294 848 1297 855 ·

200 925 249 977 tus
271 914 412 974 consulta
430 912 573 973 iacienda
592 926 680 972 essex
708 909 766 971 nisi
788 909 873 986 quod
891 916 945 971 aut
964 916 1123 987 praetores
1139 926 1178 973 ex

201 996 367 1076 provinciis
387 996 557 1056 scriberent
578 1001 631 1056 aut
643 994 735 1070 legati
748 994 972 1067 renuntiarent,
994 993 1068 1054 nihil
1081 1002 1178 1057 ratum

200 1081 306 1142 haberi
321 1079 443 1139 debere.
475 1079 503 1139 si
516 1080 664 1140 tumultus
678 1080 709 1139 in
723 1077 873 1154 Hispania
885 1084 979 1153 esset,
996 1078 1120 1154 placere
1132 1085 1177 1140 tu-

200 1163 380 1226 multuarios
399 1160 509 1224 milites
530 1169 617 1224 extra
629 1163 747 1224 ltaliam
767 1161 859 1222 scribi
873 1177 893 1222 a
906 1167 1060 1238 praetore
1092 1177 1178 1224 mens

201 1264 239 1309 ea
259 1255 385 1308 senatus
405 1246 475 1322 luit,
496 1253 529 1308 ut
548 1245 579 1306 iu
593 1245 744 1322 Hispania
763 1245 948 1307 tumultuarii
968 1246 1079 1306 milites
1097 1248 1178 1322 loge-

200 1338 313 1394 rentur.
340 1330 483 1392 Valerins
496 1331 606 1392 Antias
626 1338 657 1392 et
676 1331 707 1390 in
722 1329 855 1390 Siciliam
869 1329 1034 1405 navigasse
1049 1330 1178 1391 dilectus

201 1431 297 1477 causa
308 1416 339 1476 c.
349 1414 528 1475 Flaminium
542 1414 657 1489 scribit,
675 1420 706 1474 et
719 1429 762 1474 ex
769 1412 872 1474 Sicilia
882 1412 1062 1489 Hispaniam
1072 1418 1177 1490 peten-

201 1507 270 1574 tem,
284 1498 507 1575 tempestatem
521 1498 656 1558 Atticam
670 1497 818 1571 delatum,
835 1512 932 1573 vagos
946 1496 1056 1559 milites
1071 1498 1111 1558 de
1124 1512 1179 1557 ex-

201 1584 296 1645 ercitu
309 1582 341 1643 P.
357 1581 493 1643 Africani
514 1587 704 1643 sacramento
726 1596 873 1655 rogasse;
894 1580 942 1643 his
963 1580 1093 1641 duarum
1108 1597 1175 1657 pro-

201 1667 369 1729 vinciarum
383 1666 542 1728 dilectibus
556 1664 677 1725 tertium
692 1663 723 1724 in
736 1664 886 1739 Hispania
900 1664 1062 1726 adiecisse.

282 1752 334 1812 lli.
353 1752 416 1812 Nec
437 1751 467 1810 iu
481 1749 568 1811 Italia
584 1749 710 1824 segnius
724 1746 869 1823 Ligurum
882 1749 996 1810 bellum
1010 1748 1177 1810 crescebat

201 1835 287 1897 Pisas
302 1837 361 1895 iam
377 1834 580 1910 quadraginta
591 1833 674 1894 milia
688 1831 853 1908 hominum,
871 1831 1027 1893 adfluente
1042 1831 1179 1909 quetidie

201 1919 392 1980 multitudine
412 1919 453 1978 ad
466 1920 576 1979 lamam
590 1917 662 1978 belli
677 1930 828 1992 spemque
842 1918 991 1992 praedae,
1014 1917 1176 1978 circumse-

201 2004 323 2064 debant.
355 2002 507 2064 Minucius
529 2002 636 2063 consul
649 2001 803 2062 Arretium
818 2001 868 2062 die
882 2017 974 2077 quarn
988 2001 1128 2062 edixerat
1139 2002 1178 2062 ad

202 2085 445 2147 conveniendum
464 2086 607 2148 militibus
623 2086 715 2148 veuit
752 2084 823 2144 inde
839 2084 988 2160 quadrato
1002 2085 1124 2161 agmine
1138 2085 1178 2145 ad

201 2171 288 2232 Pisas
310 2167 410 2243 duxit;
440 2178 470 2232 et
491 2187 559 2232 curn
578 2170 685 2232 hostes
705 2185 767 2230 non
787 2170 858 2244 plus
879 2168 961 2229 mille
975 2185 1124 2244 passuum
1139 2169 1178 2230 ab

202 2256 318 2332 oppido
330 2262 414 2316 trans
426 2254 552 2316 fluvium
563 2254 733 2315 movissent
743 2254 967 2324 castraconsul
978 2253 1086 2315 urbem
1096 2252 1179 2314 haud

201 2340 294 2402 dubie
308 2347 461 2401 servatam
474 2340 608 2400 adventu
621 2353 679 2399 suo
695 2342 743 2398 est
756 2336 924 2412 ingressus.
936 2411 939 2416 4
946 2344 1073 2412 postero
1088 2336 1139 2397 die
1151 2344 1182 2398 et

201 2422 270 2498 ipse
290 2430 375 2483 trans
390 2422 518 2481 fluvium
532 2421 715 2496 quingentos
730 2420 824 2480 tenne
837 2435 951 2495 passus
966 2420 1005 2480 ab
1019 2419 1109 2482 hoste
1122 2435 1179 2495 po

202 2506 263 2566 suit
276 2512 386 2566 casua
415 2503 486 2563 inde
500 2503 620 2564 levibus
634 2501 761 2578 proeliis
776 2519 794 2563 a
809 2503 1059 2581 populationibus
1073 2520 1181 2579 agrum

202 2588 357 2648 sociorum
379 2586 546 2646 tutabatur:
578 2586 608 2645 in
630 2586 725 2645 aciem
752 2586 837 2647 exire
859 2603 920 2648 non
942 2588 1077 2648 audebat
1096 2602 1179 2647 novo

201 2670 294 2730 milite
314 2677 398 2730 etex
412 2668 514 2730 multis
534 2670 697 2744 generibus
712 2670 867 2731 hominmn
881 2673 1025 2747 collecto,
1046 2672 1179 2733 necdum

201 2759 274 2815 noto
295 2755 370 2814 satis
391 2754 470 2814 inter
489 2768 539 2826 so,
560 2762 593 2815 ut
614 2754 710 2815 fidere
730 2754 780 2813 alii
795 2754 862 2815 aliis
876 2760 1015 2831 possent.
1049 2754 1179 2831 Ligures
1299 2806 1300 2839 ;

200 2837 391 2899 multitudine
415 2837 483 2899 ireti
503 2844 534 2898 et
553 2838 583 2897 in
605 2839 701 2900 aciem
716 2838 854 2913 exibant,
881 2839 977 2915 parati
998 2840 1038 2901 de
1059 2855 1178 2900 summa
1299 2846 1300 2921 ᾗ

200 2937 302 2982 rerum
323 2922 505 2998 decemore,
526 2929 556 2984 et
569 2923 761 2984 abundantes
778 2923 905 2984 militum
918 2938 1044 2985 numero
1060 2922 1175 3000 passim
1299 2924 1300 2929 ’

200 3007 312 3066 multas
333 3023 441 3069 manus
461 3021 518 3082 per
532 3012 669 3067 extrema
682 3006 787 3067 linium
803 3008 841 3067 ad
857 3007 1067 3084 praedandum
1081 3007 1177 3068 mitte

201 3085 282 3164 bant
294 3098 404 3153 etcum
416 3096 523 3152 coacta
533 3090 581 3151 vis
592 3106 705 3166 magna
716 3105 862 3167 pecorum
874 3091 1074 3167 praedaeque
1084 3098 1179 3165 esset,

199 3179 337 3249 paratum
353 3183 417 3236 erat
438 3174 640 3250 praesidium,
662 3189 719 3250 per
733 3190 812 3250 quos
827 3175 858 3234 in
874 3175 1120 3237 castellanorum
1132 3174 1179 3236 vi-

200 3271 318 3334 cosque
333 3264 483 3334 ageretur.

281 3342 333 3403 IV.
363 3341 436 3405 cum
461 3341 575 3401 bellum
592 3339 782 3416 Ligustinum
806 3341 847 3402 ad
865 3340 953 3403 Pisas
978 3341 1179 3414 constitisset,

203 3427 309 3487 consul
330 3428 406 3487 alter
429 3428 462 3488 L.
478 3424 636 3488 cornelius
650 3425 767 3486 Merula
788 3440 843 3500 per
862 3432 1016 3488 extremos
1031 3425 1180 3500 Ligurum

197 3508 269 3570 linis
292 3510 459 3572 exercitum
473 3508 504 3568 in
520 3524 626 3584 agrum
638 3509 784 3570 Boiorum
798 3507 927 3586 induxit,
942 3509 994 3569 ubi
1009 3510 1101 3585 longe
1117 3510 1180 3569 alia
