2600 4000
232 235 296 298 sm
329 201 334 209 ’
393 231 660 293 nmnnxxxvu
691 232 830 296 cacan.
853 239 972 307 [una.
989 242 1050 309 aa]

232 392 325 449 esset.
350 383 411 448 lmc
426 390 552 445 senatus
568 383 742 445 consultum
761 383 941 460 litteraeque
955 401 975 444 a
989 384 1043 462 sp.
1057 385 1213 451 Postmnic

232 477 375 549 praetore
386 469 417 529 in
429 467 581 529 Etruriam
590 466 706 528 missae
716 474 804 539 sunt;
825 468 1047 545 proiectusque
1061 469 1094 530 in
1104 471 1212 550 Hispa-

231 556 314 624 niam
333 559 382 615 cst
400 550 433 611 P.
448 548 554 612 lunius
576 557 766 628 propraetor.
798 551 830 611 in
855 568 919 627 qua
943 553 1103 627 provincia
1128 557 1212 632 prius

231 641 386 715 aliquanto
413 650 506 712 quam
531 650 699 696 successor
717 634 848 707 veniet,
873 636 908 695 L.
921 635 1071 699 Aemilius
1092 638 1213 716 Paulus,

232 723 287 802 qui
300 727 412 799 postea
424 734 530 795 regem
542 717 656 780 Persea
669 733 780 794 magna
793 717 892 793 gloria
911 718 999 795 vicit,
1020 736 1090 783 cum
1109 722 1212 799 priore

231 824 312 870 anno
333 806 415 865 haud
436 818 588 880 prospere
600 817 667 864 rem
679 802 845 878 gessisset,
867 804 1061 867 tumultuario
1077 808 1213 870 exercitu

233 893 378 964 collecto,
398 888 495 962 signis
518 886 637 949 collatis
653 901 721 948 cum
735 887 890 948 Lusitanis
905 889 1069 966 pugnavitz
1092 890 1154 952 lusi
1168 893 1212 953 lu·

233 977 358 1053 gatique
371 973 492 1045 hostes,
517 986 610 1032 caasa
623 971 732 1032 decem
747 979 817 1032 octo
831 969 915 1032 milia
927 979 1130 1044 armatorum,
1152 976 1211 1036 duo

232 1059 314 1119 milia
328 1056 455 1118 trecenti
470 1055 567 1133 capti,
587 1062 618 1117 et
632 1061 733 1116 castra
748 1062 933 1130 expugnata.
960 1054 1052 1118 huius
1068 1056 1213 1119 victoriae

232 1144 312 1204 lama
325 1140 552 1216 tranquilliores
566 1139 596 1200 in
609 1137 759 1214 Hispania
771 1155 822 1200 res
837 1140 918 1200 iecit.

314 1223 432 1285 Eodem
445 1239 526 1284 anno
541 1230 611 1285 ante
625 1224 707 1284 diem
722 1222 842 1285 tertium
856 1222 924 1283 Kal.
939 1223 1098 1286 lanuarias
1111 1226 1212 1288 Bono·

232 1311 311 1371 niam
325 1308 462 1368 Latinam
483 1305 634 1369 coloniam
655 1323 695 1368 ex
718 1315 842 1369 senatus
867 1308 1006 1369 consulto
1020 1308 1054 1368 L.
1069 1309 1212 1370 Valerius

230 1395 360 1456 Flaccus
374 1392 415 1451 Μ.
429 1391 541 1453 Atilius
556 1389 709 1453 Serranus
727 1392 761 1451 L.
776 1390 919 1453 Valerius
933 1393 1042 1469 Tappo
1065 1392 1213 1454 triumviri

232 1478 433 1539 deduxerunt.
466 1474 524 1535 tria
537 1473 620 1535 milia
633 1474 791 1538 hominurn
805 1482 877 1537 sunt
889 1476 1037 1537 deductaz
1059 1476 1212 1552 equitibus

232 1569 422 1639 septuagena
432 1558 547 1636 iugera,
564 1557 675 1620 ceteris
690 1559 809 1621 colonis
821 1558 1039 1637 quinquagena
1049 1566 1123 1621 sunt
1134 1563 1212 1623 data
1293 1559 1294 1564 ’

231 1663 306 1724 ager
326 1652 434 1723 captus
456 1644 496 1703 de
516 1642 609 1704 Gallis
629 1641 714 1703 Boiis
736 1645 849 1714 sueram
880 1644 955 1705 Galli
975 1644 1095 1706 'Fuscos
1118 1661 1213 1721 expu-

232 1733 337 1793 lerant.
1086 1756 1088 1758 ·

315 1815 432 1876 Eodem
453 1829 533 1874 anno
554 1826 715 1873 censuram
735 1809 821 1872 multi
841 1820 872 1873 et
886 1813 960 1873 clari
977 1810 1034 1873 viri
1052 1813 1215 1888 petierunt

199 1947 202 1953 ,
234 1915 314 1976 quae
327 1915 379 1960 res
395 1907 549 1974 tamquam
562 1895 593 1956 in
608 1911 644 1958 se
660 1912 767 1972 parum
780 1895 882 1970 magni
899 1895 1072 1957 certaminis
1087 1913 1215 1959 causam

235 1981 372 2056 haberet,
399 1982 491 2043 aliam
516 1982 742 2044 contentionem
767 1981 860 2042 multo
886 1979 1033 2043 maiorem
1058 1979 1214 2044 excitavit

233 2067 377 2143 petebant
389 2067 421 2127 Τ.
437 2064 593 2142 Quinctius
606 2064 793 2127 Flamininus
806 2063 839 2124 P.
855 2064 1013 2126 Cornelius
1029 2065 1082 2128 Cn.
1098 2065 1133 2127 F.
1151 2065 1213 2127 Sci-

233 2153 283 2227 pio
297 2152 331 2212 L.
341 2151 486 2214 Valerius
496 2150 627 2212 Flaccus
640 2151 681 2210 M.
695 2149 822 2212 Porcius
838 2149 964 2213 Catolll.
977 2150 1122 2211 Claudius
1135 2149 1215 2211 Mar·

232 2238 329 2298 collus
342 2237 393 2297 Μ’.
408 2235 526 2297 Acilius
544 2234 682 2309 Glabrio,
699 2234 752 2311 qui
765 2232 950 2294 Antiochum
967 2234 1009 2295 ad
1023 2233 1216 2314 Thermopy·

233 2326 279 2383 aas
293 2322 486 2396 Aetolosque
503 2319 668 2381 devicerat.
700 2318 731 2378 in
745 2318 826 2379 hunc
841 2316 989 2392 maxime,
1016 2319 1102 2394 quod
1121 2320 1217 2380 multa

233 2405 389 2482 congiaria
399 2404 556 2478 habuerat,
564 2402 676 2479 quibus
687 2418 829 2478 magnam
842 2409 960 2478 partem
970 2401 1129 2464 hominum
1142 2403 1217 2464 obli·

232 2495 326 2564 gerat,
343 2491 431 2549 lavor
441 2485 549 2564 populi
560 2502 595 2547 se
609 2485 783 2547 inclinabat
802 2487 835 2548 id
849 2502 919 2548 cum
933 2501 1027 2562 aegre
1039 2493 1217 2563 paterentur

233 2578 277 2633 tot
287 2569 417 2644 nobiles,
432 2586 545 2631 novum
557 2569 616 2629 sibi
626 2568 780 2630 hominem
791 2576 907 2634 tantum
918 2570 1074 2648 praeferri,
1085 2569 1119 2629 P.
1129 2569 1217 2632 Sem-

232 2653 361 2731 pronius
377 2650 534 2714 Gracchus
552 2659 583 2714 et
595 2651 627 2712 G.
640 2651 842 2729 Sempronius
851 2653 973 2717 Rutilus
987 2654 1100 2716 tribuni
1114 2655 1218 2730 plebis

233 2739 261 2800 ei
276 2737 357 2799 diem
371 2736 528 2812 dixerunt,
549 2738 633 2814 quod
653 2733 803 2815 pecuniae
822 2738 926 2814 regiae
947 2738 1149 2814 praedaeque
1164 2738 1218 2800 ali·

233 2824 505 2901 quantum‘captae
525 2822 557 2883 in
571 2821 716 2885 Antiochi
740 2823 849 2884 castris
874 2838 976 2900 neque
1003 2823 1034 2883 in
1058 2821 1218 2899 triumpho

231 2907 367 2982 auisset,
386 2922 488 2983 neque
506 2905 538 2967 in
556 2905 707 2968 aerarium
727 2906 905 2969 rettulisset.
935 2906 1022 2968 varia
1041 2906 1220 2968 testimonia

232 2993 402 3068 legatomm
427 2990 680 3068 tribunorumque
704 2988 830 3054 militurn
855 2999 952 3054 erant.
980 2991 1022 3052 Μ.
1044 2990 1119 3052 Cato
1147 2999 1221 3053 ante

232 3074 312 3137 alios
333 3076 421 3137 testis
437 3072 700 3151 conspiciebatur;
722 3076 810 3137 cuius
833 3076 1043 3138 auctoritatem
1063 3083 1220 3151 perpetuo

232 3167 340 3222 tenore
356 3158 437 3221 vitae
452 3167 571 3235 partam
584 3165 657 3234 toga
668 3159 799 3220 candida
810 3160 958 3221 elevabat.
981 3157 1009 3221 is
1020 3158 1119 3236 testis,
1136 3175 1221 3236 quae

232 3259 310 3304 vasa
324 3258 418 3303 aurea
433 3249 525 3317 atque
539 3249 685 3317 argentea
699 3245 797 3319 captis
812 3243 920 3304 castris
932 3243 1010 3312 inter
1021 3243 1112 3303 aliam
1127 3260 1219 3319 prae

232 3328 304 3387 dam
317 3327 433 3402 regiam
446 3325 591 3401 vidisset,
613 3342 650 3387 ca
671 3343 707 3388 se
727 3327 757 3387 in
772 3327 925 3405 triumpho
940 3327 1073 3403 negabat
1085 3328 1219 3390 vidisse

187 3420 190 3427 ’
233 3418 389 3488 postremo
404 3410 434 3470 in
450 3409 542 3471 huius
554 3412 686 3472 maxime
699 3410 845 3472 invidiam
859 3411 1010 3473 desistere
1021 3424 1058 3471 se
1068 3408 1221 3488 petitione

112 3588 114 3593 ⁴
231 3494 356 3557 Glabrio
371 3491 461 3566 dixit,
484 3495 624 3572 quando,
645 3495 732 3570 quod
751 3495 832 3555 taciti
849 3492 1080 3570 indignarentur
1094 3496 1220 3558 nobiles
