2600 4000
202 266 206 272 ’
226 278 288 342 100
363 275 479 337 traua
492 274 624 337 llxxlll.
646 275 730 335 οΑΡ.
746 284 788 338 19.
803 287 846 337 ao.
869 282 906 350 [a.
918 280 953 335 u
965 283 1063 349 ates]

222 428 475 506 numinproelio,
487 425 585 488 maior
595 424 741 502 cupidine
752 426 922 502 praedandi
933 428 1036 504 palata
1046 444 1206 506 per-agros

223 531 315 577 caesa
330 520 387 574 est.
410 510 522 588 quibus
538 512 611 586 luga
623 509 655 570 in
671 509 817 586 expedito
833 510 903 585 luit,
918 528 958 572 ne
972 518 1120 588 temptato
1136 511 1206 589 qui·

222 600 293 660 dem
307 613 383 659 casu
398 610 521 672 pugnae
535 592 566 654 in
581 594 660 668 fines
674 610 749 655 suos
763 592 929 656 redierunt.
951 611 990 656 aa
1003 611 1066 656 una
1076 595 1205 673 expedi·

222 682 305 744 bone
319 697 381 742 non
396 696 453 756 pro
464 676 583 754 reliquo
600 684 682 739 statu
695 679 835 739 fortunae
846 680 928 739 lacta
937 678 1062 739 relectis
1077 695 1225 748 suorum,

222 765 331 827 animis
346 760 597 826 Thessalonicam
612 776 685 822 sese
699 760 826 837 recepit

305 844 792 921 NontanrintemporePunicum
803 845 1205 921 bellumtcrminatumerat‚

222 949 262 993 ne
274 931 363 994 simul
374 937 405 991 et
414 927 629 1005 curnPhilippo
642 930 721 991 foret
729 929 916 1003 bellandum,
929 937 1205 1007 quamopportune

223 1017 283 1078 iam
295 1013 450 1075 Antiocho
464 1028 505 1073 ex
520 1011 611 1091 Syria
625 1020 768 1074 movente
781 1013 896 1074 bellum
909 1010 1068 1090 Philippus
1088 1020 1137 1075 est
1151 1031 1203 1077 su-

222 1105 364 1177 peratusz
389 1112 460 1157 uam
483 1096 807 1173 praeterquamquod
829 1095 949 1158 facilius
972 1113 1042 1159 curu
1059 1095 1202 1173 ‘singultis

224 1199 316 1259 quam
331 1180 358 1244 si
371 1181 403 1243 in
414 1197 509 1242 unum
523 1180 613 1241 ambo
629 1178 720 1241 simul
734 1178 937 1242 contulissent
948 1179 1042 1255 vires,
1057 1180 1205 1243 bellatum

223 1275 280 1340 est,
295 1263 445 1342 Hispania
459 1279 585 1341 quoque
599 1265 657 1326 sub
671 1262 754 1326 idem
764 1271 885 1341 tempus
896 1269 1009 1340 magno
1023 1266 1206 1327 tumultuati

223 1351 336 1412 bellum
351 1347 552 1411 consurrexit.
587 1346 758 1410 Antiochus
774 1364 844 1409 cum
857 1347 961 1423 priore
975 1355 1090 1410 aestate
1106 1348 1204 1409 amni-

223 1437 283 1496 bus
299 1432 424 1509 quaein
440 1431 532 1494 coele
547 1429 638 1509 Syria
652 1439 725 1494 sunt
739 1429 912 1494 civilatibus
928 1448 968 1493 ex
982 1430 1147 1493 Ptolemaei
1158 1431 1205 1492 di-

225 1518 314 1581 cione
328 1516 359 1577 in
375 1532 462 1579 sumn
476 1523 662 1591 potestatem
673 1514 807 1577 redactis
819 1514 851 1576 in
864 1514 994 1577 hiberna
1008 1513 1205 1577 Antiochiam

225 1599 449 1673 concessisset,
476 1598 570 1660 nihilo
597 1598 750 1676 quietiora
773 1616 811 1660 ea
834 1596 914 1675 ipsis
937 1597 1063 1665 aestivis
1086 1598 1204 1662 habuit.

225 1685 366 1748 omnibus
381 1683 463 1746 enirn
475 1682 563 1759 regni
578 1682 694 1745 viribus
709 1682 840 1744 conixus
861 1698 931 1744 cum
945 1681 1079 1758 ingentis
1095 1683 1206 1763 copias

224 1768 377 1831 terrestris
405 1766 633 1843 maritimasque
662 1775 892 1842 comparasset,
928 1765 1081 1843 principio
1110 1765 1205 1837 veris,

225 1850 404 1929 praemissis
419 1858 501 1912 terra
516 1867 585 1912 curn
599 1848 737 1911 exercitu
750 1848 822 1911 filiis
838 1851 959 1912 duobus
973 1850 1082 1928 Ardye
1097 1866 1135 1912 ac
1147 1847 1205 1909 Mi-

225 1935 363 2008 thridate,
378 1932 538 2010 iussisque
552 1931 701 1994 Sardibus
717 1950 752 1994 se
767 1933 917 2011 opperiri,
932 1932 1002 2011 ipse
1017 1936 1204 1996 cumulasse

226 2026 347 2081 centiam
362 2024 508 2080 tectarum
522 2016 661 2092 navium,
681 2018 722 2079 ad
735 2018 796 2080 hoc
810 2017 977 2080 levioribus
992 2018 1122 2096 navigiis
1138 2034 1204 2080 eer-

226 2101 372 2182 cyrisque
386 2117 423 2162 ac
437 2100 546 2164 lembis
562 2100 717 2176 ducentis,
734 2101 948 2179 proficiscitur,
964 2101 1054 2165 simul
1069 2119 1126 2179 per
1140 2119 1202 2164 oru-
1293 2106 1294 2183 ζ

98 2207 102 2215 ·
225 2201 295 2250 nem
311 2202 395 2249 oram
410 2184 533 2248 Ciliciae
545 2184 725 2263 Lyciaeque
735 2194 766 2249 et
778 2184 884 2247 cariae
894 2194 1096 2262 temptaturus
1110 2187 1205 2248 urbas
1293 2190 1294 2195 ’

227 2289 307 2349 quae
320 2271 352 2332 in
366 2268 661 2333 dicionePtolemaei
674 2278 789 2345 esseut,
802 2269 891 2331 simul
905 2267 1205 2346 Philippum—nea-

226 2357 299 2425 dum
318 2354 399 2416 enirn
420 2354 605 2416 debellatum
624 2363 690 2415 arat
701 2388 745 2401 -
759 2352 897 2416 exercitu
910 2351 1104 2430 navibusque
1118 2352 1209 2415 alliu-v

228 2447 323 2500 turus.
688 2464 691 2468 ⁴
973 2436 980 2478 ¹
1071 2456 1074 2461 ⁴

307 2520 371 2580 XX.
406 2518 501 2579 Multa
521 2517 644 2594 egregia
665 2517 778 2579 Rhodii
798 2536 855 2596 pro
875 2520 937 2581 ilde
962 2536 1036 2597 erga
1055 2521 1207 2597 populum

229 2606 398 2664 Romanurn
412 2617 533 2678 proque
546 2600 691 2663 universo
706 2601 828 2664 nornine
847 2603 1033 2667 Graecorum
1047 2612 1129 2667 terra
1142 2620 1206 2666 ma-

226 2685 316 2761 rique
330 2683 398 2745 ausi
413 2690 498 2747 suutz
518 2681 592 2746 nihil
606 2684 850 2761 magnificentius
872 2704 965 2764 quam
980 2688 1065 2764 quod
1079 2704 1117 2749 ea
1131 2696 1207 2756 tcm-

227 2774 357 2846 pestate,
373 2785 435 2830 non
446 2765 540 2830 territi
552 2775 634 2831 tanta
644 2769 727 2832 mole
740 2768 925 2833 imminentis
936 2770 1017 2849 belli,
1032 2773 1151 2848 legatos
1166 2770 1208 2830 ad

226 2869 331 2929 regem
344 2851 502 2929 miserunt,
516 2869 555 2914 ne
570 2852 817 2915 chelidonias-
832 2854 1073 2933 promunturium
1085 2852 1208 2915 ciliciae

228 2943 284 3010 ost,
300 2934 447 2998 inclutum
461 2937 587 2999 loedere
601 2936 728 3014 antiquo
743 2936 977 3000 Atheniensium
997 2955 1067 3000 oum
1080 2935 1208 3013 regibus

227 3020 388 3081 Persarum
401 3053 443 3065 —
457 3029 626 3096 superaret.
650 3020 678 3082 si
689 3038 727 3082 eo
740 3022 801 3083 line
814 3038 876 3083 uon
891 3020 1061 3083 contineret
1075 3022 1209 3082 classem
1293 3070 1294 3073 ,

229 3102 400 3179 copiasque
414 3120 504 3178 suas,
521 3119 556 3165 se
571 3103 694 3166 obviarn
708 3102 820 3179 ituros,
835 3122 898 3168 non
912 3106 952 3167 ab
968 3105 1040 3167 odio
1055 3105 1134 3180 ullo,
1150 3104 1209 3166 sed

228 3203 267 3246 ne
282 3186 426 3263 coniungi
440 3204 510 3248 eum
523 3186 664 3264 Philippo
676 3197 853 3264 paterentur
863 3197 894 3251 et
904 3188 1123 3266 impedimento
1136 3203 1210 3249 esse

227 3269 374 3331 Romanis
389 3269 588 3332 liberantibus
604 3270 772 3333 Graeciam.
802 3271 999 3335 coracesium
1014 3288 1051 3334 eo
1067 3281 1210 3347 tempore

228 3352 399 3415 Antiochus
421 3352 567 3428 operibus
590 3358 797 3432 oppugnabat.
845 3355 1000 3436 Zephyrio
1023 3362 1054 3417 et
1074 3354 1158 3418 Solis
1181 3362 1211 3414 et
1292 3340 1294 3380 ¹

228 3436 1211 3517 Aphrodisiadeetcoryco,etsuperatonnemmio-promun-
1266 3518 1269 3523 -

229 3520 339 3587 tarium
353 3519 385 3581 id
401 3537 525 3597 quoque
541 3520 663 3584 ciliciae
679 3532 779 3584 est-
790 3523 947 3585 Selinunte
958 3531 1095 3600 recepto,
1112 3518 1213 3582 omnl-
