2600 4000
288 182 574 245 umuaxrurvm,
593 182 787 244 causare
810 149 972 262 [aaran
1020 131 1023 137 ⁵
1052 167 1113 248 373

138 339 234 398 derel.
258 334 369 412 quibus
384 334 426 393 ita
436 333 514 393 inter
524 332 679 407 publicum
692 335 840 393 sollemne
851 336 1047 408 sponsalibus
1058 338 1115 400 rita

61 481 63 488 ,
138 420 227 482 iactis
272 434 340 479 eum
361 434 396 478 se
417 418 539 479 domum
561 416 747 492 recepisset,
773 415 949 491 Scipionem
968 415 1114 481 Aemiliae

138 504 228 566 uxori
252 502 369 563 dixisse
393 500 537 561 iiliamse
556 499 704 561 minorem
726 501 946 577 despondisse,
976 517 1042 561 curn
1063 504 1114 565 illa

137 586 324 647 muliebriter
347 585 578 660 indignabunda
598 583 671 644 nihil
694 584 733 644 de
754 586 906 645 eonrmuni
926 585 988 645 filla
1008 601 1114 646 secum

69 666 75 676 ’
138 665 355 743 consultatum,
377 667 543 729 adleeisset
556 685 617 729 non
640 669 667 729 si
681 666 724 727 TI.
741 668 878 730 Graccho
895 669 989 744 daret,
1004 685 1113 744 exper-

138 762 200 815 tem
214 754 332 814 consilii
348 751 494 814 debuisse
509 759 633 812 matrem
645 767 726 828 esse,
741 753 853 814 laetum
868 752 1114 828 Scipionemtam

138 837 285 900 concordi
301 835 413 897 iudiem
430 836 457 895 ei
471 834 532 911 ipsi
547 799 736 911 desponsam
750 837 961 911 respondisse
984 836 1061 897 haec
1076 838 1114 908 de

138 929 220 983 tanto
235 920 312 995 vlro,
328 936 512 995 quamquam
524 925 554 979 et
568 918 764 994 opinionibus
779 926 810 980 ct
823 920 1025 981 monumentis
1036 920 1112 979 lille-

81 1021 84 1028 ’
137 1020 237 1068 rarum
253 1002 414 1076 variarent,
431 1002 634 1078 proponenda
649 1009 744 1062 erant

221 1087 324 1146 LVIII.
346 1087 469 1146 Iudiciis
484 1086 550 1159 aQ
565 1086 705 1146 Terentio
721 1093 863 1161 praetore
877 1085 1035 1162 perlectis,
1052 1087 1113 1147 Ho-

47 1169 50 1175 ‘
86 1171 92 1180 '
136 1171 235 1234 stilius
251 1169 398 1230 etFurius
415 1169 547 1229 damnali
562 1169 694 1244 praedes
710 1169 818 1229 eodem
829 1169 883 1230 die
899 1170 1111 1245 quaestoribus

12 1309 13 1316 ,
136 1255 262 1316 urbanis
281 1254 449 1323 ¹dederunt;
471 1252 574 1327 Scipio
592 1267 661 1312 cum
676 1254 873 1314 contenderet
887 1270 1006 1314 omnem
1022 1270 1112 1330 quam

12 1349 18 1418 ζ
137 1338 309 1413 accepisset
332 1337 493 1412 pecuniam
513 1336 543 1395 in
564 1335 681 1397 aerario
703 1352 790 1412 csse,
817 1353 874 1397 nec
895 1353 930 1398 sc
951 1337 1113 1413 quicquam
1140 1372 1143 1376 <

12 1435 13 1442 ¹
137 1422 251 1497 publici
264 1420 386 1495 habere,
402 1418 431 1479 in
447 1419 569 1479 vincula
583 1419 654 1479 duci
668 1426 716 1479 est
730 1427 866 1496 coeptus.
888 1422 921 1480 P.
936 1421 1040 1496 Scipio
1054 1421 1109 1480 Na·

136 1506 201 1565 sica
212 1504 348 1565 tribunos
360 1501 533 1578 appellavit,
546 1503 775 1579 orationemque
785 1504 889 1566 habuit
898 1507 1019 1580 plenam
1029 1505 1111 1563 veris
1217 1567 1219 1570 ,

137 1587 301 1648 decoribus
321 1604 383 1648 non
405 1587 603 1647 communiter
622 1587 715 1648 modo
738 1588 895 1649 corneliae
914 1587 1029 1660 gentis,
1055 1587 1111 1645 sed

136 1670 261 1746 proprie
275 1670 405 1731 familiae
421 1687 504 1732 suae
537 1679 680 1747 parentes
696 1687 771 1731 suos
787 1677 817 1729 et
830 1670 863 1727 P
877 1668 1013 1728 Africani
1028 1669 1111 1728 ael,
1125 1681 1127 1686 ·

137 1752 298 1829 Scipionis,
316 1755 367 1828 qui
379 1755 409 1815 In
426 1771 579 1816 carcerem
597 1757 768 1826 duceretur,
783 1751 879 1811 luisse
893 1751 943 1810 Cn
960 1751 1033 1812 etP.
1047 1750 1109 1812 Sci·

12 1843 17 1858 “
135 1837 253 1914 pianes,
270 1839 458 1898 clarissimos
474 1840 568 1898 viros.
597 1851 668 1907 eos,
686 1850 754 1894 cum
768 1850 824 1909 per
839 1834 955 1909 aliquot
966 1851 1066 1896 annos
1080 1835 1111 1893 in

130 1919 374 1992 terrailrspanm
384 1920 536 1978 adversus
547 1914 1111 1994 multospoenoraminspanommque

134 2011 165 2062 et
184 2004 280 2061 duces
303 2007 332 2060 et
353 2001 504 2061 exercitus
527 2001 658 2062 nominis
672 2002 801 2062 Romani
822 2003 931 2062 lamam
953 2003 1112 2064 auulssenl

135 2101 195 2145 non
216 2084 295 2145 bello
316 2084 432 2159 solum,
454 2084 511 2144 sed
525 2085 609 2161 quod
622 2088 779 2147 Romanae
796 2087 1011 2161 temperantiae
1025 2087 1110 2146 tidel-

136 2184 198 2245 que
212 2167 368 2243 specimen
382 2167 442 2229 illis
457 2168 597 2243 gentibus
610 2169 776 2244 dedissent,
792 2171 832 2229 ad
843 2177 1009 2230 extremum
1020 2169 1109 2230 ambo

132 2268 190 2328 pro
205 2266 239 2311 re
260 2250 384 2328 publica
397 2259 499 2333 morte,
510 2253 703 2314 occubuisse.
739 2269 806 2314 curn
821 2252 938 2314 illorum
954 2252 1031 2313 tueri
1045 2254 1110 2326 glo-

133 2337 209 2396 riam
230 2336 362 2411 posteris
384 2336 459 2398 salr's
481 2343 578 2411 esset,
600 2337 631 2395 P.
645 2334 824 2397 Aliicanum
838 2342 952 2397 tantum
966 2342 1110 2412 paternas
1129 2347 1132 2353 ·

134 2418 332 2496 superavisse
347 2420 464 2494 laudes,
481 2427 514 2481 ut
526 2422 617 2481 fidem
630 2421 736 2482 lecerit
746 2437 807 2482 non
820 2421 968 2495 sanguine
978 2420 1109 2481 humano

133 2504 190 2565 scd
210 2504 307 2580 stirpe
328 2504 432 2565 divina
453 2513 551 2585 salum
572 2520 607 2566 se
622 2520 702 2566 esse.
735 2504 768 2564 L.
785 2504 974 2580 Scipionem,
994 2503 1109 2579 dequo

63 2580 87 2601 ⁸
133 2594 251 2662 agatur,
272 2596 306 2650 ut
322 2589 444 2663 quaein
459 2589 615 2666 Hispania,
632 2604 711 2665 quae
724 2588 754 2648 io
769 2589 887 2661 Africa,
906 2604 974 2650 cum
992 2589 1109 2663 legatus

134 2671 233 2730 iratris
248 2678 341 2746 esset,
357 2673 515 2746 gessisset,
532 2679 773 2747 praetereantur,
789 2675 947 2734 consulem
961 2678 991 2732 ct
1006 2672 1043 2731 ab
1059 2687 1108 2734 se-

133 2760 205 2814 natu
224 2754 349 2829 dignum
370 2753 485 2829 visum,
506 2755 554 2815 cui
574 2761 664 2815 extra
680 2762 793 2817 sortem
807 2757 883 2817 Asia
903 2754 1062 2830 provincia
1080 2764 1110 2815 et

18 2858 21 2864 ·
134 2836 244 2896 bellum
266 2853 334 2898 cum
349 2837 503 2898 AntIoeho
517 2852 591 2912 rege
605 2837 833 2910 decerneretur,
854 2844 885 2898 et
898 2855 917 2897 a
931 2839 1038 2911 fratre,
1060 2838 1109 2898 cui

134 2926 205 2997 post
219 2921 299 2983 duos
317 2921 495 2982 consulatus
511 2936 734 2995 censuramque
748 2925 779 2981 ct
790 2920 974 2995 triumphum
989 2921 1107 2995 legatus

132 3005 162 3066 in
171 3004 279 3065 Asiam
288 3003 354 3065 iret.
376 3001 419 3065 ibi
430 3019 470 3064 ne
480 3003 655 3079 magnitudo
667 3011 697 3065 ct
707 3004 854 3079 splendor
864 3002 956 3078 legati
966 3002 1107 3066 laudibus

34 3164 37 3169 y
134 3087 271 3150 consulis
284 3088 430 3163 alliceret,
447 3088 524 3149 lortc
534 3088 577 3165 ita
586 3085 742 3163 incidIsse,
752 3094 787 3147 ut
798 3102 859 3162 quo
872 3087 922 3147 die
933 3088 973 3147 ad
983 3087 1107 3162 Magne·

12 3210 14 3255 :
134 3170 209 3232 elam
224 3172 321 3248 signis
337 3172 455 3237 collatis
466 3171 500 3232 L.
513 3169 617 3248 Scipio
628 3171 812 3232 Antiochum
826 3169 1000 3246 devicisset,
1016 3186 1107 3245 aeger
1141 3175 1144 3180 ’

133 3250 163 3311 Ρ.
180 3254 283 3330 Scipio
298 3257 410 3317 Elaeae
431 3256 547 3317 dierum
567 3256 684 3331 aliquot
704 3254 753 3315 via
773 3254 905 3333 abesset.
934 3272 994 3317 non
1010 3254 1107 3314 luisse

134 3337 278 3398 minorem
299 3354 368 3401 eum
390 3340 556 3402 exercitum
578 3338 880 3414 quam-Hannibalis,
903 3354 972 3400 cum
994 3352 1054 3412 quo
1076 3337 1106 3396 in

134 3417 237 3480 Africa
251 3427 336 3482 esset
353 3431 530 3498 pugnatum.
561 3420 758 3481 Hannibalem
772 3422 905 3482 eundem
919 3419 1016 3481 luisse
1029 3418 1107 3480 inter
