2600 4000
193 314 195 318 .
234 229 278 292 98
368 226 485 290 LIBER
497 225 630 285 XXXIII.
651 224 727 285 cAP
753 231 795 287 17.
811 232 854 287 16.
877 229 914 297 [a.
929 229 965 281 U.
981 245 1006 281 c.
1021 230 1083 296 665]

237 378 361 457 quidam
374 375 471 440 Italici
485 374 623 452 generis,
638 373 782 435 Leueade
797 371 985 446 habitantes,
1000 373 1039 432 ab
1053 388 1124 434 arce
1139 370 1213 434 mili-

237 472 283 525 tes
297 459 501 537 accepissent.
522 475 578 521 ees
595 466 696 532 tamen
711 474 751 517 ex
764 454 926 532 superiore
937 456 1007 516 loco
1023 472 1215 531 magnacum

236 546 364 608 tumultu
378 545 595 616 decurrentes,
610 540 677 603 acie
691 539 723 601 in
738 542 805 603 iore
820 538 983 612 inaurea,
998 537 1079 600 iusto
1094 540 1214 614 proelio

235 627 424 705 aliquamdiu
436 624 584 688 Leucadii
598 624 818 686 sustinuerunt
839 620 959 686 interim
973 630 1004 684 ct
1018 623 1111 684 scalis
1126 632 1216 700 capta

234 710 338 773 multis
362 709 439 773 locis
460 708 597 782 moenia,
624 717 656 769 et
675 724 733 783 per
753 716 886 781 stragem
907 704 1044 781 tapidum
1058 722 1095 767 ae
1109 706 1215 767 ruinas

235 805 448 858 transcensum
460 792 623 854 inurbem.
665 791 788 866 iamque
807 789 876 865 ipse
897 790 1015 865 legatus
1036 806 1147 865 magno
1163 807 1220 866 ag-,

235 878 316 940 mine
331 877 573 940 circumvenerat
585 883 770 951 pugnantes.
793 882 944 949 tumpars
959 872 989 932 in
1003 874 1105 936 medio
1115 873 1215 947 eaesi,

235 980 308 1039 pars
321 960 415 1024 armis
430 958 558 1021 abiectis
573 958 757 1020 dediderunt
771 973 843 1020 sese
855 954 974 1018 victori.
1010 966 1041 1018 et
1061 965 1134 1033 post
1147 956 1215 1019 dies

235 1061 363 1122 paucos,
378 1041 481 1106 audite
496 1041 632 1120 proelio,
648 1059 710 1118 quo
725 1043 765 1104 ad
781 1039 1032 1118 Cynoscephalas
1047 1049 1215 1116 pugnaturn

235 1137 309 1202 erat,
324 1144 433 1190 omnes
452 1126 646 1187 Acarnaniae
667 1124 776 1202 populi
793 1124 826 1186 in
848 1122 1000 1185 dicionem
1015 1124 1106 1199 legati
1120 1141 1215 1187 vene-

235 1219 313 1272 runt.
1222 1239 1223 1242 ¹

316 1294 414 1354 XVlll
434 1292 548 1355 lisdem
560 1290 679 1366 diebus,
693 1289 795 1353 omnia
806 1289 896 1351 simul
907 1288 1072 1352 inclinante
1083 1291 1214 1367 fortuna,

234 1376 347 1439 Rhodii
368 1392 494 1453 queque
514 1377 556 1437 ad
580 1375 796 1438 vindicandam
821 1392 840 1434 a
863 1372 1005 1450 Philippo
1030 1373 1215 1437 continentis

233 1460 756 1540 regionem-Pemeamvoeont-
764 1474 946 1535 possessam
957 1456 1124 1520 maioribus
1137 1458 1213 1531 suis,

233 1542 453 1607 Pausistratum
473 1552 647 1619 praetorem
669 1559 738 1604 cum
759 1540 941 1617 octingenu's
954 1541 1089 1603 Achaeis
1104 1541 1215 1618 pediti·

233 1631 302 1701 bun,
318 1626 400 1689 mille
413 1636 445 1690 et
458 1626 621 1709 nongentis
637 1625 839 1687 iercarmatis
851 1642 891 1686 ex
902 1623 986 1686 vario
998 1640 1111 1701 genere
1125 1625 1215 1710 enrri-

234 1712 344 1774 liorum
359 1710 506 1786 collectio,
521 1710 683 1781 miserunt;
699 1708 776 1770 Galli
790 1716 820 1770 et
833 1707 974 1770 Pisuetae
985 1716 1016 1770 et
1026 1708 1170 1771 Nisuetae
1185 1719 1215 1771 et

234 1794 369 1857 Tamiani
390 1803 421 1858 et
440 1793 515 1857 Arei
537 1810 578 1856 ex
596 1792 704 1856 Africa
723 1802 754 1856 et
773 1791 941 1854 Laodiceni
960 1809 999 1853 ex
1018 1791 1096 1854 Asia
1116 1801 1214 1855 erant.

234 1897 304 1940 eum
317 1878 356 1940 iis
372 1878 471 1954 copiis
477 1876 684 1940 Pausistratus
698 1876 842 1938 Tendeba
857 1874 887 1936 in
900 1875 1121 1939 Stratonicensi
1135 1894 1214 1954 agro

234 1964 335 2024 locum
349 1968 612 2039 peropportunum
627 1960 741 2039 ignaris
750 1959 855 2037 regiis
872 1959 924 2037 qui
936 1968 1104 2038 tenuerant,
1119 1977 1214 2025 oceu-

233 2045 326 2122 pavit.
348 2045 379 2106 in
394 2053 531 2122 tempore
546 2054 577 2109 et
590 2048 631 2109 ad
645 2046 678 2108 id
692 2045 793 2123 ipsum
808 2044 941 2106 excitum
953 2045 1115 2120 auxilium,
1129 2045 1214 2108 mille

233 2129 350 2192 Achaei
379 2128 501 2205 pedites
527 2147 596 2192 eum
624 2138 746 2192 centum
771 2128 925 2205 equitibus
951 2140 1212 2205 superveneruntr

232 2214 416 2275 Theoxenus
430 2213 469 2275 iis
484 2223 634 2290 praeerat
656 2214 838 2276 Dinocrates
852 2211 955 2288 regius
970 2215 1148 2290 praefectus
1162 2232 1212 2276 re-

232 2296 391 2374 ciperandi
416 2296 534 2359 castelli
559 2315 654 2360 causa
676 2297 773 2373 primo
796 2304 897 2358 castra
915 2297 957 2357 ad
976 2295 1046 2374 ipsa
1066 2298 1212 2360 Tendeba

232 2389 349 2453 movet,
378 2380 450 2441 inde
469 2381 510 2441 ad
529 2383 659 2443 alterurn
679 2381 853 2454 castellian,
878 2379 950 2441 item
971 2379 1211 2443 Stratonicensis

232 2463 312 2539 agri:
325 2464 481 2536 Astragon
496 2473 619 2524 vocant.
660 2463 864 2539 omnibusque
879 2481 919 2525 ex
933 2464 1111 2540 praesidiis,
1127 2482 1211 2541 quae

232 2542 570 2606 multifariamdisieeta
584 2554 680 2620 erant,
695 2546 864 2622 devocatis,
878 2555 909 2609 et
924 2547 1045 2624 abipsa
1060 2547 1210 2610 Stratoni-

232 2644 288 2689 cea
300 2627 518 2689 Thessalorum
531 2627 746 2706 auxiliaribus,
770 2631 811 2691 ad
830 2631 1007 2706 Alabanda,
1027 2631 1080 2692 ubi
1099 2631 1210 2694 hostes

231 2717 325 2783 erant,
341 2710 455 2773 ducere
469 2711 578 2787 pergit.
605 2730 663 2775 nee
677 2713 789 2775 Rhodii
804 2730 939 2790 pugnam
953 2717 1209 2779 detractaverunt

230 2793 272 2854 ita
286 2793 396 2856 cannis
411 2795 442 2855 in
456 2795 665 2873 propinquum
680 2796 799 2860 collatis
814 2799 968 2874 extemplo
988 2800 1018 2860 in
1037 2798 1134 2860 aciem
1154 2800 1208 2860 de·

231 2892 376 2939 seersum
397 2887 454 2940 est.
493 2878 674 2945 Dinocrates
697 2880 881 2959 quingentos
894 2883 1084 2945 Macedonas
1098 2883 1207 2945 dextro

230 2977 335 3036 cornu,
347 2961 595 3038 laevoAgrianas
607 2968 697 3039 locat,
713 2965 743 3028 in
756 2965 889 3027 medium
900 2966 1021 3043 accepit
1032 2974 1207 3029 cerbanos

230 3061 269 3105 ex
283 3047 524 3109 castellorum—
533 3048 625 3110 cares
640 3048 771 3111 maxime
786 3059 919 3111 erant-
930 3049 1102 3126 praesidiis,
1119 3048 1207 3125 cqui-

229 3137 275 3188 tes
290 3128 434 3191 cornibus
449 3129 616 3195 circumdat
627 3133 853 3196 etCretensium
863 3132 1028 3196 anxilmres
1042 3134 1207 3195 Thracum·

230 3228 299 3287 que.
321 3212 434 3276 Rhodii
444 3215 589 3277 Achaeos
601 3217 709 3279 dextro
722 3234 826 3292 comu,
839 3217 963 3281 sinistro
976 3215 1206 3279 mercennarios

229 3293 353 3370 milites,
374 3297 484 3358 lectam
496 3298 633 3374 peditum
647 3318 784 3375 manum,
805 3302 954 3375 habuere,
977 3301 1096 3363 medios
1110 3300 1206 3360 mixta

228 3393 267 3438 ex
281 3378 420 3454 pluribus
434 3380 575 3457 gentibus
590 3384 718 3458 auxilia,
740 3383 860 3460 equites
875 3384 1017 3462 levisque
1031 3392 1204 3445 armaturae

226 3462 407 3538 quoderat,
426 3464 570 3527 cornibus
591 3467 827 3529 cucumieetum.
854 3486 892 3530 ce
908 3468 958 3530 die
973 3475 1123 3531 steterunt
1135 3474 1203 3530 tan-
