2600 4000
262 265 378 327 LIBER
390 266 539 326 XXXVII.
561 266 644 326 CAP.
658 275 701 330 29·
713 273 757 329 30·
779 275 815 341 [a.
828 273 859 326 c.
872 276 933 342 190]
1020 268 1083 334 287

1 409 2 466 Ψ
103 423 195 496 portu
209 417 240 477 in
255 418 347 478 altum
362 422 487 478 evectus
501 416 661 492 excipiens
675 415 881 491 insequentis,
904 434 961 479 suo
977 435 1083 495 quam-

103 515 166 577 que
187 500 294 561 ordine
308 500 339 560 in
353 501 483 561 hortem
497 499 710 572 instruxisset,
731 499 888 561 Eudamus
902 501 1084 580 Rhodiaque

103 584 216 645 classis
227 583 437 645 substitissent
446 584 486 644 ad
497 589 616 655 terram,
632 588 666 644 ut
676 589 706 645 ιι
717 583 783 644 sine
794 583 998 659 trepidatione
1009 600 1082 647 oon-

103 667 300 742 seenderent,
315 673 346 728 et
357 673 392 728 ut
406 681 548 743 quaeque
564 674 671 742 parata
685 673 783 741 esset,
805 666 902 728 exiret
919 669 1016 730 navis.
1043 671 1084 732 ita

103 759 135 812 ιι
158 750 335 826 explicuere
363 751 501 812 ordinem
526 752 643 826 primae
672 750 702 810 in
728 758 898 826 conspectu
923 754 1082 829 praetoris,

1 863 2 936 n
102 842 133 896 et
157 841 296 894 coactum
321 850 430 910 agmen
454 834 494 894 ab
512 833 641 895 Rhodiis
662 841 725 905 est;
757 834 968 910 instructaque
989 837 1082 911 acies,

103 919 187 978 velut
207 925 368 978 cernerent
386 917 506 993 regios,
527 918 558 978 in
579 919 672 978 altum
691 918 853 993 processit.
875 920 954 980 inter
973 919 1082 998 Myon·

1 1073 2 1084 ἵ
102 1017 212 1062 nasum
226 1008 258 1062 et
268 1002 420 1080 corpemn
435 1000 678 1077 promunturium
690 1008 783 1076 erant,
800 1016 867 1062 cum
878 1001 999 1064 hostem
1010 1019 1083 1065 con-

101 1100 244 1162 spexere.
267 1091 296 1145 et
309 1084 395 1161 regia
409 1082 534 1160 classis,
549 1082 631 1145 binis
645 1084 675 1145 in
692 1085 830 1146 ordinem
843 1087 974 1148 navibus
989 1088 1081 1163 longe

102 1168 223 1245 agmine
244 1169 387 1244 veniens,
409 1175 439 1230 et
456 1169 526 1244 ipsa
544 1169 640 1229 aciem
656 1168 818 1230 adversam
832 1170 980 1245 explicuit
993 1172 1082 1233 laevo

102 1258 219 1314 tantum
247 1259 355 1314 evecta
383 1268 495 1326 cornu,
522 1258 555 1314 ιιι
569 1253 710 1328 amplecti
735 1259 766 1312 et
790 1253 918 1314 circuire
942 1254 1083 1317 dextrum

103 1352 200 1398 cnmu
214 1336 422 1397 Romanorum
436 1343 553 1412 posset.
577 1337 662 1412 quod
675 1336 727 1397 ubi
742 1336 907 1412 Eudamus,
924 1338 976 1413 qui
992 1354 1081 1415 coge-

17 1473 23 1481 .
103 1421 155 1481 bat
168 1435 288 1495 agmen,
301 1418 387 1496 vidit,
401 1435 462 1480 non
479 1434 575 1495 posse
585 1435 720 1494 aequare
735 1420 874 1481 ordinem
883 1422 1042 1484 Romanos
1053 1429 1083 1483 ιι

103 1510 218 1564 tanturn
238 1520 301 1564 non
315 1502 376 1565 iam
391 1502 511 1564 circuiri
528 1505 567 1564 ab
581 1504 690 1565 dextro
706 1520 816 1579 comu,
839 1506 971 1566 concitat
986 1522 1083 1567 naves

105 1622 142 1632 -
156 1594 186 1649 ιι
199 1595 286 1649 erant
306 1603 402 1648 naves
415 1586 556 1649 Rhodiae
572 1588 664 1663 longe
679 1588 814 1650 omnium
829 1589 1005 1648 celerrimae
1019 1595 1083 1649 tota

104 1673 272 1746 classe—,
288 1679 481 1748 aequatoque
502 1687 599 1733 cornu
613 1673 785 1747 praetoriae
799 1671 884 1744 navi,
905 1671 936 1730 in
952 1687 1013 1745 qna
1026 1670 1082 1731 Po-

103 1756 267 1833 lyxenidas
279 1763 354 1830 erat,
370 1773 457 1819 suam
472 1756 592 1817 obiecit.
625 1755 717 1816 XXX.
739 1753 800 1815 iam
814 1754 885 1814 totis
900 1754 990 1813 simul
1005 1756 1081 1814 clas-

104 1838 190 1901 sibus
211 1840 251 1900 ab
272 1839 356 1901 omni
377 1847 463 1916 parte
483 1855 588 1915 pugna
607 1844 750 1899 conserta
770 1843 843 1896 erat.
878 1836 916 1896 ab
937 1836 1083 1898 Romanis

91 1921 259 1999 octoginta
277 1940 374 1985 naves
395 1923 587 1999 pugnabant,
608 1936 647 1980 ex
669 1920 781 1995 quibus
795 1918 934 1980 Rhodiae
954 1920 1034 1981 duae
1054 1927 1085 1980 ιι

102 2005 207 2082 viginti
221 2014 322 2067 erantr
343 2007 478 2067 hostium
493 2004 603 2065 classis
618 2003 865 2079 undenonaginta
881 2003 1003 2066 navium
1018 2007 1082 2079 luit

102 2098 133 2151 ιι
153 2088 306 2150 maximae
330 2090 446 2148 formae
469 2101 566 2147 naves
591 2094 654 2148 tres
675 2085 806 2148 hexeres
830 2088 977 2162 habebat,
1006 2090 1083 2151 duas

102 2173 257 2247 hepteres.
283 2170 395 2232 robore
410 2171 530 2231 navium
545 2177 575 2232 ιι
588 2169 698 2231 virtute
710 2170 836 2230 militum
850 2172 979 2233 Romani
993 2174 1084 2247 longe
1148 2227 1151 2232 .

102 2255 206 2329 regios
222 2254 425 2329 praestabant,
440 2253 580 2315 Rhodiae
594 2268 691 2314 naves
705 2254 838 2329 agilitate
852 2260 883 2315 ιι
896 2261 962 2315 arte
971 2256 1084 2329 gnber-

103 2344 245 2400 natorum
267 2346 298 2400 ιι
316 2336 444 2400 scicntia
467 2338 630 2413 remigum:
662 2338 794 2400 maximo
820 2344 920 2398 tamen
943 2337 1083 2400 hostibus

104 2421 211 2483 terrori
226 2422 313 2484 luere
328 2438 408 2498 quae
421 2422 509 2498 ignes
525 2437 600 2497 prae
615 2423 839 2498 separabant,
854 2427 884 2482 et
896 2423 979 2496 quod
990 2438 1083 2482 unum

103 2507 141 2567 iis
157 2507 197 2566 ad
210 2505 414 2568 Panhormum
429 2505 643 2567 circumventis
659 2506 749 2567 saluti
764 2507 877 2580 luerat,
898 2505 931 2564 id
943 2511 1006 2566 tum
1020 2522 1084 2565 ma·

1 2650 2 2655 ,
103 2591 218 2652 ximum
237 2599 422 2652 momentum
435 2591 475 2651 ad
489 2590 647 2651 materiam
662 2589 726 2651 luit.
756 2606 826 2650 nam
840 2595 923 2651 metu
936 2588 1015 2665 ignis
1030 2589 1084 2649 nd·

1 2672 2 2675 ’
102 2674 185 2736 versi
205 2673 310 2751 regiae
330 2690 443 2748 naves,
457 2689 497 2734 ne
517 2690 627 2749 prorae
649 2679 880 2749 concurrerent,
903 2689 972 2735 cum
990 2671 1083 2734 decli-

103 2763 244 2830 nassent,
271 2772 372 2833 neque
397 2756 485 2831 ipsae
505 2758 595 2817 ferire
616 2764 716 2818 rostro
735 2756 857 2819 hostem
878 2761 1034 2832 poterant,
1055 2762 1085 2816 ιι

104 2838 247 2915 obliquas
266 2841 404 2915 seipsae
418 2840 457 2899 ad
471 2840 550 2900 ictus
571 2840 772 2915 praebebant,
793 2847 823 2900 ιι
836 2840 862 2900 si
879 2855 940 2915 qua
955 2856 1083 2900 concur·

103 2930 201 2999 rerat,
226 2923 412 2985 obruebatur
437 2921 541 2983 inluso
562 2923 638 2998 igni,
665 2924 825 2998 magisque
845 2923 886 2982 ad
909 2923 1083 2984 incendium

104 3023 197 3084 quam
217 3008 259 3070 ad
278 3008 428 3083 proelium
447 3005 649 3081 trepidabant.
686 3007 848 3082 plurimum
867 3012 983 3080 tamen,
1005 3021 1084 3083 quae

104 3092 191 3166 solet,
203 3090 330 3153 militum
340 3091 436 3152 virtus
448 3091 477 3150 in
489 3089 570 3151 bello
583 3090 685 3151 valuit.
700 3090 832 3151 mediam
842 3105 976 3167 namque
987 3091 1084 3151 aciem

103 3174 237 3237 hostium
249 3175 379 3237 Romani
393 3190 463 3236 cum
476 3174 646 3250 rupissent,
663 3174 856 3235 circumventi
873 3174 912 3234 ab
926 3182 1012 3250 tergo
1027 3191 1084 3249 pu·

104 3259 266 3333 gnantibus
278 3259 574 3322 adversusRhndios
585 3257 680 3335 regiis
691 3274 764 3320 sese
776 3259 932 3329 obiecere3
948 3273 1083 3320 momen-

1 3340 2 3369 ι
104 3347 199 3417 toque
220 3344 366 3421 temporis
387 3351 417 3406 ct
438 3343 539 3404 media
560 3344 643 3404 acies
663 3343 806 3404 Antiochi
827 3351 858 3404 ct
877 3343 1084 3404 laevocornu

105 3425 329 3489 circumventae
356 3443 452 3489 naves
475 3426 697 3502 mergebantur.
735 3427 841 3487 dextra
869 3442 941 3501 pars
967 3426 1084 3498 integra

1 3552 2 3561 ι
105 3508 260 3572 sociorum
271 3511 369 3587 magis
382 3512 469 3572 clade
480 3527 571 3586 quam
583 3525 640 3570 suo
653 3510 790 3585 periculo
803 3510 980 3570 terrebatur.
1003 3510 1081 3566 cete·
