2600 4000
216 267 279 333 lm
355 267 615 330 umuaxxxur.
638 266 1053 343 cAr.sa.ao.p.u.0.eee1

215 432 320 485 serant
332 429 447 500 portas,
463 420 662 482 circumdedit
675 419 797 480 moenia
809 419 951 491 armatis;
973 427 1004 482 et
1016 419 1077 481 iam
1095 437 1191 497 opera

215 507 388 569 admoventi
400 505 514 566 deditio
525 506 605 564 lacta
616 510 673 564 est.
695 502 776 563 idem
785 509 885 564 metus
897 503 1020 564 Sestum
1030 505 1191 565 incolentis

214 592 353 667 aliasque
367 589 552 650 Chersonesi
571 588 664 648 urbes
679 588 710 647 in
725 587 911 648 deditionem
926 587 1019 648 dedit
1050 581 1189 666 Lysima-

215 675 313 736 chiam
333 674 405 734 inde
424 672 565 734 omnibus
586 671 677 731 simul
696 670 856 731 navalibus
876 671 1073 732 terrestribus
1093 673 1191 748 copiis

213 760 304 819 venit
321 772 413 834 quam
425 772 494 817 eum
505 755 659 816 desertam
669 769 707 813 ac
718 760 843 814 suetam
855 770 954 830 prope
965 768 1086 816 omnem
1095 753 1191 816 ruinis
1292 793 1293 808 ,

214 842 437 903 invenisset—
452 845 597 914 ceperant
627 846 728 898 autem
755 838 969 913 direptamque
995 838 1193 899 incenderant

212 925 345 985 Thraces
371 922 478 997 paucis
503 928 573 981 ante
597 919 754 1002 aunis-,
782 921 894 996 cupido
920 937 990 981 eum
1013 922 1192 983 restituendi

213 1009 344 1070 nobilem
369 1005 477 1067 urbem
501 1011 531 1064 et
555 1007 624 1065 loeo
650 1005 739 1064 sitam
764 1011 940 1080 opportuno
965 1005 1056 1079 cepit
1089 1006 1192 1080 itaque

215 1091 316 1153 omnia
333 1089 424 1150 simul
438 1093 486 1149 est
499 1089 684 1163 adgressus,
705 1093 736 1148 et
748 1094 829 1149 tecta
846 1104 952 1149 muros
965 1088 1142 1167 restituere,
1164 1095 1193 1148 et

213 1174 323 1252 partim
341 1173 492 1232 redimere
512 1171 673 1233 servientis
693 1170 968 1249 Lysimachenses,
989 1172 1099 1247 partim
1121 1173 1193 1247 luga

216 1273 346 1333 sparsos
372 1271 428 1331 per
446 1256 678 1331 Hellespontum
697 1254 986 1332 Chersonesumque
1011 1256 1192 1331 conquirere

213 1349 245 1402 et
265 1338 458 1414 contrahere,
481 1339 592 1413 partim
612 1354 712 1399 novos
733 1340 863 1400 colonos
884 1355 942 1415 spe
962 1340 1192 1400 commodorum

213 1425 375 1501 proposita
395 1422 586 1494 adscribere,
607 1427 639 1481 et
658 1423 740 1482 omni
761 1423 853 1483 modo
869 1424 1081 1499 frequentare:
1103 1424 1192 1483 simul

213 1515 247 1570 ut
259 1508 410 1569 Thracum
424 1510 667 1567 summoveretur
679 1512 794 1580 metus,
809 1506 878 1582 ipse
892 1513 980 1582 parte
994 1505 1120 1566 dimidia
1135 1513 1192 1566 ter·

213 1592 356 1653 restrium
371 1589 531 1667 copiarum
546 1588 586 1649 ad
602 1588 820 1664 depopulanda
833 1590 975 1665 proxima
984 1589 1132 1650 Thraciae
1146 1597 1193 1650 est

213 1676 388 1751 prolectusr
417 1680 536 1750 partem
560 1671 741 1748 navalisque
766 1673 864 1732 omnis
890 1671 994 1735 socios
1018 1673 1142 1749 reliquit
1161 1673 1192 1732 in

214 1758 360 1835 operibus
373 1757 559 1820 reficiendae
572 1754 667 1817 urbis.

296 1841 429 1903 XXXIX.
454 1839 518 1902 Sub
533 1839 593 1901 hoc
606 1845 728 1914 tempus
742 1847 772 1899 et
785 1838 819 1897 L.
835 1840 1009 1914 Cornelius,
1023 1840 1139 1900 missus
1153 1840 1192 1900 ah

214 1933 324 1986 senatu
352 1926 393 1984 ad
418 1924 587 1983 dirimenda
613 1923 692 1982 inter
715 1920 899 1984 Antiochum
926 1923 1194 1998 Ptolemaeumque

214 2024 304 2084 reges
317 2008 490 2082 certamina,
499 2006 690 2086 Selymbriae
701 2006 849 2079 substitit;
865 2015 895 2068 et
907 2009 1013 2068 decem
1023 2010 1194 2082 legatorum

212 2092 245 2152 P.
257 2093 402 2152 Lentulus
417 2089 608 2168 aBargyliis
619 2090 652 2149 P.
663 2088 774 2152 Villius
786 2097 816 2151 et
825 2091 858 2156 L.
870 2091 1028 2151 Terentius
1042 2091 1080 2150 ab
1090 2090 1193 2151 Thaso

213 2174 439 2255 Lysimachiam
459 2176 620 2252 petierunt.
653 2174 764 2236 eodem
785 2181 816 2235 et
828 2176 867 2235 ab
884 2174 1058 2252 Selymbria
1070 2174 1104 2234 L.
1121 2175 1193 2236 cor-

214 2260 311 2321 nelius
332 2267 416 2321 etex
429 2259 557 2319 Thracia
576 2273 694 2336 paucos
715 2265 788 2334 post
808 2258 875 2318 dies
889 2256 1060 2318 Antiochus
1081 2273 1194 2320 conve
1269 2309 1273 2317 .

214 2351 332 2406 nerunt.
362 2344 479 2419 primus
500 2357 688 2416 congressus
703 2357 772 2402 cum
785 2340 894 2416 legatis
910 2348 940 2401 et
954 2339 1102 2416 deinceps
1116 2342 1193 2402 invi-

215 2428 286 2489 tatio
306 2426 439 2502 benigua
461 2431 492 2485 ct
503 2424 665 2500 hospitalis
686 2425 751 2483 luit.
782 2430 817 2484 ut
830 2423 871 2485 de
883 2425 1035 2485 mandatis
1050 2430 1195 2501 statuque

214 2509 368 2584 praesenti
381 2506 477 2567 Asiae
498 2507 548 2581 agi
568 2514 713 2580 coeptum
733 2512 794 2580 est,
815 2507 908 2568 animi
922 2505 1097 2584 exasperati
1110 2515 1192 2569 sunt.

213 2591 343 2655 Romani
363 2589 466 2659 omnia
485 2596 554 2648 acta
568 2591 651 2662 eius,
671 2604 711 2648 ex
727 2606 788 2665 quo
803 2599 941 2668 ternpore
954 2593 993 2652 ab
1009 2591 1102 2669 Syria
1115 2593 1196 2652 elas-

214 2689 280 2734 sem
294 2672 448 2745 solvisset,
465 2670 630 2747 displicere
643 2675 762 2734 senatui
773 2689 836 2733 oon
847 2674 1090 2750 dissimulabant,
1104 2674 1179 2735 resti

212 2752 319 2831 tuique
340 2763 371 2818 et
390 2755 564 2817 Ptolemaeo
588 2772 695 2818 omnes
716 2757 854 2818 civitates
876 2775 957 2834 quae
977 2757 1107 2820 dicionis
1124 2759 1193 2818 eius

213 2841 345 2901 luissent
366 2855 498 2915 aequum
518 2842 699 2902 censebam
729 2857 800 2901 nam
821 2843 905 2916 quod
925 2843 966 2902 ad
986 2857 1041 2902 eas
1056 2842 1193 2902 civitates

213 2923 354 2984 attineret
374 2939 452 2999 quas
467 2922 639 3001 aPhilippo
660 2940 828 3002 possessas
841 2925 1014 2987 Antiochus
1029 2941 1086 3001 per
1101 2940 1192 2985 occa-

214 3006 349 3081 sionem,
376 3023 487 3067 averso
507 3006 649 3083 Philippo
670 3009 701 3068 in
720 3010 891 3070 Romanum
912 3010 1040 3085 bellum,
1061 3009 1193 3069 interce·

213 3090 320 3164 pisset,
335 3090 368 3151 id
377 3105 452 3151 vero
464 3091 623 3152 ferendum
635 3108 698 3153 non
709 3108 790 3165 esse,
801 3094 960 3154 Romanos
970 3109 1027 3169 per
1037 3099 1083 3154 tot
1094 3107 1194 3152 annos

213 3178 296 3233 terra
315 3175 453 3250 marique
473 3180 557 3234 tanta
570 3175 707 3249 pericula
721 3191 757 3237 aa
771 3177 893 3237 labores
908 3176 1108 3252 exhausisse,
1129 3176 1192 3237 An·

213 3253 348 3316 tiochum
365 3256 438 3318 belli
452 3257 589 3332 praemia
601 3257 726 3319 habere.
758 3261 815 3320 sed
828 3268 862 3322 ut
875 3261 906 3321 in
920 3261 1027 3321 Asiam
1042 3260 1193 3320 adventus

214 3339 280 3399 eius
299 3339 486 3400 dissimulari
503 3341 541 3401 ab
555 3342 702 3403 Romanis
716 3350 870 3419 tamquam
884 3343 958 3404 nihil
976 3346 1016 3405 ad
1029 3360 1085 3405 eos
1101 3345 1193 3419 perti-
1291 3342 1293 3379 ³

215 3437 290 3482 nens
305 3423 447 3499 potuerlt,
464 3422 560 3499 quidt
574 3427 658 3502 quod
669 3427 829 3487 iametiam
840 3428 870 3487 in
880 3429 1037 3504 Europam
1049 3428 1193 3488 omnibus
1292 3488 1293 3497 ,

214 3506 375 3567 navalibus
399 3508 656 3584 terrestribusque
681 3510 778 3586 copiis
806 3511 973 3586 transierit,
1003 3518 1150 3587 quantum
1174 3526 1192 3569 a
