2600 4000
199 218 241 284 ea
321 216 436 278 amun
449 190 568 275 xxxu
591 213 841 277 caemento.
863 215 899 292 [a.
912 219 948 272 n.
961 220 1060 293 aaa]

201 375 277 434 duas
303 371 388 431 iaces
414 363 597 429 novantibus
618 383 669 428 res
690 368 730 427 ad
751 368 873 442 plebem
893 368 923 428 in
946 369 1106 444 optimates
1128 388 1177 433 ac·

201 455 400 518 condendam.

283 537 415 600 XXXIX.
445 535 612 609 Postquam
639 534 670 593 in
691 540 843 609 potestate
862 536 1047 611 Argivorum
1071 538 1178 600 civitas

201 628 278 697 erat,
299 620 373 681 nihil
390 619 458 680 eius
472 634 590 679 memor
602 622 768 697 tyrannus,
789 635 884 694 aquo
900 635 967 680 eam
984 620 1135 682 civitatem
1150 629 1181 684 at

200 708 230 766 in
242 722 334 782 quam
346 700 558 765 condicionem
569 701 751 777 accepisset,
763 702 882 778 legatos
891 703 1028 765 Elateam
1039 705 1080 765 ad
1087 704 1177 779 Quin-

202 789 293 852 etium
307 794 338 848 et
349 788 482 849 Attalum
495 784 633 861 Aeginae
646 784 857 846 hibernantem
871 786 971 861 mittit,
995 787 1048 864 qui
1062 791 1176 849 nuntia-

199 880 267 939 rent
280 875 383 946 Argos
404 869 435 929 in
451 875 601 945 potestate
616 885 673 929 sua
688 885 774 930 esse=
795 885 833 930 eo
849 868 876 930 si
890 870 1008 932 veniret
1022 871 1179 947 Quinctius

201 959 241 1018 ad
257 954 457 1030 colloquium,
479 969 541 1014 non
564 951 705 1014 diiiidere
720 951 778 1014 sibi
793 953 897 1016 omnia
909 970 978 1016 cum
992 972 1030 1017 eo
1045 972 1179 1017 conven-

201 1048 277 1102 tura.
308 1035 464 1112 Quinctius
484 1042 518 1097 ut
532 1052 569 1096 eo
586 1052 711 1113 quoque
726 1037 880 1112 pracsidio
895 1037 1068 1115 Philippum
1081 1041 1179 1101 nuda·

200 1130 260 1197 ret,
283 1119 354 1182 eum
366 1119 524 1181 adnuisset
538 1136 573 1180 se
587 1126 762 1195 venturum,
778 1121 865 1183 mittit
879 1123 919 1182 ad
935 1123 1076 1197 Attalum,
1092 1132 1125 1184 ut
1139 1124 1179 1183 ab
1196 1195 1199 1200 ‚

199 1205 320 1281 Aegina
336 1204 502 1281 Sicyonem
523 1202 582 1264 sibi
603 1212 793 1276 occurreret;
816 1205 884 1280 ipse
905 1206 943 1266 ab
956 1207 1105 1285 Anticyra
1125 1207 1178 1267 de-

201 1306 267 1350 cem
282 1288 562 1365 quinqueremibus,
585 1305 663 1363 quas
677 1289 715 1348 iis
730 1290 808 1348 torte
822 1289 898 1364 ipsis
914 1290 1022 1351 diebus
1037 1291 1071 1350 L.
1087 1290 1176 1365 Quin·

201 1374 278 1434 etius
300 1375 392 1433 irater
407 1372 473 1433 eius
489 1371 661 1431 adduxerat
674 1388 713 1431 ex
727 1371 863 1433 hibernis
879 1373 1048 1453 Corcyrae,
1070 1373 1173 1449 Sicyo·

200 1472 270 1517 nem
290 1455 435 1517 tramisit
461 1457 521 1515 iam
540 1455 582 1515 ibi
594 1456 716 1517 Attalus
737 1462 817 1526 erat;
843 1457 895 1532 qui
911 1473 980 1518 cum
992 1466 1123 1536 tyranno
1139 1458 1177 1522 ad

200 1544 370 1604 Romanum
390 1540 618 1614 imperatorem,
639 1556 701 1600 non
714 1540 853 1601 Romano
874 1541 915 1600 ad
930 1547 1092 1618 tyrannum
1106 1558 1178 1603 enn-

200 1626 272 1687 dum
294 1624 422 1698 diceret,
443 1624 473 1683 in
489 1623 669 1683 sententiam
685 1640 771 1683 suam
787 1623 958 1698 Quinctium
971 1627 1118 1700 traduxit,
1140 1640 1180 1685 ne

199 1710 230 1769 iu
244 1707 352 1769 urbem
372 1706 474 1783 ipsam
486 1708 589 1781 Argos
604 1707 671 1768 iret.
706 1707 789 1767 haud
807 1710 914 1782 procul
927 1710 1004 1769 urbe
1018 1708 1177 1789 Mycenica

200 1799 342 1853 vocatur:
357 1790 387 1851 in
400 1807 437 1852 eo
452 1792 521 1852 loeo
534 1796 568 1851 ut
578 1791 837 1866 congrederentur
849 1793 998 1852 convenit.
1022 1793 1178 1867 Quinctius

201 1892 270 1936 eum
291 1875 382 1935 iratre
403 1882 433 1935 et
446 1872 575 1935 tribunis
590 1873 716 1937 militum
731 1876 854 1950 paucis,
874 1877 996 1942 Attalus
1011 1893 1080 1938 oum
1093 1876 1178 1952 regio

201 1960 353 2034 comitatu,
364 1958 554 2020 Nicostratus
560 1957 756 2020 Achaeorum
768 1968 891 2035 praetor
902 1976 970 2021 cum
983 1961 1179 2022 auxiliaribus

202 2043 308 2118 paucis
324 2043 416 2103 venit.
435 2050 600 2121 tyrannum
616 2043 658 2104 ibi
673 2059 741 2103 cum
754 2044 895 2105 omnibus
907 2044 1004 2120 copiis
1017 2045 1178 2121 opperien-

201 2135 260 2187 tem
275 2127 466 2187 inveuerunt.
500 2143 687 2203 progressus
702 2136 835 2190 armatus
852 2143 921 2189 eum
935 2129 1116 2191 satellitibus
1131 2145 1179 2189 ar·

200 2211 289 2270 matis
315 2211 412 2272 estin
432 2210 565 2271 medium
586 2212 650 2272 lare
676 2212 883 2272 interiacentis
906 2213 1021 2288 campi=
1056 2213 1178 2274 inermis

201 2293 358 2369 Quinctius
380 2311 450 2355 cum
470 2296 563 2355 iratre
583 2302 615 2355 et
628 2295 750 2356 duobus
764 2295 894 2356 tribunis
908 2293 1051 2373 militum,
1072 2297 1179 2357 inermi

201 2379 271 2439 item
284 2376 350 2451 regi
370 2383 494 2452 praetor
506 2378 700 2438 Achaeorum
716 2386 746 2439 et
759 2396 839 2440 unus
854 2396 894 2439 ex
910 2381 1084 2456 purpuratis
1100 2383 1179 2442 latus

202 2460 372 2535 cingebant.
404 2459 521 2519 initium
542 2459 693 2520 sermonis
715 2462 753 2520 ab
774 2463 973 2523 excusatione
993 2463 1115 2543 tyranni
1130 2481 1179 2544 or·

202 2553 272 2616 tum,
289 2542 374 2616 quod
388 2548 522 2611 armatus
538 2542 607 2616 ipse
617 2543 802 2620 armatisque
813 2554 951 2622 saeptus,
967 2563 1036 2609 oum
1046 2548 1179 2609 inermes

200 2629 372 2686 Romanum
385 2624 599 2699 imperatorem
612 2641 779 2703 regemque
789 2637 936 2705 cerneret,
951 2631 1179 2707 inaniloquium

201 2708 351 2777 venisseta
379 2723 481 2782 neque
502 2709 581 2769 enim
602 2727 638 2771 se
658 2709 728 2772 illos
749 2713 855 2774 timere
871 2715 960 2791 dixit,
982 2716 1039 2777 sed
1053 2717 1179 2777 exsules

199 2791 392 2866 Argivorum.
418 2791 491 2851 inde
504 2793 557 2854 uhi
572 2795 611 2854 de
625 2796 857 2858 condicionibus
873 2798 1022 2860 amicitiae
1037 2808 1178 2876 coeptum

201 2877 250 2950 agi
265 2881 320 2949 est,
330 2877 487 2937 Romanus
502 2877 581 2938 duas
595 2881 752 2953 postulare
766 2897 826 2956 res,
838 2899 930 2944 unam
942 2892 975 2944 ut
984 2884 1098 2944 bellurn
1109 2900 1179 2944 cum

200 2958 333 3020 Achaeis
354 2959 468 3035 finiret,
491 2963 616 3023 aiteram
636 2970 670 3025 ut
689 2965 839 3026 adversus
859 2966 1032 3043 Philippum
1049 2966 1181 3029 mitteret

202 3057 308 3103 secum
335 3042 457 3103 auxilia.
493 3060 531 3105 ea
551 3062 586 3105 se
606 3047 771 3108 missurum
799 3048 890 3110 dixit:
922 3067 979 3125 pro
1006 3068 1083 3127 pace
1108 3067 1178 3112 cum

200 3125 334 3187 Achaeis
348 3126 483 3187 indutiae
495 3128 690 3204 impetratae,
712 3133 811 3193 donec
826 3133 938 3194 bellum
954 3151 1023 3195 cum
1037 3134 1178 3209 Philippo

200 3208 345 3269 liniretur.
366 3210 427 3269 XL.
450 3211 489 3270 de
498 3213 591 3287 Argis
607 3230 730 3289 quoque
745 3216 926 3292 disceptatio
941 3219 980 3278 ab
990 3220 1093 3281 Attalo
1105 3234 1180 3293 rege

201 3299 247 3353 est
261 3298 358 3368 mota,
381 3308 450 3353 eum
471 3295 578 3355 fraude
590 3295 733 3359 Philoclis
754 3301 905 3375 proditam
918 3303 1026 3363 urbem
1040 3302 1071 3360 vi
1086 3302 1124 3361 ab
1140 3317 1178 3361 eo

202 3376 297 3436 teneri
317 3384 474 3452 argueretr
496 3378 546 3439 ille
567 3380 605 3440 ab
626 3381 705 3457 ipsis
724 3381 863 3458 Argivis,
885 3391 919 3445 ut
938 3401 973 3446 se
989 3385 1178 3459 detenderet,

202 3459 340 3521 accitum.
363 3460 535 3523 contionem
548 3479 605 3523 rex
617 3466 799 3541 Argivorum
815 3469 998 3544 postulabat,
1013 3475 1046 3529 ut
1060 3469 1092 3530 id
1106 3467 1177 3528 seiri
