<?xml version="1.0" encoding="UTF-8"?>
<!DOCTYPE html PUBLIC "-//W3C//DTD XHTML 1.0 Transitional//EN"
    "http://www.w3.org/TR/xhtml1/DTD/xhtml1-transitional.dtd">
<html xmlns="http://www.w3.org/1999/xhtml" xml:lang="en" lang="en">
 <head>
  <title>
</title>
<meta http-equiv="Content-Type" content="text/html;charset=utf-8" />
  <meta name='ocr-system' content='tesseract 3.04.00' />
  <meta name='ocr-capabilities' content='ocr_page ocr_carea ocr_par ocr_line ocrx_word'/>
</head>
<body>
  <div class='ocr_page' id='page_1' title='image "./aburbeconditali00mlgoog_0065.png"; bbox 0 0 2600 4000; ppageno 0'>
   <div class='ocr_carea' id='block_1_1' title="bbox 272 206 1094 293">
    <p class='ocr_par' dir='ltr' id='par_1_1' title="bbox 272 206 1094 293">
     <span class='ocr_line' id='line_1_1' title="bbox 272 206 1094 293; baseline 0.011 -25"><span class='ocrx_word' id='word_1_1' title='bbox 272 206 385 269; x_wconf 79' lang='lat' dir='ltr'><strong>trena</strong></span> <span class='ocrx_word' id='word_1_2' title='bbox 394 208 498 269; x_wconf 74' lang='lat' dir='ltr'><strong>unu.</strong></span> <span class='ocrx_word' id='word_1_3' title='bbox 522 210 603 269; x_wconf 76' lang='lat' dir='ltr'><strong>car.</strong></span> <span class='ocrx_word' id='word_1_4' title='bbox 621 218 663 271; x_wconf 77' lang='lat' dir='ltr'><strong>u.</strong></span> <span class='ocrx_word' id='word_1_5' title='bbox 676 219 774 274; x_wconf 66' lang='lat' dir='ltr'><strong>aesc.</strong></span> <span class='ocrx_word' id='word_1_6' title='bbox 795 215 830 291; x_wconf 65' lang='lat' dir='ltr'><strong>[a.</strong></span> <span class='ocrx_word' id='word_1_7' title='bbox 843 216 951 293; x_wconf 68' lang='lat' dir='ltr'><strong>coeo]</strong></span> <span class='ocrx_word' id='word_1_8' title='bbox 1053 215 1094 278; x_wconf 83' lang='lat' dir='ltr'><strong>at</strong></span> 
     </span>
    </p>
   </div>
   <div class='ocr_carea' id='block_1_2' title="bbox 121 358 1092 443">
    <p class='ocr_par' dir='ltr' id='par_1_2' title="bbox 121 358 1092 443">
     <span class='ocr_line' id='line_1_2' title="bbox 121 358 1092 443; baseline 0.008 -23"><span class='ocrx_word' id='word_1_9' title='bbox 121 366 191 435; x_wconf 86' lang='lat' dir='ltr'><strong>erat,</strong></span> <span class='ocrx_word' id='word_1_10' title='bbox 205 366 239 421; x_wconf 90' lang='lat' dir='ltr'><strong>ut</strong></span> <span class='ocrx_word' id='word_1_11' title='bbox 252 360 289 420; x_wconf 93' lang='lat' dir='ltr'><strong>iis</strong></span> <span class='ocrx_word' id='word_1_12' title='bbox 304 358 403 436; x_wconf 93' lang='lat' dir='ltr'><strong>copiis</strong></span> <span class='ocrx_word' id='word_1_13' title='bbox 418 376 492 420; x_wconf 87' lang='lat' dir='ltr'><strong>suas</strong></span> <span class='ocrx_word' id='word_1_14' title='bbox 507 368 641 436; x_wconf 90' lang='lat' dir='ltr'><strong>augeret,</strong></span> <span class='ocrx_word' id='word_1_15' title='bbox 656 361 796 422; x_wconf 80' lang='lat' dir='ltr'>Pleurato</span> <span class='ocrx_word' id='word_1_16' title='bbox 811 365 1023 443; x_wconf 83' lang='lat' dir='ltr'><strong>Dardanisque</strong></span> <span class='ocrx_word' id='word_1_17' title='bbox 1037 367 1092 428; x_wconf 83' lang='lat' dir='ltr'><strong>iter</strong></span> 
     </span>
    </p>
   </div>
   <div class='ocr_carea' id='block_1_3' title="bbox 59 442 1112 3522">
    <p class='ocr_par' dir='ltr' id='par_1_3' title="bbox 59 442 1112 3443">
     <span class='ocr_line' id='line_1_3' title="bbox 120 442 1092 525; baseline 0.008 -23"><span class='ocrx_word' id='word_1_18' title='bbox 120 444 149 503; x_wconf 94' lang='lat' dir='ltr'><strong>in</strong></span> <span class='ocrx_word' id='word_1_19' title='bbox 161 442 372 504; x_wconf 82' lang='lat' dir='ltr'><strong>Macedoniam</strong></span> <span class='ocrx_word' id='word_1_20' title='bbox 393 444 544 519; x_wconf 77' lang='lat' dir='ltr'><strong>patefecit.</strong></span> <span class='ocrx_word' id='word_1_21' title='bbox 576 444 646 520; x_wconf 90' lang='lat' dir='ltr'><strong>ipse</strong></span> <span class='ocrx_word' id='word_1_22' title='bbox 668 459 738 504; x_wconf 88' lang='lat' dir='ltr'><strong>cnm</strong></span> <span class='ocrx_word' id='word_1_23' title='bbox 751 445 857 520; x_wconf 83' lang='lat' dir='ltr'><strong>viginti</strong></span> <span class='ocrx_word' id='word_1_24' title='bbox 870 447 992 509; x_wconf 89' lang='lat' dir='ltr'><strong>milibus</strong></span> <span class='ocrx_word' id='word_1_25' title='bbox 1008 451 1092 525; x_wconf 90' lang='lat' dir='ltr'><strong>pedi-</strong></span> 
     </span>
     <span class='ocr_line' id='line_1_4' title="bbox 119 527 1091 607; baseline 0.005 -19"><span class='ocrx_word' id='word_1_26' title='bbox 119 533 187 602; x_wconf 90' lang='lat' dir='ltr'><strong>tum,</strong></span> <span class='ocrx_word' id='word_1_27' title='bbox 202 533 345 602; x_wconf 86' lang='lat' dir='ltr'><strong>quattuor</strong></span> <span class='ocrx_word' id='word_1_28' title='bbox 359 527 504 602; x_wconf 88' lang='lat' dir='ltr'><strong>equitum,</strong></span> <span class='ocrx_word' id='word_1_29' title='bbox 519 527 648 587; x_wconf 90' lang='lat' dir='ltr'><strong>ducibus</strong></span> <span class='ocrx_word' id='word_1_30' title='bbox 665 528 832 602; x_wconf 76' lang='lat' dir='ltr'><strong>transfugis</strong></span> <span class='ocrx_word' id='word_1_31' title='bbox 844 528 883 588; x_wconf 89' lang='lat' dir='ltr'><strong>ad</strong></span> <span class='ocrx_word' id='word_1_32' title='bbox 893 527 1012 590; x_wconf 86' lang='lat' dir='ltr'><strong>hostem</strong></span> <span class='ocrx_word' id='word_1_33' title='bbox 1024 550 1091 607; x_wconf 91' lang='lat' dir='ltr'><strong>pro·</strong></span> 
     </span>
     <span class='ocr_line' id='line_1_5' title="bbox 118 610 1095 686; baseline 0.006 -16"><span class='ocrx_word' id='word_1_34' title='bbox 118 611 222 686; x_wconf 88' lang='lat' dir='ltr'><strong>iectus,</strong></span> <span class='ocrx_word' id='word_1_35' title='bbox 235 612 328 686; x_wconf 87' lang='lat' dir='ltr'><strong>paulo</strong></span> <span class='ocrx_word' id='word_1_36' title='bbox 340 613 410 685; x_wconf 91' lang='lat' dir='ltr'><strong>plus</strong></span> <span class='ocrx_word' id='word_1_37' title='bbox 421 610 503 670; x_wconf 91' lang='lat' dir='ltr'><strong>mille</strong></span> <span class='ocrx_word' id='word_1_38' title='bbox 514 626 628 686; x_wconf 86' lang='lat' dir='ltr'><strong>possus</strong></span> <span class='ocrx_word' id='word_1_39' title='bbox 640 627 660 670; x_wconf 90' lang='lat' dir='ltr'><strong>a</strong></span> <span class='ocrx_word' id='word_1_40' title='bbox 670 610 780 672; x_wconf 88' lang='lat' dir='ltr'><strong>castris</strong></span> <span class='ocrx_word' id='word_1_41' title='bbox 791 612 939 673; x_wconf 89' lang='lat' dir='ltr'><strong>Romanis</strong></span> <span class='ocrx_word' id='word_1_42' title='bbox 950 616 1095 676; x_wconf 90' lang='lat' dir='ltr'><strong>tumulum</strong></span> 
     </span>
     <span class='ocr_line' id='line_1_6' title="bbox 117 693 1094 771; baseline 0.006 -19"><span class='ocrx_word' id='word_1_43' title='bbox 117 695 324 771; x_wconf 91' lang='lat' dir='ltr'><strong>propinquum</strong></span> <span class='ocrx_word' id='word_1_44' title='bbox 337 693 457 755; x_wconf 82' lang='lat' dir='ltr'><strong>Athaco</strong></span> <span class='ocrx_word' id='word_1_45' title='bbox 479 694 565 754; x_wconf 86' lang='lat' dir='ltr'><strong>iussa</strong></span> <span class='ocrx_word' id='word_1_46' title='bbox 585 710 623 754; x_wconf 90' lang='lat' dir='ltr'><strong>ac</strong></span> <span class='ocrx_word' id='word_1_47' title='bbox 636 695 720 756; x_wconf 87' lang='lat' dir='ltr'><strong>vallo</strong></span> <span class='ocrx_word' id='word_1_48' title='bbox 738 694 949 766; x_wconf 70' lang='lat' dir='ltr'><strong>communivit,</strong></span> <span class='ocrx_word' id='word_1_49' title='bbox 972 712 1009 758; x_wconf 91' lang='lat' dir='ltr'><strong>ac</strong></span> <span class='ocrx_word' id='word_1_50' title='bbox 1023 699 1094 758; x_wconf 90' lang='lat' dir='ltr'><strong>sub·</strong></span> 
     </span>
     <span class='ocr_line' id='line_1_7' title="bbox 116 777 1095 852; baseline 0.005 -16"><span class='ocrx_word' id='word_1_51' title='bbox 116 777 192 838; x_wconf 82' lang='lat' dir='ltr'><strong>iectu</strong></span> <span class='ocrx_word' id='word_1_52' title='bbox 212 793 344 838; x_wconf 90' lang='lat' dir='ltr'><strong>cernens</strong></span> <span class='ocrx_word' id='word_1_53' title='bbox 358 779 497 838; x_wconf 84' lang='lat' dir='ltr'><strong>Romana</strong></span> <span class='ocrx_word' id='word_1_54' title='bbox 517 783 632 852; x_wconf 89' lang='lat' dir='ltr'><strong>castra,</strong></span> <span class='ocrx_word' id='word_1_55' title='bbox 655 778 821 839; x_wconf 82' lang='lat' dir='ltr'><strong>admiratus</strong></span> <span class='ocrx_word' id='word_1_56' title='bbox 842 794 915 839; x_wconf 92' lang='lat' dir='ltr'><strong>esse</strong></span> <span class='ocrx_word' id='word_1_57' title='bbox 936 779 1047 840; x_wconf 91' lang='lat' dir='ltr'><strong>dicitur</strong></span> <span class='ocrx_word' id='word_1_58' title='bbox 1066 789 1095 842; x_wconf 91' lang='lat' dir='ltr'><strong>et</strong></span> 
     </span>
     <span class='ocr_line' id='line_1_8' title="bbox 116 860 1096 939; baseline 0.005 -20"><span class='ocrx_word' id='word_1_59' title='bbox 116 861 290 921; x_wconf 88' lang='lat' dir='ltr'><strong>universam</strong></span> <span class='ocrx_word' id='word_1_60' title='bbox 310 860 446 936; x_wconf 89' lang='lat' dir='ltr'><strong>speciem</strong></span> <span class='ocrx_word' id='word_1_61' title='bbox 467 867 637 922; x_wconf 91' lang='lat' dir='ltr'><strong>castrorum</strong></span> <span class='ocrx_word' id='word_1_62' title='bbox 652 866 683 921; x_wconf 90' lang='lat' dir='ltr'><strong>et</strong></span> <span class='ocrx_word' id='word_1_63' title='bbox 697 861 851 937; x_wconf 88' lang='lat' dir='ltr'><strong>descripta</strong></span> <span class='ocrx_word' id='word_1_64' title='bbox 871 861 937 923; x_wconf 91' lang='lat' dir='ltr'><strong>suis</strong></span> <span class='ocrx_word' id='word_1_65' title='bbox 952 879 1096 939; x_wconf 89' lang='lat' dir='ltr'><strong>quaeque</strong></span> 
     </span>
     <span class='ocr_line' id='line_1_9' title="bbox 115 943 1094 1022; baseline 0.004 -19"><span class='ocrx_word' id='word_1_66' title='bbox 115 944 251 1020; x_wconf 89' lang='lat' dir='ltr'><strong>partibus</strong></span> <span class='ocrx_word' id='word_1_67' title='bbox 277 961 345 1004; x_wconf 92' lang='lat' dir='ltr'><strong>cum</strong></span> <span class='ocrx_word' id='word_1_68' title='bbox 359 944 547 1004; x_wconf 85' lang='lat' dir='ltr'><strong>tendentium</strong></span> <span class='ocrx_word' id='word_1_69' title='bbox 563 943 747 1004; x_wconf 84' lang='lat' dir='ltr'><strong>ordinatum</strong></span> <span class='ocrx_word' id='word_1_70' title='bbox 764 945 902 1007; x_wconf 90' lang='lat' dir='ltr'><strong>itinerum</strong></span> <span class='ocrx_word' id='word_1_71' title='bbox 917 947 1094 1022; x_wconf 87' lang='lat' dir='ltr'><strong>intervallis,</strong></span> 
     </span>
     <span class='ocr_line' id='line_1_10' title="bbox 114 1028 1094 1105; baseline 0.006 -19"><span class='ocrx_word' id='word_1_72' title='bbox 114 1034 143 1088; x_wconf 93' lang='lat' dir='ltr'><strong>et</strong></span> <span class='ocrx_word' id='word_1_73' title='bbox 155 1043 292 1103; x_wconf 83' lang='lat' dir='ltr'><strong>negasse</strong></span> <span class='ocrx_word' id='word_1_74' title='bbox 305 1028 505 1088; x_wconf 88' lang='lat' dir='ltr'><strong>barbarorum</strong></span> <span class='ocrx_word' id='word_1_75' title='bbox 520 1042 558 1087; x_wconf 88' lang='lat' dir='ltr'><strong>ea</strong></span> <span class='ocrx_word' id='word_1_76' title='bbox 568 1032 669 1088; x_wconf 88' lang='lat' dir='ltr'><strong>castra</strong></span> <span class='ocrx_word' id='word_1_77' title='bbox 678 1028 732 1087; x_wconf 91' lang='lat' dir='ltr'><strong>ulli</strong></span> <span class='ocrx_word' id='word_1_78' title='bbox 741 1029 838 1089; x_wconf 89' lang='lat' dir='ltr'><strong>videri</strong></span> <span class='ocrx_word' id='word_1_79' title='bbox 848 1046 954 1105; x_wconf 90' lang='lat' dir='ltr'><strong>posse.</strong></span> <span class='ocrx_word' id='word_1_80' title='bbox 968 1031 1094 1092; x_wconf 91' lang='lat' dir='ltr'><strong>biduum</strong></span> 
     </span>
     <span class='ocr_line' id='line_1_11' title="bbox 115 1111 1092 1189; baseline 0.003 -19"><span class='ocrx_word' id='word_1_81' title='bbox 115 1112 220 1172; x_wconf 92' lang='lat' dir='ltr'><strong>consul</strong></span> <span class='ocrx_word' id='word_1_82' title='bbox 236 1118 270 1172; x_wconf 89' lang='lat' dir='ltr'><strong>et</strong></span> <span class='ocrx_word' id='word_1_83' title='bbox 282 1126 354 1186; x_wconf 86' lang='lat' dir='ltr'><strong>rex,</strong></span> <span class='ocrx_word' id='word_1_84' title='bbox 370 1112 447 1172; x_wconf 89' lang='lat' dir='ltr'><strong>alter</strong></span> <span class='ocrx_word' id='word_1_85' title='bbox 460 1111 585 1170; x_wconf 91' lang='lat' dir='ltr'><strong>alterius</strong></span> <span class='ocrx_word' id='word_1_86' title='bbox 600 1117 729 1171; x_wconf 87' lang='lat' dir='ltr'><strong>conatus</strong></span> <span class='ocrx_word' id='word_1_87' title='bbox 743 1119 975 1189; x_wconf 76' lang='lat' dir='ltr'><strong>exspectantes,</strong></span> <span class='ocrx_word' id='word_1_88' title='bbox 998 1114 1092 1175; x_wconf 90' lang='lat' dir='ltr'><strong>conti·</strong></span> 
     </span>
     <span class='ocr_line' id='line_1_12' title="bbox 114 1194 1091 1258; baseline 0.005 -5"><span class='ocrx_word' id='word_1_89' title='bbox 114 1210 205 1256; x_wconf 89' lang='lat' dir='ltr'><strong>nuere</strong></span> <span class='ocrx_word' id='word_1_90' title='bbox 226 1210 305 1256; x_wconf 89' lang='lat' dir='ltr'><strong>suos</strong></span> <span class='ocrx_word' id='word_1_91' title='bbox 326 1194 405 1254; x_wconf 88' lang='lat' dir='ltr'><strong>intra</strong></span> <span class='ocrx_word' id='word_1_92' title='bbox 424 1195 553 1254; x_wconf 83' lang='lat' dir='ltr'><strong>vallum=</strong></span> <span class='ocrx_word' id='word_1_93' title='bbox 583 1194 672 1254; x_wconf 89' lang='lat' dir='ltr'><strong>tertio</strong></span> <span class='ocrx_word' id='word_1_94' title='bbox 692 1194 742 1255; x_wconf 89' lang='lat' dir='ltr'><strong>die</strong></span> <span class='ocrx_word' id='word_1_95' title='bbox 765 1197 922 1257; x_wconf 88' lang='lat' dir='ltr'><strong>Romanus</strong></span> <span class='ocrx_word' id='word_1_96' title='bbox 943 1198 1041 1258; x_wconf 90' lang='lat' dir='ltr'><strong>omnis</strong></span> <span class='ocrx_word' id='word_1_97' title='bbox 1062 1199 1091 1258; x_wconf 90' lang='lat' dir='ltr'><strong>in</strong></span> 
     </span>
     <span class='ocr_line' id='line_1_13' title="bbox 114 1277 1093 1355; baseline 0.004 -18"><span class='ocrx_word' id='word_1_98' title='bbox 114 1280 207 1338; x_wconf 88' lang='lat' dir='ltr'><strong>aciem</strong></span> <span class='ocrx_word' id='word_1_99' title='bbox 222 1279 332 1355; x_wconf 90' lang='lat' dir='ltr'><strong>copias</strong></span> <span class='ocrx_word' id='word_1_100' title='bbox 347 1277 460 1338; x_wconf 85' lang='lat' dir='ltr'><strong>eduxit.</strong></span> <span class='ocrx_word' id='word_1_101' title='bbox 481 1277 600 1339; x_wconf 83' lang='lat' dir='ltr'>XXXV.</span> <span class='ocrx_word' id='word_1_102' title='bbox 621 1293 678 1337; x_wconf 87' lang='lat' dir='ltr'><strong>rex</strong></span> <span class='ocrx_word' id='word_1_103' title='bbox 692 1294 765 1339; x_wconf 88' lang='lat' dir='ltr'><strong>vero</strong></span> <span class='ocrx_word' id='word_1_104' title='bbox 780 1285 842 1338; x_wconf 90' lang='lat' dir='ltr'><strong>tam</strong></span> <span class='ocrx_word' id='word_1_105' title='bbox 853 1282 984 1341; x_wconf 88' lang='lat' dir='ltr'><strong>celerem</strong></span> <span class='ocrx_word' id='word_1_106' title='bbox 994 1282 1093 1341; x_wconf 61' lang='lat' dir='ltr'><strong>mam</strong></span> 
     </span>
     <span class='ocr_line' id='line_1_14' title="bbox 114 1359 1091 1441; baseline 0.004 -21"><span class='ocrx_word' id='word_1_107' title='bbox 114 1363 248 1424; x_wconf 89' lang='lat' dir='ltr'><strong>universi</strong></span> <span class='ocrx_word' id='word_1_108' title='bbox 264 1359 439 1422; x_wconf 78' lang='lat' dir='ltr'><strong>certaminis</strong></span> <span class='ocrx_word' id='word_1_109' title='bbox 454 1360 571 1437; x_wconf 91' lang='lat' dir='ltr'><strong>timens,</strong></span> <span class='ocrx_word' id='word_1_110' title='bbox 594 1362 836 1437; x_wconf 85' lang='lat' dir='ltr'><strong>quadringentos</strong></span> <span class='ocrx_word' id='word_1_111' title='bbox 850 1363 1011 1424; x_wconf 89' lang='lat' dir='ltr'><strong>Trallis-</strong></span> <span class='ocrx_word' id='word_1_112' title='bbox 1021 1365 1091 1441; x_wconf 86' lang='lat' dir='ltr'><strong>llly-</strong></span> 
     </span>
     <span class='ocr_line' id='line_1_15' title="bbox 113 1444 1092 1520; baseline 0.004 -17"><span class='ocrx_word' id='word_1_113' title='bbox 113 1445 225 1507; x_wconf 88' lang='lat' dir='ltr'><strong>riorum</strong></span> <span class='ocrx_word' id='word_1_114' title='bbox 243 1446 292 1520; x_wconf 95' lang='lat' dir='ltr'><strong>id,</strong></span> <span class='ocrx_word' id='word_1_115' title='bbox 315 1445 396 1506; x_wconf 92' lang='lat' dir='ltr'><strong>sicut</strong></span> <span class='ocrx_word' id='word_1_116' title='bbox 416 1445 475 1505; x_wconf 85' lang='lat' dir='ltr'><strong>ulio</strong></span> <span class='ocrx_word' id='word_1_117' title='bbox 496 1444 627 1505; x_wconf 77' lang='lat' dir='ltr'><strong>(fiximus</strong></span> <span class='ocrx_word' id='word_1_118' title='bbox 648 1447 733 1519; x_wconf 92' lang='lat' dir='ltr'><strong>loco,</strong></span> <span class='ocrx_word' id='word_1_119' title='bbox 754 1452 803 1506; x_wconf 89' lang='lat' dir='ltr'><strong>est</strong></span> <span class='ocrx_word' id='word_1_120' title='bbox 815 1456 1009 1520; x_wconf 89' lang='lat' dir='ltr'><strong>genus—et</strong></span> <span class='ocrx_word' id='word_1_121' title='bbox 1023 1448 1092 1508; x_wconf 80' lang='lat' dir='ltr'><strong>Cre</strong></span> 
     </span>
     <span class='ocr_line' id='line_1_16' title="bbox 113 1528 1093 1607; baseline 0 -18"><span class='ocrx_word' id='word_1_122' title='bbox 113 1534 214 1590; x_wconf 88' lang='lat' dir='ltr'><strong>tenses</strong></span> <span class='ocrx_word' id='word_1_123' title='bbox 237 1535 393 1590; x_wconf 89' lang='lat' dir='ltr'><strong>trecentos</strong></span> <span class='ocrx_word' id='word_1_124' title='bbox 415 1528 518 1590; x_wconf 89' lang='lat' dir='ltr'><strong>addito</strong></span> <span class='ocrx_word' id='word_1_125' title='bbox 540 1529 588 1590; x_wconf 91' lang='lat' dir='ltr'><strong>his</strong></span> <span class='ocrx_word' id='word_1_126' title='bbox 608 1529 763 1604; x_wconf 86' lang='lat' dir='ltr'><strong>peditibus</strong></span> <span class='ocrx_word' id='word_1_127' title='bbox 786 1530 853 1605; x_wconf 89' lang='lat' dir='ltr'><strong>pari</strong></span> <span class='ocrx_word' id='word_1_128' title='bbox 867 1546 993 1592; x_wconf 89' lang='lat' dir='ltr'><strong>numero</strong></span> <span class='ocrx_word' id='word_1_129' title='bbox 1008 1531 1093 1607; x_wconf 93' lang='lat' dir='ltr'><strong>equi-</strong></span> 
     </span>
     <span class='ocr_line' id='line_1_17' title="bbox 113 1613 1107 1688; baseline 0.004 -18"><span class='ocrx_word' id='word_1_130' title='bbox 113 1617 171 1671; x_wconf 90' lang='lat' dir='ltr'><strong>tum</strong></span> <span class='ocrx_word' id='word_1_131' title='bbox 187 1629 260 1674; x_wconf 90' lang='lat' dir='ltr'><strong>cum</strong></span> <span class='ocrx_word' id='word_1_132' title='bbox 274 1613 354 1673; x_wconf 90' lang='lat' dir='ltr'><strong>duce</strong></span> <span class='ocrx_word' id='word_1_133' title='bbox 368 1613 579 1688; x_wconf 81' lang='lat' dir='ltr'><strong>Athenagora,</strong></span> <span class='ocrx_word' id='word_1_134' title='bbox 601 1629 664 1675; x_wconf 91' lang='lat' dir='ltr'><strong>uno</strong></span> <span class='ocrx_word' id='word_1_135' title='bbox 680 1629 720 1673; x_wconf 87' lang='lat' dir='ltr'><strong>ex</strong></span> <span class='ocrx_word' id='word_1_136' title='bbox 734 1614 926 1688; x_wconf 89' lang='lat' dir='ltr'><strong>purpuratis,</strong></span> <span class='ocrx_word' id='word_1_137' title='bbox 940 1615 982 1674; x_wconf 91' lang='lat' dir='ltr'><strong>ad</strong></span> <span class='ocrx_word' id='word_1_138' title='bbox 996 1614 1107 1674; x_wconf 74' lang='lat' dir='ltr'><strong>laces.</strong></span> 
     </span>
     <span class='ocr_line' id='line_1_18' title="bbox 113 1693 1095 1772; baseline 0.003 -18"><span class='ocrx_word' id='word_1_139' title='bbox 113 1697 227 1758; x_wconf 86' lang='lat' dir='ltr'><strong>sendus</strong></span> <span class='ocrx_word' id='word_1_140' title='bbox 239 1696 373 1757; x_wconf 90' lang='lat' dir='ltr'><strong>hostium</strong></span> <span class='ocrx_word' id='word_1_141' title='bbox 384 1697 504 1772; x_wconf 88' lang='lat' dir='ltr'><strong>equites</strong></span> <span class='ocrx_word' id='word_1_142' title='bbox 515 1697 605 1757; x_wconf 90' lang='lat' dir='ltr'><strong>misit.</strong></span> <span class='ocrx_word' id='word_1_143' title='bbox 626 1697 664 1756; x_wconf 90' lang='lat' dir='ltr'><strong>ab</strong></span> <span class='ocrx_word' id='word_1_144' title='bbox 675 1693 822 1757; x_wconf 82' lang='lat' dir='ltr'><strong>Romanis</strong></span> <span class='ocrx_word' id='word_1_145' title='bbox 834 1695 1095 1758; x_wconf 82' lang='lat' dir='ltr'><strong>autem-aberat</strong></span> 
     </span>
     <span class='ocr_line' id='line_1_19' title="bbox 112 1779 1095 1856; baseline 0.001 -18"><span class='ocrx_word' id='word_1_146' title='bbox 112 1780 193 1840; x_wconf 88' lang='lat' dir='ltr'><strong>ecies</strong></span> <span class='ocrx_word' id='word_1_147' title='bbox 216 1796 325 1840; x_wconf 90' lang='lat' dir='ltr'><strong>eorum</strong></span> <span class='ocrx_word' id='word_1_148' title='bbox 347 1781 438 1856; x_wconf 89' lang='lat' dir='ltr'><strong>paulo</strong></span> <span class='ocrx_word' id='word_1_149' title='bbox 460 1781 531 1856; x_wconf 89' lang='lat' dir='ltr'><strong>plus</strong></span> <span class='ocrx_word' id='word_1_150' title='bbox 552 1779 739 1855; x_wconf 89' lang='lat' dir='ltr'><strong>quingentos</strong></span> <span class='ocrx_word' id='word_1_151' title='bbox 758 1780 1044 1855; x_wconf 85' lang='lat' dir='ltr'><strong>passus-velites</strong></span> <span class='ocrx_word' id='word_1_152' title='bbox 1065 1786 1095 1840; x_wconf 88' lang='lat' dir='ltr'><strong>et</strong></span> 
     </span>
     <span class='ocr_line' id='line_1_20' title="bbox 112 1863 1094 1939; baseline 0.001 -17"><span class='ocrx_word' id='word_1_153' title='bbox 112 1864 249 1937; x_wconf 89' lang='lat' dir='ltr'><strong>equitum</strong></span> <span class='ocrx_word' id='word_1_154' title='bbox 274 1863 355 1924; x_wconf 91' lang='lat' dir='ltr'><strong>duae</strong></span> <span class='ocrx_word' id='word_1_155' title='bbox 381 1865 475 1923; x_wconf 81' lang='lat' dir='ltr'><strong>terme</strong></span> <span class='ocrx_word' id='word_1_156' title='bbox 500 1866 568 1923; x_wconf 87' lang='lat' dir='ltr'><strong>alae</strong></span> <span class='ocrx_word' id='word_1_157' title='bbox 592 1863 740 1937; x_wconf 89' lang='lat' dir='ltr'><strong>emissae,</strong></span> <span class='ocrx_word' id='word_1_158' title='bbox 764 1870 798 1924; x_wconf 92' lang='lat' dir='ltr'><strong>ut</strong></span> <span class='ocrx_word' id='word_1_159' title='bbox 816 1879 943 1925; x_wconf 90' lang='lat' dir='ltr'><strong>numero</strong></span> <span class='ocrx_word' id='word_1_160' title='bbox 969 1879 1094 1939; x_wconf 91' lang='lat' dir='ltr'><strong>quoqne</strong></span> 
     </span>
     <span class='ocr_line' id='line_1_21' title="bbox 111 1946 1092 2025; baseline 0.001 -18"><span class='ocrx_word' id='word_1_161' title='bbox 111 1961 208 2021; x_wconf 89' lang='lat' dir='ltr'><strong>eques</strong></span> <span class='ocrx_word' id='word_1_162' title='bbox 231 1947 391 2024; x_wconf 88' lang='lat' dir='ltr'><strong>pedesque</strong></span> <span class='ocrx_word' id='word_1_163' title='bbox 411 1946 532 2008; x_wconf 89' lang='lat' dir='ltr'><strong>hostem</strong></span> <span class='ocrx_word' id='word_1_164' title='bbox 554 1954 732 2024; x_wconf 87' lang='lat' dir='ltr'><strong>aequarent.</strong></span> <span class='ocrx_word' id='word_1_165' title='bbox 763 1948 891 2009; x_wconf 92' lang='lat' dir='ltr'><strong>credere</strong></span> <span class='ocrx_word' id='word_1_166' title='bbox 904 1949 980 2025; x_wconf 89' lang='lat' dir='ltr'><strong>regii</strong></span> <span class='ocrx_word' id='word_1_167' title='bbox 994 1963 1092 2024; x_wconf 92' lang='lat' dir='ltr'><strong>genus</strong></span> 
     </span>
     <span class='ocr_line' id='line_1_22' title="bbox 110 2031 1093 2106; baseline 0.003 -17"><span class='ocrx_word' id='word_1_168' title='bbox 110 2046 236 2106; x_wconf 84' lang='lat' dir='ltr'><strong>pugnae</strong></span> <span class='ocrx_word' id='word_1_169' title='bbox 257 2048 320 2105; x_wconf 92' lang='lat' dir='ltr'><strong>quo</strong></span> <span class='ocrx_word' id='word_1_170' title='bbox 342 2032 547 2090; x_wconf 90' lang='lat' dir='ltr'><strong>adsueverant</strong></span> <span class='ocrx_word' id='word_1_171' title='bbox 566 2031 647 2103; x_wconf 88' lang='lat' dir='ltr'><strong>lore,</strong></span> <span class='ocrx_word' id='word_1_172' title='bbox 667 2038 702 2090; x_wconf 92' lang='lat' dir='ltr'><strong>ut</strong></span> <span class='ocrx_word' id='word_1_173' title='bbox 715 2033 835 2105; x_wconf 90' lang='lat' dir='ltr'><strong>equites</strong></span> <span class='ocrx_word' id='word_1_174' title='bbox 853 2033 884 2092; x_wconf 95' lang='lat' dir='ltr'><strong>in</strong></span> <span class='ocrx_word' id='word_1_175' title='bbox 898 2033 997 2093; x_wconf 91' lang='lat' dir='ltr'><strong>vicem</strong></span> <span class='ocrx_word' id='word_1_176' title='bbox 1011 2033 1093 2092; x_wconf 80' lang='lat' dir='ltr'><strong>inse</strong></span> 
     </span>
     <span class='ocr_line' id='line_1_23' title="bbox 111 2114 1095 2188; baseline -0.001 -15"><span class='ocrx_word' id='word_1_177' title='bbox 111 2121 246 2188; x_wconf 90' lang='lat' dir='ltr'><strong>quentes</strong></span> <span class='ocrx_word' id='word_1_178' title='bbox 269 2114 521 2186; x_wconf 79' lang='lat' dir='ltr'><strong>refugientesque</strong></span> <span class='ocrx_word' id='word_1_179' title='bbox 542 2127 623 2171; x_wconf 94' lang='lat' dir='ltr'><strong>nunc</strong></span> <span class='ocrx_word' id='word_1_180' title='bbox 641 2114 711 2171; x_wconf 90' lang='lat' dir='ltr'><strong>telis</strong></span> <span class='ocrx_word' id='word_1_181' title='bbox 732 2120 888 2172; x_wconf 89' lang='lat' dir='ltr'><strong>uterentur</strong></span> <span class='ocrx_word' id='word_1_182' title='bbox 907 2130 990 2174; x_wconf 90' lang='lat' dir='ltr'><strong>nunc</strong></span> <span class='ocrx_word' id='word_1_183' title='bbox 1009 2122 1095 2188; x_wconf 87' lang='lat' dir='ltr'><strong>terga</strong></span> 
     </span>
     <span class='ocr_line' id='line_1_24' title="bbox 110 2194 1095 2271; baseline 0.001 -16"><span class='ocrx_word' id='word_1_184' title='bbox 110 2197 238 2266; x_wconf 85' lang='lat' dir='ltr'><strong>darent,</strong></span> <span class='ocrx_word' id='word_1_185' title='bbox 263 2195 437 2271; x_wconf 82' lang='lat' dir='ltr'><strong>lllyriorum</strong></span> <span class='ocrx_word' id='word_1_186' title='bbox 463 2194 610 2254; x_wconf 87' lang='lat' dir='ltr'><strong>velocitas</strong></span> <span class='ocrx_word' id='word_1_187' title='bbox 631 2194 672 2252; x_wconf 93' lang='lat' dir='ltr'><strong>ad</strong></span> <span class='ocrx_word' id='word_1_188' title='bbox 692 2195 894 2255; x_wconf 85' lang='lat' dir='ltr'><strong>excursiones</strong></span> <span class='ocrx_word' id='word_1_189' title='bbox 914 2202 945 2254; x_wconf 90' lang='lat' dir='ltr'><strong>et</strong></span> <span class='ocrx_word' id='word_1_190' title='bbox 963 2196 1095 2270; x_wconf 91' lang='lat' dir='ltr'><strong>impetus</strong></span> 
     </span>
     <span class='ocr_line' id='line_1_25' title="bbox 109 2275 1095 2352; baseline -0.001 -13"><span class='ocrx_word' id='word_1_191' title='bbox 109 2277 234 2339; x_wconf 90' lang='lat' dir='ltr'><strong>subitos</strong></span> <span class='ocrx_word' id='word_1_192' title='bbox 259 2278 330 2339; x_wconf 93' lang='lat' dir='ltr'><strong>usui</strong></span> <span class='ocrx_word' id='word_1_193' title='bbox 357 2284 455 2352; x_wconf 93' lang='lat' dir='ltr'><strong>esset,</strong></span> <span class='ocrx_word' id='word_1_194' title='bbox 484 2276 645 2337; x_wconf 86' lang='lat' dir='ltr'><strong>Cretenses</strong></span> <span class='ocrx_word' id='word_1_195' title='bbox 672 2275 702 2335; x_wconf 93' lang='lat' dir='ltr'><strong>in</strong></span> <span class='ocrx_word' id='word_1_196' title='bbox 727 2276 919 2337; x_wconf 88' lang='lat' dir='ltr'><strong>invehentem</strong></span> <span class='ocrx_word' id='word_1_197' title='bbox 941 2293 976 2338; x_wconf 90' lang='lat' dir='ltr'><strong>se</strong></span> <span class='ocrx_word' id='word_1_198' title='bbox 996 2278 1095 2338; x_wconf 86' lang='lat' dir='ltr'><strong>effuse</strong></span> 
     </span>
     <span class='ocr_line' id='line_1_26' title="bbox 108 2360 1095 2438; baseline 0.002 -17"><span class='ocrx_word' id='word_1_199' title='bbox 108 2361 234 2422; x_wconf 90' lang='lat' dir='ltr'><strong>hostem</strong></span> <span class='ocrx_word' id='word_1_200' title='bbox 258 2363 384 2438; x_wconf 84' lang='lat' dir='ltr'><strong>sagittas</strong></span> <span class='ocrx_word' id='word_1_201' title='bbox 410 2361 594 2422; x_wconf 90' lang='lat' dir='ltr'><strong>conicerent.</strong></span> <span class='ocrx_word' id='word_1_202' title='bbox 625 2360 756 2421; x_wconf 88' lang='lat' dir='ltr'><strong>turbavit</strong></span> <span class='ocrx_word' id='word_1_203' title='bbox 775 2360 856 2421; x_wconf 92' lang='lat' dir='ltr'><strong>hunc</strong></span> <span class='ocrx_word' id='word_1_204' title='bbox 880 2361 1018 2422; x_wconf 92' lang='lat' dir='ltr'><strong>ordinem</strong></span> <span class='ocrx_word' id='word_1_205' title='bbox 1040 2379 1095 2438; x_wconf 91' lang='lat' dir='ltr'><strong>pu·</strong></span> 
     </span>
     <span class='ocr_line' id='line_1_27' title="bbox 59 2444 1092 2521; baseline 0 -16"><span class='ocrx_word' id='word_1_206' title='bbox 59 2457 61 2466; x_wconf 77' lang='grc'>’</span> <span class='ocrx_word' id='word_1_207' title='bbox 112 2446 228 2519; x_wconf 87' lang='lat' dir='ltr'><strong>gnandi</strong></span> <span class='ocrx_word' id='word_1_208' title='bbox 242 2463 304 2508; x_wconf 93' lang='lat' dir='ltr'><strong>non</strong></span> <span class='ocrx_word' id='word_1_209' title='bbox 319 2445 420 2508; x_wconf 87' lang='lat' dir='ltr'><strong>acrior</strong></span> <span class='ocrx_word' id='word_1_210' title='bbox 434 2461 526 2521; x_wconf 90' lang='lat' dir='ltr'><strong>quam</strong></span> <span class='ocrx_word' id='word_1_211' title='bbox 537 2444 723 2520; x_wconf 87' lang='lat' dir='ltr'><strong>pertinacior</strong></span> <span class='ocrx_word' id='word_1_212' title='bbox 733 2445 865 2521; x_wconf 90' lang='lat' dir='ltr'><strong>impetus</strong></span> <span class='ocrx_word' id='word_1_213' title='bbox 876 2446 1092 2508; x_wconf 87' lang='lat' dir='ltr'><strong>Romanorum.</strong></span> 
     </span>
     <span class='ocr_line' id='line_1_28' title="bbox 112 2529 1093 2606; baseline 0.003 -17"><span class='ocrx_word' id='word_1_214' title='bbox 112 2546 180 2590; x_wconf 88' lang='lat' dir='ltr'><strong>nom</strong></span> <span class='ocrx_word' id='word_1_215' title='bbox 201 2530 284 2591; x_wconf 88' lang='lat' dir='ltr'><strong>haud</strong></span> <span class='ocrx_word' id='word_1_216' title='bbox 304 2546 396 2592; x_wconf 88' lang='lat' dir='ltr'><strong>secus</strong></span> <span class='ocrx_word' id='word_1_217' title='bbox 418 2529 553 2606; x_wconf 89' lang='lat' dir='ltr'><strong>quamsi</strong></span> <span class='ocrx_word' id='word_1_218' title='bbox 571 2535 633 2591; x_wconf 87' lang='lat' dir='ltr'><strong>tote</strong></span> <span class='ocrx_word' id='word_1_219' title='bbox 647 2530 714 2589; x_wconf 91' lang='lat' dir='ltr'><strong>acie</strong></span> <span class='ocrx_word' id='word_1_220' title='bbox 729 2529 920 2605; x_wconf 89' lang='lat' dir='ltr'><strong>dimicarent,</strong></span> <span class='ocrx_word' id='word_1_221' title='bbox 943 2536 973 2590; x_wconf 88' lang='lat' dir='ltr'><strong>et</strong></span> <span class='ocrx_word' id='word_1_222' title='bbox 986 2531 1093 2592; x_wconf 91' lang='lat' dir='ltr'><strong>velites</strong></span> 
     </span>
     <span class='ocr_line' id='line_1_29' title="bbox 112 2613 1092 2692; baseline 0.003 -20"><span class='ocrx_word' id='word_1_223' title='bbox 112 2614 234 2675; x_wconf 89' lang='lat' dir='ltr'><strong>emissis</strong></span> <span class='ocrx_word' id='word_1_224' title='bbox 248 2614 345 2675; x_wconf 89' lang='lat' dir='ltr'><strong>hastis</strong></span> <span class='ocrx_word' id='word_1_225' title='bbox 362 2613 533 2676; x_wconf 91' lang='lat' dir='ltr'><strong>comminus</strong></span> <span class='ocrx_word' id='word_1_226' title='bbox 547 2614 658 2688; x_wconf 85' lang='lat' dir='ltr'><strong>gladiis</strong></span> <span class='ocrx_word' id='word_1_227' title='bbox 673 2629 737 2673; x_wconf 89' lang='lat' dir='ltr'><strong>rem</strong></span> <span class='ocrx_word' id='word_1_228' title='bbox 753 2615 907 2690; x_wconf 79' lang='lat' dir='ltr'><strong>gerebant,</strong></span> <span class='ocrx_word' id='word_1_229' title='bbox 930 2621 960 2675; x_wconf 90' lang='lat' dir='ltr'><strong>et</strong></span> <span class='ocrx_word' id='word_1_230' title='bbox 974 2615 1092 2692; x_wconf 88' lang='lat' dir='ltr'><strong>equites</strong></span> 
     </span>
     <span class='ocr_line' id='line_1_30' title="bbox 113 2697 1092 2773; baseline 0.002 -17"><span class='ocrx_word' id='word_1_231' title='bbox 113 2703 144 2756; x_wconf 90' lang='lat' dir='ltr'><strong>ut</strong></span> <span class='ocrx_word' id='word_1_232' title='bbox 157 2700 254 2758; x_wconf 89' lang='lat' dir='ltr'><strong>semel</strong></span> <span class='ocrx_word' id='word_1_233' title='bbox 268 2698 298 2759; x_wconf 94' lang='lat' dir='ltr'><strong>in</strong></span> <span class='ocrx_word' id='word_1_234' title='bbox 313 2699 433 2760; x_wconf 89' lang='lat' dir='ltr'><strong>hostem</strong></span> <span class='ocrx_word' id='word_1_235' title='bbox 448 2697 545 2757; x_wconf 91' lang='lat' dir='ltr'><strong>evecti</strong></span> <span class='ocrx_word' id='word_1_236' title='bbox 561 2703 641 2769; x_wconf 82' lang='lat' dir='ltr'><strong>sunt,</strong></span> <span class='ocrx_word' id='word_1_237' title='bbox 657 2697 807 2757; x_wconf 89' lang='lat' dir='ltr'><strong>stantibus</strong></span> <span class='ocrx_word' id='word_1_238' title='bbox 819 2698 917 2772; x_wconf 91' lang='lat' dir='ltr'><strong>equis,</strong></span> <span class='ocrx_word' id='word_1_239' title='bbox 933 2699 1041 2773; x_wconf 88' lang='lat' dir='ltr'><strong>partim</strong></span> <span class='ocrx_word' id='word_1_240' title='bbox 1053 2714 1092 2758; x_wconf 86' lang='lat' dir='ltr'><strong>ex</strong></span> 
     </span>
     <span class='ocr_line' id='line_1_31' title="bbox 113 2778 1091 2858; baseline 0.002 -20"><span class='ocrx_word' id='word_1_241' title='bbox 113 2778 188 2855; x_wconf 90' lang='lat' dir='ltr'><strong>ipsis</strong></span> <span class='ocrx_word' id='word_1_242' title='bbox 204 2780 310 2858; x_wconf 93' lang='lat' dir='ltr'><strong>equis,</strong></span> <span class='ocrx_word' id='word_1_243' title='bbox 334 2782 443 2858; x_wconf 88' lang='lat' dir='ltr'><strong>partim</strong></span> <span class='ocrx_word' id='word_1_244' title='bbox 458 2781 635 2841; x_wconf 86' lang='lat' dir='ltr'><strong>desilientes</strong></span> <span class='ocrx_word' id='word_1_245' title='bbox 650 2780 920 2856; x_wconf 88' lang='lat' dir='ltr'><strong>immiscentesque</strong></span> <span class='ocrx_word' id='word_1_246' title='bbox 934 2797 969 2841; x_wconf 91' lang='lat' dir='ltr'><strong>se</strong></span> <span class='ocrx_word' id='word_1_247' title='bbox 984 2782 1091 2856; x_wconf 87' lang='lat' dir='ltr'><strong>pediti·</strong></span> 
     </span>
     <span class='ocr_line' id='line_1_32' title="bbox 113 2863 1098 2941; baseline 0 -18"><span class='ocrx_word' id='word_1_248' title='bbox 113 2863 168 2924; x_wconf 91' lang='lat' dir='ltr'><strong>bus</strong></span> <span class='ocrx_word' id='word_1_249' title='bbox 184 2866 372 2941; x_wconf 86' lang='lat' dir='ltr'><strong>pugnabant.</strong></span> <span class='ocrx_word' id='word_1_250' title='bbox 405 2865 446 2925; x_wconf 90' lang='lat' dir='ltr'><strong>ita</strong></span> <span class='ocrx_word' id='word_1_251' title='bbox 461 2879 518 2923; x_wconf 93' lang='lat' dir='ltr'><strong>nec</strong></span> <span class='ocrx_word' id='word_1_252' title='bbox 534 2878 632 2939; x_wconf 89' lang='lat' dir='ltr'><strong>eques</strong></span> <span class='ocrx_word' id='word_1_253' title='bbox 646 2863 750 2940; x_wconf 90' lang='lat' dir='ltr'><strong>regius</strong></span> <span class='ocrx_word' id='word_1_254' title='bbox 766 2865 860 2940; x_wconf 92' lang='lat' dir='ltr'><strong>equiti</strong></span> <span class='ocrx_word' id='word_1_255' title='bbox 875 2881 933 2940; x_wconf 87' lang='lat' dir='ltr'><strong>par</strong></span> <span class='ocrx_word' id='word_1_256' title='bbox 947 2871 1026 2939; x_wconf 87' lang='lat' dir='ltr'><strong>erat,</strong></span> <span class='ocrx_word' id='word_1_257' title='bbox 1048 2864 1098 2923; x_wconf 88' lang='lat' dir='ltr'><strong>in-</strong></span> 
     </span>
     <span class='ocr_line' id='line_1_33' title="bbox 113 2948 1094 3023; baseline -0.001 -17"><span class='ocrx_word' id='word_1_258' title='bbox 113 2955 219 3011; x_wconf 85' lang='lat' dir='ltr'><strong>suetus</strong></span> <span class='ocrx_word' id='word_1_259' title='bbox 240 2950 281 3009; x_wconf 93' lang='lat' dir='ltr'><strong>ad</strong></span> <span class='ocrx_word' id='word_1_260' title='bbox 305 2949 443 3010; x_wconf 89' lang='lat' dir='ltr'><strong>stabilem</strong></span> <span class='ocrx_word' id='word_1_261' title='bbox 471 2963 619 3023; x_wconf 87' lang='lat' dir='ltr'><strong>pugnam,</strong></span> <span class='ocrx_word' id='word_1_262' title='bbox 645 2964 704 3008; x_wconf 93' lang='lat' dir='ltr'><strong>nec</strong></span> <span class='ocrx_word' id='word_1_263' title='bbox 724 2948 822 3022; x_wconf 88' lang='lat' dir='ltr'><strong>pedes</strong></span> <span class='ocrx_word' id='word_1_264' title='bbox 844 2954 1043 3009; x_wconf 91' lang='lat' dir='ltr'><strong>concursator</strong></span> <span class='ocrx_word' id='word_1_265' title='bbox 1062 2952 1094 3005; x_wconf 94' lang='lat' dir='ltr'><strong>et</strong></span> 
     </span>
     <span class='ocr_line' id='line_1_34' title="bbox 114 3030 1091 3109; baseline 0.001 -20"><span class='ocrx_word' id='word_1_266' title='bbox 114 3047 208 3106; x_wconf 87' lang='lat' dir='ltr'><strong>vagus</strong></span> <span class='ocrx_word' id='word_1_267' title='bbox 224 3039 255 3093; x_wconf 89' lang='lat' dir='ltr'><strong>et</strong></span> <span class='ocrx_word' id='word_1_268' title='bbox 268 3049 367 3109; x_wconf 85' lang='lat' dir='ltr'><strong>prope</strong></span> <span class='ocrx_word' id='word_1_269' title='bbox 378 3032 558 3093; x_wconf 90' lang='lat' dir='ltr'><strong>seminudus</strong></span> <span class='ocrx_word' id='word_1_270' title='bbox 569 3046 683 3106; x_wconf 89' lang='lat' dir='ltr'><strong>genere</strong></span> <span class='ocrx_word' id='word_1_271' title='bbox 694 3047 847 3093; x_wconf 90' lang='lat' dir='ltr'><strong>armorum</strong></span> <span class='ocrx_word' id='word_1_272' title='bbox 857 3030 940 3091; x_wconf 90' lang='lat' dir='ltr'><strong>veliti</strong></span> <span class='ocrx_word' id='word_1_273' title='bbox 952 3032 1091 3091; x_wconf 87' lang='lat' dir='ltr'><strong>Romano</strong></span> 
     </span>
     <span class='ocr_line' id='line_1_35' title="bbox 115 3114 1090 3192; baseline -0.006 -15"><span class='ocrx_word' id='word_1_274' title='bbox 115 3129 249 3188; x_wconf 86' lang='lat' dir='ltr'><strong>parmam</strong></span> <span class='ocrx_word' id='word_1_275' title='bbox 263 3117 460 3192; x_wconf 87' lang='lat' dir='ltr'><strong>gladiumque</strong></span> <span class='ocrx_word' id='word_1_276' title='bbox 473 3115 606 3188; x_wconf 89' lang='lat' dir='ltr'><strong>habenti,</strong></span> <span class='ocrx_word' id='word_1_277' title='bbox 619 3115 795 3191; x_wconf 90' lang='lat' dir='ltr'><strong>pariterque</strong></span> <span class='ocrx_word' id='word_1_278' title='bbox 807 3121 837 3174; x_wconf 92' lang='lat' dir='ltr'><strong>et</strong></span> <span class='ocrx_word' id='word_1_279' title='bbox 848 3115 888 3174; x_wconf 92' lang='lat' dir='ltr'><strong>ad</strong></span> <span class='ocrx_word' id='word_1_280' title='bbox 900 3127 935 3172; x_wconf 90' lang='lat' dir='ltr'><strong>se</strong></span> <span class='ocrx_word' id='word_1_281' title='bbox 946 3114 1090 3174; x_wconf 91' lang='lat' dir='ltr'><strong>tuendum</strong></span> 
     </span>
     <span class='ocr_line' id='line_1_36' title="bbox 114 3196 1112 3276; baseline -0.005 -18"><span class='ocrx_word' id='word_1_282' title='bbox 114 3201 194 3260; x_wconf 87' lang='lat' dir='ltr'><strong>etad</strong></span> <span class='ocrx_word' id='word_1_283' title='bbox 208 3200 330 3261; x_wconf 90' lang='lat' dir='ltr'><strong>hostem</strong></span> <span class='ocrx_word' id='word_1_284' title='bbox 351 3199 515 3276; x_wconf 91' lang='lat' dir='ltr'><strong>petendum</strong></span> <span class='ocrx_word' id='word_1_285' title='bbox 537 3206 664 3259; x_wconf 70' lang='lat' dir='ltr'><strong>armato,</strong></span> <span class='ocrx_word' id='word_1_286' title='bbox 687 3215 749 3259; x_wconf 90' lang='lat' dir='ltr'><strong>non</strong></span> <span class='ocrx_word' id='word_1_287' title='bbox 769 3199 865 3258; x_wconf 91' lang='lat' dir='ltr'><strong>tulere</strong></span> <span class='ocrx_word' id='word_1_288' title='bbox 886 3197 988 3270; x_wconf 93' lang='lat' dir='ltr'><strong>itaque</strong></span> <span class='ocrx_word' id='word_1_289' title='bbox 1005 3196 1112 3254; x_wconf 78' lang='lat' dir='ltr'><strong>dimi.</strong></span> 
     </span>
     <span class='ocr_line' id='line_1_37' title="bbox 115 3279 1092 3358; baseline -0.008 -16"><span class='ocrx_word' id='word_1_290' title='bbox 115 3283 278 3354; x_wconf 80' lang='lat' dir='ltr'><strong>cationem3</strong></span> <span class='ocrx_word' id='word_1_291' title='bbox 292 3299 350 3344; x_wconf 93' lang='lat' dir='ltr'><strong>nec</strong></span> <span class='ocrx_word' id='word_1_292' title='bbox 364 3282 424 3344; x_wconf 91' lang='lat' dir='ltr'><strong>alia</strong></span> <span class='ocrx_word' id='word_1_293' title='bbox 437 3298 575 3358; x_wconf 89' lang='lat' dir='ltr'><strong>requam</strong></span> <span class='ocrx_word' id='word_1_294' title='bbox 585 3282 747 3342; x_wconf 82' lang='lat' dir='ltr'><strong>velocitate</strong></span> <span class='ocrx_word' id='word_1_295' title='bbox 759 3288 891 3342; x_wconf 88' lang='lat' dir='ltr'><strong>tutantes</strong></span> <span class='ocrx_word' id='word_1_296' title='bbox 903 3294 938 3339; x_wconf 91' lang='lat' dir='ltr'><strong>se</strong></span> <span class='ocrx_word' id='word_1_297' title='bbox 949 3279 979 3338; x_wconf 95' lang='lat' dir='ltr'><strong>in</strong></span> <span class='ocrx_word' id='word_1_298' title='bbox 992 3283 1092 3337; x_wconf 89' lang='lat' dir='ltr'><strong>castra</strong></span> 
     </span>
     <span class='ocr_line' id='line_1_38' title="bbox 115 3366 298 3443; baseline 0.027 -21"><span class='ocrx_word' id='word_1_299' title='bbox 115 3366 298 3443; x_wconf 76' lang='lat' dir='ltr'><strong>refugerunt.</strong></span> 
     </span>
    </p>

    <p class='ocr_par' dir='ltr' id='par_1_4' title="bbox 194 3439 1090 3522">
     <span class='ocr_line' id='line_1_39' title="bbox 194 3439 1090 3522; baseline -0.021 -8"><span class='ocrx_word' id='word_1_300' title='bbox 194 3450 328 3514; x_wconf 90' lang='lat' dir='ltr'>XXXVI.</span> <span class='ocrx_word' id='word_1_301' title='bbox 350 3452 418 3514; x_wconf 89' lang='lat' dir='ltr'><strong>Uno</strong></span> <span class='ocrx_word' id='word_1_302' title='bbox 440 3451 552 3512; x_wconf 90' lang='lat' dir='ltr'><strong>deinde</strong></span> <span class='ocrx_word' id='word_1_303' title='bbox 572 3448 747 3510; x_wconf 86' lang='lat' dir='ltr'><strong>intermisso</strong></span> <span class='ocrx_word' id='word_1_304' title='bbox 768 3447 834 3522; x_wconf 89' lang='lat' dir='ltr'><strong>die,</strong></span> <span class='ocrx_word' id='word_1_305' title='bbox 860 3461 929 3504; x_wconf 91' lang='lat' dir='ltr'><strong>cum</strong></span> <span class='ocrx_word' id='word_1_306' title='bbox 950 3439 1090 3502; x_wconf 79' lang='lat' dir='ltr'><strong>ommbum</strong></span> 
     </span>
    </p>
   </div>
   <div class='ocr_carea' id='block_1_4' title="bbox 0 0 1304 4000">
    <p class='ocr_par' dir='ltr' id='par_1_5' title="bbox 0 0 1304 4000">
     <span class='ocr_line' id='line_1_40' title="bbox 0 0 1304 4000; baseline 0 2"><span class='ocrx_word' id='word_1_307' title='bbox 0 0 1304 4000; x_wconf 95' lang='lat' dir='ltr'><strong> </strong></span> 
     </span>
    </p>
   </div>
  </div>
 </body>
</html>
