2600 4000
281 253 397 316 LIBER
410 253 515 315 xxxi.
539 253 622 314 cnP.
636 258 736 315 caeo
756 260 913 328 [acam]
1039 254 1083 322 45

101 411 191 468 latam
211 420 316 466 rerum
341 411 496 480 gestarum
517 404 583 465 eius
605 405 656 465 cui
675 410 777 466 tantus
798 405 898 467 honos
918 406 1082 470 haberetur

100 490 235 564 populus
256 490 416 550 Romanus
436 488 564 550 viderea
594 504 724 564 ecquem
749 505 789 548 ex
809 503 847 549 eo
872 490 1008 552 exercitu
1028 497 1081 568 qm

101 590 170 635 cum
181 573 278 634 Gallis
287 573 477 649 pugnaverit,
492 572 520 632 si
531 589 591 633 non
604 573 736 648 militem,
751 572 844 633 lixam
856 574 964 634 saltam
974 574 1081 651 tuisse,

100 673 191 732 quem
207 656 404 733 percunctari
417 662 527 732 posset
536 663 663 718 senatus
675 657 750 732 quid
759 657 827 716 vari
838 663 962 733 praetor
971 659 1083 719 vanive

100 741 253 802 adierrctt
274 740 404 802 comitiis
419 739 531 800 deinde
545 740 627 800 diam
641 740 752 811 edixit;
776 741 887 816 quibus
904 740 998 802 creati
1011 748 1082 802 sunt

99 827 243 886 consules
257 825 293 884 L.
308 824 465 886 cornelius
479 824 624 884 Lentulus
638 823 672 882 P.
684 825 794 885 Villius
808 825 977 901 Tappulus.
992 841 1081 900 prae-

99 913 179 970 tores
193 909 269 969 inde
284 908 356 969 iacti
369 908 403 966 L.
419 907 575 982 Quinctius
589 906 776 968 Flamininus
790 909 823 968 L.
838 909 980 969 Valerius
994 907 1080 970 Flac-

100 1006 152 1052 cus
166 993 200 1053 L.
215 993 331 1053 Villius
345 992 503 1067 Tappulus
525 990 578 1049 Cn.
593 985 726 1051 Baebius
740 991 926 1068 Tamphilus.

178 1077 212 1136 L.
241 1077 377 1137 Annona
398 1089 523 1151 quoque
544 1089 582 1135 eo
597 1089 676 1135 anno
697 1075 824 1151 pervilis
845 1076 910 1137 luit.
940 1076 1081 1137 humenti

91 1159 156 1223 ,vim
169 1175 316 1236 magnam
331 1176 371 1220 ex
384 1158 490 1220 Africa
504 1158 663 1218 advectam
677 1160 792 1220 aediles
807 1162 929 1222 currules
939 1160 979 1220 Μ.
993 1160 1078 1221 clau·

98 1243 164 1304 dius
174 1243 345 1305 Marcellus
357 1248 387 1303 et
398 1242 469 1303 Sex.
492 1242 599 1302 Aelius
609 1241 719 1303 Pactus
730 1242 811 1305 binis
822 1244 903 1304 aeris
914 1242 945 1303 in
957 1244 1078 1305 modios

98 1328 210 1403 populo
238 1328 421 1389 diviserunt.
453 1333 485 1386 et
502 1325 593 1386 ludos
612 1327 771 1388 Romanos
796 1343 907 1403 magno
929 1335 1078 1404 apparatu

97 1409 250 1488 lecerunt,
274 1411 356 1473 diem
376 1427 470 1472 unum
483 1411 697 1490 instaurarunt.
730 1412 819 1486 signa
831 1426 928 1471 aenea
943 1411 1079 1488 quinque

96 1508 132 1553 ex
151 1495 324 1560 multaticio
345 1502 471 1570 argento
491 1495 521 1554 in
543 1495 661 1556 aerario
681 1502 861 1571 posuerunt.
888 1494 1000 1571 plebeii
1014 1496 1078 1555 ludi

96 1576 133 1638 ab
153 1580 309 1642 aedilibus
329 1579 362 1639 L.
383 1579 523 1640 Terenlio
543 1577 712 1639 Massiliota
733 1587 764 1642 et
784 1578 836 1640 Cn.
856 1576 973 1640 Baebio
991 1580 1077 1640 Tam-

96 1660 193 1737 philo,
217 1664 273 1742 qui
292 1670 417 1739 praetor
436 1662 614 1738 designatus
629 1670 710 1736 erat,
731 1669 779 1728 ter
791 1663 846 1724 toti
859 1663 1027 1724 instaurati.
1050 1667 1080 1721 et

97 1745 157 1806 ludi
182 1747 330 1809 funebres
354 1762 390 1808 eo
412 1763 492 1808 anno
517 1761 575 1822 per
599 1747 804 1821 quadriduum
828 1746 859 1806 in
880 1746 947 1807 loro
972 1745 1079 1806 mortis

97 1843 191 1892 causa
209 1833 253 1894 Μ.
268 1831 383 1892 Valerii
402 1828 529 1891 Laevini
549 1846 568 1890 a
585 1830 617 1889 P.
640 1836 671 1890 et
689 1830 730 1890 M.
751 1830 822 1891 filiis
848 1831 915 1891 eius
941 1829 1027 1898 iacti;
1050 1836 1080 1889 et

96 1925 207 1977 munus
222 1914 435 1992 gladiatorium
445 1915 549 1976 datum
562 1913 601 1974 ah
616 1910 672 1986 iis'3
686 1915 773 1991 paria
784 1914 920 1991 quinque
932 1920 963 1975 at
973 1913 1078 1989 viginti

95 2008 282 2075 pugnarunt.
314 1998 354 2060 Μ.
375 1999 518 2060 Aurelius
539 1998 625 2061 cotta
645 1999 801 2061 decemvir
821 2015 978 2061 sacrorum
998 2015 1078 2059 mor·

95 2086 183 2144 lausa
207 2086 239 2144 in
254 2084 321 2144 eius
337 2085 438 2142 locum
452 2081 492 2139 Μ’
509 2082 626 2142 Acilius
642 2084 765 2143 Glabrio
784 2083 944 2145 suffectus.

183 2165 321 2228 comitiis
342 2164 457 2223 aediles
478 2165 599 2223 curules
615 2167 707 2224 creati
722 2171 795 2226 sunt
807 2167 886 2226 forte
901 2165 1004 2235 ambo,
1027 2165 1080 2240 qui

96 2248 202 2309 statim
232 2249 374 2324 occipere
402 2248 610 2322 magistratum
634 2263 696 2308 non
721 2255 859 2323 possent.
890 2264 962 2307 nam
986 2247 1080 2308 Gaius

97 2331 258 2394 cornelius
273 2331 425 2407 Cethegus
445 2330 559 2391 absens
581 2337 702 2392 creatus
717 2338 796 2405 erat,
820 2347 889 2392 oum
901 2329 1080 2407 Hispaniam

99 2416 250 2480 obtineret
268 2415 473 2493 provinciam3
497 2415 528 2475 c.
547 2415 692 2477 Valerius
709 2415 854 2488 Flaccus,
880 2430 971 2491 quem
991 2431 1078 2491 prae·

101 2508 217 2563 sentem
232 2506 420 2573 creaverant,
437 2500 510 2576 quia
521 2498 633 2561 flamen
643 2500 740 2562 Dialis
752 2506 824 2575 erat
838 2500 940 2561 iurare
951 2501 982 2561 iu
992 2501 1078 2575 leges

100 2597 160 2645 non
181 2592 315 2663 perarata
336 2584 546 2661 magistratum
563 2591 664 2645 autem
677 2587 748 2660 plus
763 2584 899 2661 quinque
913 2584 997 2660 dies,
1019 2584 1076 2646 nisi

103 2671 153 2742 qui
166 2670 301 2732 iurasset
315 2668 347 2729 in
364 2671 460 2745 leges,
473 2685 536 2730 uon
550 2668 663 2730 licebat
675 2684 792 2743 gerere.
815 2675 939 2745 petente
954 2669 1075 2743 Flacco,

101 2757 134 2813 ut
145 2755 265 2830 legibus
281 2755 466 2832 solveretur,
492 2759 618 2814 senatus
632 2753 782 2825 decrevit,
802 2759 845 2825 ut,
861 2752 888 2814 si
902 2752 1009 2813 aedilis
1025 2753 1078 2828 qui

103 2849 156 2908 pro
170 2854 207 2900 sc
219 2839 334 2899 iuraret
348 2836 492 2898 arbitratu
507 2838 668 2898 consulum
682 2837 783 2911 daret,
806 2837 967 2911 consules,
989 2834 1017 2896 si
1031 2836 1076 2896 eis

102 2918 270 2998 videretur,
296 2937 366 2983 eum
389 2919 518 2981 tribunis
544 2919 644 2996 plebis
665 2927 807 2995 agerent,
832 2921 876 2982 uti
895 2920 936 2979 ad
956 2920 1078 2994 plebem

103 3000 223 3069 terrent.
257 3007 346 3066 datus
365 3001 417 3081 qui
429 3003 543 3064 iuraret
555 3020 614 3080 pro
628 3004 721 3064 fratre
734 3002 768 3062 L.
782 3004 926 3065 Valerius
937 3002 1076 3076 Flaccus,

104 3097 226 3158 praetor
257 3088 447 3165 designatus.
482 3085 596 3149 tribuni
622 3089 663 3148 ad
690 3087 812 3164 plebem
838 3090 984 3161 tulerunt,
1012 3088 1078 3163 ple-

104 3164 218 3251 besque
233 3171 331 3247 scivit,
347 3179 381 3235 ut
395 3171 523 3248 perinde
537 3180 622 3234 esset
635 3187 672 3233 ac
687 3170 714 3232 si
727 3168 797 3247 ipsc
811 3172 920 3233 aedilis
935 3170 1077 3232 iurasset

106 3258 192 3320 etde
213 3258 310 3319 altero
335 3256 434 3317 aedile
458 3256 567 3317 scitum
591 3255 674 3332 plebi
695 3259 744 3316 est
763 3257 876 3317 lactum
900 3256 1076 3330 rogantibus

106 3336 244 3417 tribunis,
266 3357 345 3418 quos
366 3342 446 3402 duos
467 3338 498 3402 ln
512 3340 693 3416 Hispaniam
708 3355 778 3401 cum
791 3340 919 3416 irnperio
935 3340 975 3399 ad
989 3354 1074 3399 cuer⁴

107 3419 179 3486 titus
198 3425 244 3487 irc
259 3426 412 3500 iuberent,
437 3423 691 3487 aldcambus
707 3424 814 3485 aedilis
831 3421 945 3485 curulis
959 3422 999 3481 ad
1013 3437 1073 3480 ma·

108 3502 259 3575 mnarum
273 3509 439 3585 gerendum
451 3507 580 3582 veniret,
593 3517 623 3570 et
634 3507 668 3567 L.
680 3506 810 3568 Manlius
822 3505 970 3567 Acidinus
987 3502 1074 3562 dccc·
