2600 4000
221 252 282 317 ³38
344 251 459 311 IIBIIR
477 249 641 311 XXXVIII.
662 248 745 309 cAP.
758 256 857 308 anm.
879 253 917 347 [²1
930 253 1075 319 ηοω]

222 420 302 484 quae
321 418 486 480 numquam
505 400 566 463 nisi
585 403 616 461 in
637 417 741 477 pugna
755 401 922 461 nudentur=
944 401 1031 462 itaet
1045 403 1117 478 plus
1131 420 1200 465 san-

221 487 322 567 guinis
342 503 383 547 ex
403 488 496 548 multa
516 501 608 547 carne
622 484 821 559 tundebatur,
843 492 874 544 et
887 484 1042 547 foediores
1057 487 1203 562 patebant

222 575 340 651 plagae,
356 578 388 632 et
400 570 517 631 candor
531 584 697 645 corporum
709 566 809 644 magis
824 566 973 642 sangnine
988 575 1054 630 atro
1068 573 1203 632 macula·

221 658 319 718 batur.
341 654 399 715 sed
412 669 474 715 non
489 660 549 714 tam
559 652 734 730 patentibus
746 650 846 727 plagis
857 659 1027 714 moventur.
1049 652 1203 715 Interdum
1233 685 1237 694 ·

222 741 339 802 insecta
353 745 436 812 cute,
459 736 512 800 ubi
527 738 617 798 latior
632 752 724 812 quam
735 735 825 796 altior
838 737 931 813 plaga
944 743 1008 807 est,
1031 735 1124 797 etiam
1138 740 1204 813 glo—

221 824 335 887 riosius
355 838 390 883 se
410 837 548 899 pugnare
567 826 682 896 putant
714 819 821 892 iidem,
843 835 913 880 cunr
932 822 1063 881 aculeus
1074 822 1206 896 sagittae

222 916 275 970 aut
297 906 417 983 glandis
440 905 559 967 abditae
582 906 734 966 introrsus
760 902 844 964 tenui
864 904 992 964 vnlnere
1012 906 1043 964 in
1065 905 1205 981 speciem

222 993 290 1067 urit,
305 997 336 1052 et
349 989 511 1051 scrutantis
527 1005 589 1063 qua
602 990 734 1050 evellant
748 988 840 1048 telum
855 1002 918 1048 non
932 988 1080 1063 sequitur,
1095 994 1159 1049 tum
1174 990 1205 1050 in

223 1075 337 1137 rabiem
363 1080 394 1134 et
415 1074 564 1149 pudorem
583 1080 645 1134 tam
668 1087 783 1148 parvae
803 1070 981 1148 perImentis
1001 1071 1084 1132 versi
1104 1074 1205 1148 pestis

223 1163 420 1235 prosternunt
444 1172 577 1233 corpora
597 1156 695 1229 humi,
721 1155 799 1217 sicut
819 1153 937 1230 passim
956 1155 1205 1230 procumberent

223 1241 274 1303 alii
295 1248 421 1301 ruentes
446 1241 476 1300 in
502 1240 622 1301 hostem
646 1240 785 1315 undique
810 1239 1113 1314 configebantur,et
1132 1255 1204 1300 cunr

224 1326 393 1386 comminus
406 1331 563 1398 venerant,
578 1324 688 1398 gladiis
703 1339 722 1383 a
735 1323 875 1384 velitibus
890 1322 1126 1384 trucidabantur.
1149 1321 1203 1383 hic

223 1408 312 1469 miles
327 1405 506 1482 tripedalem
520 1423 657 1482 parmam
671 1406 777 1479 habet,
794 1415 825 1468 et
838 1408 868 1467 in
883 1408 992 1468 dextra
1006 1406 1121 1481 hastas,
1136 1407 1204 1481 qui-

198 1561 202 1570 ·
225 1494 282 1552 bus
296 1490 417 1551 eminus
429 1489 537 1562 utitur;
559 1489 869 1565 gladio’ilispaniensi
883 1498 931 1552 est
941 1490 1068 1552 cinctus.
1091 1489 1203 1566 quodsi
1239 1524 1244 1534 ·

225 1576 305 1652 pede
329 1574 440 1646 collato
463 1574 661 1650 pugnandum
676 1582 737 1648 est,
760 1573 913 1635 translatis
927 1575 958 1634 in
973 1576 1092 1635 laevam
1107 1575 1204 1637 hastis

225 1659 344 1735 stringit
366 1658 511 1734 gladium.
545 1658 635 1734 pauci
658 1656 719 1717 inm
743 1665 926 1732 supererant
950 1658 1122 1729 Gallorum;
1152 1661 1205 1735 qui

227 1752 391 1820 postquam
413 1743 452 1804 ab
472 1742 532 1803 levi
551 1748 704 1803 armatura
724 1750 887 1816 superatos
909 1758 945 1804 se
957 1742 1100 1803 viderunt
1113 1748 1145 1803 et
1161 1743 1205 1802 in-

225 1834 307 1889 stare
321 1826 592 1902 legionumsigna,
607 1825 708 1887 effusa
722 1826 794 1902 luga
808 1834 913 1888 castra·
924 1832 1064 1902 repetunt
1078 1828 1207 1902 pavoris

224 1919 255 1972 et
268 1911 413 1972 tumultus
430 1910 490 1970 iam
503 1911 603 1986 plena,
618 1916 653 1971 ut
665 1909 717 1971 ubi
734 1910 863 1970 feminae
876 1911 1027 1986 puerique
1038 1916 1068 1971 et
1079 1911 1140 1970 alia
1150 1909 1207 1970 im·

226 1993 313 2055 nellis
338 1992 428 2054 turba
453 1994 602 2068 permixta
627 2001 719 2055 esset.
754 1994 912 2055 Romanos
937 1994 1069 2056 victores
1091 1994 1206 2056 deserti

225 2078 298 2153 luga
311 2077 444 2137 hostium
458 2084 645 2154 acceperunt
659 2078 772 2138 tumuli.
800 2078 891 2139 XXll.
913 2079 972 2139 sub
986 2079 1068 2139 idem
1081 2084 1207 2155 tempus

177 2158 181 2163 ’
223 2161 256 2221 L.
272 2160 404 2221 Manlius
420 2167 451 2222 et
466 2161 497 2221 c.
512 2162 656 2235 Helvius,
679 2178 748 2222 cum
764 2163 867 2236 quoad
880 2162 962 2221 vIam
977 2163 1072 2224 colles
1087 2162 1206 2239 obliqui

225 2246 377 2306 dederunt
402 2246 630 2318 ascendissent,
659 2252 822 2321 postquam
842 2247 882 2305 ad
903 2246 984 2306 invia
1004 2253 1129 2308 ventum
1150 2255 1206 2315 est

224 2327 340 2390 ilexere
360 2330 418 2390 iter
438 2329 469 2389 in
491 2335 608 2405 partem
628 2329 755 2404 montis,
778 2344 858 2406 quae
871 2346 934 2390 una
948 2324 1080 2391 habebat
1094 2330 1162 2404 iter,
1178 2335 1209 2389 et

225 2413 315 2490 sequi
335 2414 471 2473 consulis
492 2428 602 2488 agmen
616 2413 738 2473 modico
752 2420 882 2488 uterque
895 2411 1054 2474 intervallo
1069 2416 1155 2474 velut
1169 2429 1208 2474 ex

225 2497 395 2572 composito
411 2502 594 2571 coeperunt,
616 2496 701 2570 quod
715 2495 814 2570 primo
830 2495 976 2572 optimum
991 2499 1073 2558 lactu
1087 2497 1208 2572 luisset,

136 2630 140 2637 .
225 2579 302 2638 inid
322 2579 506 2638 necessitate
527 2579 597 2654 ipsa
611 2580 778 2653 compulsi:
801 2580 1035 2642 subsidiaenim
1048 2581 1079 2640 in
1093 2580 1208 2642 talibus

224 2661 432 2736 iniquitatibus
446 2662 585 2723 locorum
600 2661 734 2723 maximo
749 2679 846 2739 saepe
858 2664 928 2725 usui
944 2665 1081 2737 luerunt,
1098 2670 1132 2725 ut
1146 2665 1208 2740 pri-

208 2744 282 2805 mis
305 2744 383 2805 rorte
404 2744 572 2807 deturbatis
594 2746 723 2807 secundi
744 2755 774 2809 et
792 2755 896 2823 tegant
917 2750 1026 2823 pulsos
1047 2755 1078 2808 et
1098 2749 1209 2823 integri

224 2844 359 2904 pugnam
373 2828 536 2904 excipiant
568 2832 693 2906 consul,
708 2839 873 2908 postquam
889 2833 928 2891 nd
943 2832 1077 2893 tumulos
1092 2833 1132 2892 ab
1148 2832 1209 2891 levi
1225 2850 1229 2857 ·

224 2919 377 2973 armatura
386 2919 494 2987 captos
506 2913 604 2989 prima
615 2914 704 2990 signa
714 2915 868 2990 legionum
879 2922 1094 2990 pervenerunt,
1108 2917 1209 2992 respi-

223 3012 292 3057 rare
305 3002 335 3057 et
349 2997 571 3073 conquiescere
585 2999 744 3074 paulisper
758 2998 881 3060 militem
893 2999 986 3061 iubet.
1009 2999 1101 3060 simul
1113 3006 1210 3060 strata

161 3105 164 3109 ²
211 3088 281 3155 ¹per
296 3081 429 3141 tumulos
448 3096 581 3156 corpora
597 3082 751 3143 Gallorum
766 3089 913 3153 ostentat3
935 3091 1049 3144 etcum
1065 3084 1145 3143 levis
1162 3100 1209 3143 ar-

224 3170 341 3225 matura
354 3166 505 3239 proelium
519 3166 579 3225 tale
592 3164 730 3241 ediderit,
746 3166 820 3241 quid
830 3166 869 3227 ab
881 3165 1063 3242 legionibus,
1081 3167 1159 3241 quid
1170 3168 1210 3227 ab

223 3247 311 3308 iustis
327 3248 429 3319 armis,
447 3247 521 3324 quid
533 3248 574 3308 ab
586 3248 694 3309 animis
709 3249 942 3311 fortissimorum
956 3250 1082 3311 militum
1095 3266 1207 3326 exspe-

204 3330 320 3393 eterit
341 3337 443 3391 castra
463 3330 522 3391 illis
545 3331 696 3407 capienda
715 3349 803 3407 esse,
824 3334 855 3395 in
871 3350 951 3409 quae
972 3335 1155 3410 compulsus
1170 3334 1209 3394 ab

224 3416 284 3476 levi
311 3421 464 3476 armatura
488 3413 587 3476 hostis
613 3418 750 3491 trepidet.
788 3419 975 3492 praecedere
1001 3425 1101 3478 tamen
1123 3417 1209 3478 iubet

176 3508 179 3511 ’
224 3501 321 3560 levem
342 3505 541 3580 armaturam
564 3516 657 3576 qnae,
680 3517 749 3561 cum
767 3508 862 3562 staret
876 3517 1000 3577 agmen,
1023 3499 1207 3577 colligendis
