2600 4000
269 251 383 313 LIBER
396 252 514 312 xxxll.
536 252 618 313 CAP-
632 262 674 315 15.
688 262 730 315 16.
752 260 788 328 [ι.
802 260 835 313 c.
847 261 908 325 198]
1035 257 1076 320 59

102 407 217 483 repleta
239 408 321 469 omni
340 423 442 468 rerum
456 406 546 483 copia
560 413 632 468 sunt
646 412 756 466 castra.
787 406 858 466 inde
872 409 1013 470 Atracem
1028 419 1075 472 est

101 492 266 567 prolectas.
301 492 407 551 decem
428 491 523 551 ferme
542 492 624 551 milia
644 490 683 550 ab
697 490 805 550 Larisa
823 491 925 561 abest;
952 508 992 552 ex
1004 494 1073 554 Per-

99 575 225 636 rhaebia
239 575 361 637 oriundi
376 583 462 645 sunt;
484 575 544 636 sita
554 584 602 636 est
611 575 687 635 urbs
698 590 793 650 super
802 573 934 635 Peneum
947 593 1074 637 amnem.

99 658 171 718 nihil
194 660 389 736 trepidavere
409 659 548 719 Thessali
569 660 609 719 ad
629 659 761 734 primum
781 658 944 719 adventum
964 661 1075 721 Roma·

99 758 214 803 norum.
251 750 283 805 et
301 742 458 820 Philippus
480 743 559 805 sicut
582 744 612 802 in
633 743 823 803 Thessaliam
843 743 911 818 ipse
931 746 1076 819 progredi

97 842 157 887 non
172 828 322 903 audebat,
344 827 385 889 ita
398 829 477 888 intra
490 828 604 903 Tempe
618 826 738 887 stativis
752 827 878 902 positis,
894 830 1076 905 utquisque

25 984 28 992 Ι
96 910 180 971 locus
206 913 245 972 ab
272 912 364 973 hoste
387 912 605 987 temptabatur,
630 910 786 986 praesidia
812 927 868 986 per
893 914 1074 974 occasiones

96 996 309 1057 summittebat.

175 1079 256 1140 xvl.
289 1079 353 1140 Sub
378 1081 459 1140 idem
480 1081 545 1140 lere
566 1085 687 1154 tempus
710 1096 771 1155 quo
794 1080 901 1140 consul
922 1082 1073 1142 adversus

95 1160 266 1240 Philippum
289 1164 419 1240 primum
439 1164 470 1223 in
485 1163 570 1239 Epiri
585 1163 724 1224 faucibus
739 1164 844 1240 posuit
858 1172 973 1237 castra,
997 1173 1027 1227 et
1039 1167 1073 1226 L.

96 1244 249 1319 Quinctius
273 1249 367 1308 irater
388 1247 539 1322 consulis,
561 1246 609 1308 cui
631 1249 740 1309 classis
756 1265 829 1308 cura
844 1249 1072 1326 maritimaeque

95 1344 164 1391 orae
188 1332 352 1409 imperium
373 1332 548 1392 mandatum
569 1332 607 1391 ab
628 1339 737 1393 senatu
758 1338 837 1405 erat,
864 1349 932 1393 cum
954 1335 1073 1395 duabus

95 1415 366 1492 quinqueremibus
379 1415 545 1494 Corcyram
555 1423 717 1491 travectus,
729 1424 892 1493 postquam
904 1420 1072 1493 prolectam

93 1496 159 1559 inde
174 1501 311 1561 classem
326 1500 456 1575 audivit,
479 1501 552 1560 nihil
567 1503 746 1562 morandum
761 1508 860 1574 ratus,
877 1518 947 1562 oum
961 1502 1001 1562 ad
1015 1503 1071 1563 Za-

93 1596 168 1642 mam
189 1585 324 1646 insulam
346 1584 511 1645 adsecutus
533 1593 631 1659 esset,
656 1586 784 1646 dimisso
804 1585 838 1643 L.
853 1586 1000 1661 Apustio,
1024 1587 1070 1646 eui

92 1676 301 1739 successerat,
324 1669 410 1729 tarde
430 1669 502 1729 inde
523 1670 562 1729 ad
575 1669 706 1729 Maleam
720 1669 877 1728 trahendis
893 1671 1073 1744 plerumque

92 1753 225 1815 remulco
244 1752 388 1826 navibus,
406 1769 569 1828 quaecum
585 1753 987 1827 commeatusequebamur,
1003 1768 1060 1828 per

95 1836 181 1896 venit.
214 1837 360 1910 aMalea,
383 1837 476 1898 iussis
498 1835 608 1897 ceteris
631 1844 776 1913 quantum
797 1837 928 1897 maxime
944 1845 1073 1913 possent

92 1927 244 1980 maturare
260 1921 357 1996 sequi,
378 1921 447 1995 ipse
460 1921 556 1981 tribus
572 1921 843 1997 quinqueremibus
859 1922 1010 1997 expeditis
1025 1922 1071 1982 Pl

91 2012 217 2065 raeeum
242 2005 413 2081 praecedit,
439 2005 621 2079 accepitque
645 2022 741 2066 naves
767 2007 889 2066 relictas
915 2007 956 2067 ibi
978 2009 1016 2068 ab
1037 2008 1070 2066 L.

92 2087 224 2161 Apustio
236 2090 337 2160 legato
350 2087 390 2145 ad
402 2087 588 2160 praesidium
599 2089 796 2149 Athenarum.
811 2089 920 2149 eodem
932 2099 1072 2165 tempore

92 2170 172 2230 duae
195 2186 235 2228 ex
248 2169 325 2229 Asia
340 2170 459 2228 classes
473 2170 645 2244 proiectae,
667 2187 730 2230 una
745 2187 814 2230 cum
827 2174 929 2232 Attalo
943 2190 1017 2246 rege
1030 2205 1074 2218 -

90 2268 149 2313 eae
177 2259 320 2328 quattuor
340 2258 371 2312 et
388 2251 493 2326 viginti
519 2252 756 2328 quinqueremes
777 2260 928 2329 erant-,
954 2256 1075 2316 Rhodio

92 2337 188 2397 altera
208 2337 313 2414 viginti
333 2336 456 2397 navium
476 2344 639 2398 tectarum:
668 2337 901 2412 Agesimbrotus
923 2349 1073 2414 praeerat.

91 2418 148 2481 hae
167 2421 249 2483 cirea
268 2422 407 2482 Andrum
428 2421 559 2482 insulam
580 2423 698 2483 classes
720 2423 898 2484 coniunctae
917 2423 1073 2484 Euboeam

93 2503 160 2565 inde
176 2508 288 2583 exiguo
303 2506 466 2567 distantem
479 2506 557 2568 lreto
572 2507 763 2569 traiecerunt.
790 2506 998 2586 Carystiorum
1011 2510 1072 2585 pri·

93 2602 171 2650 mum
192 2607 285 2668 agros
306 2597 479 2660 vastarunt;
509 2590 620 2651 deinde
639 2592 691 2653 ubi
713 2592 860 2670 Carystus
881 2594 1072 2668 praesidioa

95 2669 234 2737 chalcide
249 2676 359 2750 raptim
372 2676 469 2736 misso
484 2674 572 2735 firma
586 2676 655 2736 visa
669 2683 731 2750 est,
749 2677 788 2736 ad
801 2677 949 2737 Eretriam
964 2695 1070 2739 acces·

95 2767 204 2820 serunt.
234 2760 344 2821 eodem
362 2765 393 2820 et
405 2760 438 2819 L.
455 2759 612 2833 Quinctius
627 2774 696 2819 cum
710 2761 747 2821 iis
762 2762 908 2835 navibus,
932 2779 1012 2837 quae
1024 2763 1071 2821 Pi-

94 2844 172 2903 racel
188 2845 323 2916 fuerant,
344 2843 437 2903 Attali
450 2843 533 2917 regis
547 2843 681 2904 adventu
695 2845 799 2905 audito
814 2846 897 2905 venit
911 2847 1020 2920 iussis,
1039 2854 1072 2907 ut

96 2938 234 3004 quaeque
254 2943 293 2987 ex
314 2943 372 2989 sua
392 2929 494 2987 classe
507 2927 665 2987 venissent
679 2945 791 3003 narce,
814 2929 970 2991 Euboeam
985 2938 1070 3006 pete·

95 3018 165 3070 rent.
194 3012 312 3072 Eretria
326 3027 445 3072 summa
458 3011 489 3070 vl
504 3013 753 3088 oppugnabatur
773 3029 842 3072 nam
858 3020 888 3073 et
901 3015 989 3074 trium
1004 3016 1069 3074 lun-

97 3096 207 3156 ctarum
233 3095 376 3156 classium
400 3111 496 3156 naves
521 3097 619 3156 omnis
645 3098 767 3171 generis
789 3103 937 3158 tormenta
957 3099 1070 3159 machi·

97 3187 209 3254 hasque
220 3180 260 3239 ad
271 3179 391 3240 urbium
403 3179 522 3239 excidia
533 3195 639 3241 secum
651 3181 821 3256 portabant,
829 3187 859 3242 et
869 3183 932 3257 agri
945 3183 1070 3243 adfatim

96 3264 234 3324 materiae
254 3263 442 3339 praebebant
462 3264 502 3323 ad
520 3280 600 3324 nova
614 3265 769 3325 molienda
784 3280 888 3340 opera.
922 3267 1069 3341 oppidani

97 3343 190 3413 primo
208 3348 291 3409 haud
310 3348 438 3424 impigre
453 3348 615 3409 tuebantur
626 3348 764 3418 moenia;
788 3349 858 3409 dein
874 3351 949 3409 lessi
964 3353 1068 3410 vulne-

96 3429 209 3507 ratique
234 3434 364 3508 aliquot,
388 3449 458 3493 cum
479 3439 509 3493 et
528 3432 606 3492 muri
625 3439 743 3506 partem
763 3448 903 3492 eversam
924 3433 1069 3506 operibus

99 3504 224 3576 hostium
239 3524 409 3590 cernerent,
431 3515 471 3576 ad
487 3516 672 3575 deditionem
687 3516 877 3575 inclinarunt.
909 3515 966 3572 sed
980 3528 1069 3584 prae·
