2600 4000
259 269 375 340 LIBER
387 268 535 328 XXXVII.
558 266 641 326 CAP.
657 274 699 329 18.
712 274 754 329 19.
777 273 814 340 [a.
829 272 862 331 0.
879 273 940 340 tao]
1032 266 1094 333 277

3 463 4 470 κ
115 439 198 485 mum
218 421 381 483 contendit.
409 419 459 483 ibi
473 435 581 480 mrsus
595 420 677 480 levia
693 435 749 494 per
762 421 963 484 excursiones
977 426 1095 499 proelia

117 507 182 568 iteri
203 511 327 581 coepta,
346 504 484 564 Eumene
504 517 641 563 summae
661 503 705 562 rei
726 503 890 564 discrimen
904 505 988 567 haud
1002 509 1094 569 dubie

116 592 312 652 detractante.
333 603 451 664 paucos
466 594 539 663 post
553 587 619 647 dies
630 587 770 648 Romana
779 587 962 664 Rhodiaque
975 592 1094 666 classis,

116 680 150 734 ut
168 672 233 747 regi
254 686 345 748 opem
365 673 491 745 terrent,
512 671 635 731 Elaeam
650 670 689 730 ab
705 668 797 732 Samo
812 679 980 734 moverunt
1014 690 1094 750 quos

3 829 4 832 Ἴ
116 758 169 818 ubi
183 755 368 832 exposuisse
383 754 491 830 copias
505 754 617 814 Elaeae
631 760 663 814 ct
674 760 721 815 tot
734 756 852 815 classes
867 755 898 815 in
912 772 1007 817 uuum
1021 773 1093 818 cou-

3 869 4 904 t
117 840 241 900 venisse
262 845 384 915 portum
400 838 552 901 Antiocho
575 837 709 899 adlatum
724 847 785 911 cst,
807 845 838 898 et
852 840 910 900 sub
924 840 1006 900 idem
1019 847 1093 901 tem-

3 911 4 942 ³
118 941 175 1000 pus
190 923 306 983 audivit
319 923 478 984 consulem
490 938 560 983 cum
571 921 708 983 exercitu
718 922 777 982 iam
788 922 818 981 in
830 922 1012 984 Macedonia
1022 940 1095 985 csse

3 1019 4 1022 ’
116 1006 279 1084 pararique
305 1021 384 1081 quae
410 1007 450 1067 ad
474 1005 633 1067 transitum
659 1006 850 1082 Hellesponti
874 1023 954 1083 opus
979 1015 1094 1084 esseut,

117 1101 237 1167 tempus
250 1091 376 1150 venisse
389 1096 484 1164 ratus,
500 1089 680 1165 priusquam
694 1096 775 1150 terra
788 1090 927 1166 marique
941 1091 1029 1152 simul
1044 1109 1093 1153 ur·

117 1182 252 1250 geretur,
277 1173 389 1248 agendi
409 1174 453 1234 ‘de
475 1188 568 1248 pace,
592 1175 740 1234 tumulum
765 1169 918 1249 quendam
943 1176 1094 1237 adversus

116 1259 239 1319 Elaeam
259 1256 370 1318 castris
385 1257 483 1332 cepit;
505 1256 546 1316 ibi
560 1256 696 1331 peditum
712 1258 853 1319 omuibus
868 1258 966 1334 copiis
980 1260 1094 1321 relictis

117 1358 186 1403 cum
200 1341 336 1416 equitatu
346 1373 390 1384 —
401 1349 487 1400 crant
500 1347 600 1400 autern
611 1356 668 1400 scx
679 1341 761 1402 milia
772 1342 909 1418 equitum
922 1375 958 1386 —
971 1342 1001 1403 in
1014 1359 1092 1404 cam-

117 1442 176 1501 pos
191 1425 249 1486 sub
264 1424 334 1501 ipsa
346 1424 459 1485 Elaeae
472 1424 594 1485 moenia
607 1425 768 1487 descendit
781 1426 877 1488 misso
893 1426 1095 1489 caduceatore

116 1511 156 1571 ad
169 1508 340 1583 Aemilium,
353 1508 432 1568 velle
447 1524 483 1568 se
497 1508 536 1568 de
550 1523 626 1582 paee
642 1523 743 1582 agere.
771 1509 848 1571 XlX.
870 1509 1019 1570 Aemilius
1034 1512 1091 1572 Eu·
1207 1531 1209 1536 ¹

119 1609 207 1653 mene
226 1591 405 1668 aPergamo
426 1593 540 1665 accito,
561 1592 704 1653 adhibitis
726 1601 755 1654 ct
768 1593 910 1666 Rhodiis,
933 1594 1094 1654 consilium

116 1677 228 1737 habuit.
255 1675 367 1737 Rhodii
381 1676 463 1736 haud
478 1677 638 1751 aspamari
653 1692 777 1751 paoem,
798 1678 952 1737 Eumenes
968 1691 1026 1736 nec
1039 1677 1093 1737 ho·

116 1769 236 1841 nestum
255 1776 327 1821 esse
348 1760 451 1820 dicere
470 1775 507 1821 eo
523 1767 660 1836 ternpore
675 1760 715 1821 de
730 1775 807 1834 pace
821 1758 885 1833 ogi,
907 1774 964 1818 nec
980 1759 1094 1822 exitum

115 1844 160 1905 rei
173 1845 289 1920 imponi
303 1860 409 1921 posse.
436 1846 511 1920 „qui
526 1844 625 1903 enim“
645 1842 743 1919 inquit
756 1849 828 1916 „aut
842 1841 971 1902 honeste
984 1843 1095 1906 inclusi

115 1928 276 1990 moenibus
297 1935 327 1989 et
347 1927 470 1989 obsessi
491 1928 574 1986 velut
593 1926 679 2001 leges
701 1925 788 1999 pacis
809 1924 1017 2003 accipiemus?
1043 1935 1096 1989 aut

115 2014 164 2073 cui
178 2021 246 2072 rata
259 2013 318 2072 ista
332 2027 395 2087 pax
409 2011 473 2081 erit,
491 2026 582 2084 quarn
596 2009 664 2068 sine
679 2011 817 2083 consule,
832 2026 894 2072 non
909 2027 949 2072 ex
962 2014 1094 2074 auctori·

115 2102 176 2155 tate
204 2100 346 2166 senatus,
374 2108 437 2153 non
461 2091 549 2152 iussu
579 2091 685 2168 populi
710 2093 839 2154 Romani
867 2095 1095 2171 pepigerimust

116 2191 232 2252 quaero
253 2177 333 2236 enim
354 2190 432 2251 pace
451 2190 507 2250 per
525 2182 557 2235 te
576 2176 657 2235 iacta
675 2176 870 2237 rediturusne
891 2181 1044 2254 extemplo
1065 2180 1096 2239 iu

117 2259 230 2321 ltaliam
245 2259 305 2333 sis,
322 2260 454 2319 classem
468 2258 698 2334 exercitumque
712 2260 915 2337 deducturus,
930 2277 969 2321 an
983 2277 1095 2338 exspe

3 2368 4 2419 3
116 2349 261 2416 ctaturus,
278 2343 352 2420 quid
367 2344 405 2404 de
420 2358 457 2403 ea
470 2359 505 2404 re
520 2342 639 2404 consuli
655 2345 783 2419 placeat,
799 2345 874 2421 quid
887 2353 1012 2406 senatus
1025 2361 1096 2406 oen·

116 2435 183 2490 seat
203 2435 255 2489 aut
274 2428 410 2503 populus
431 2427 556 2488 iubeat?
576 2432 673 2488 restat
686 2443 759 2504 ergo
776 2435 808 2489 ut
822 2444 949 2490 maneas
964 2428 994 2488 in
1009 2429 1095 2505 Asia,

3 2506 4 2533 ³
114 2522 146 2576 et
158 2529 266 2573 rursus
280 2511 312 2572 in
326 2511 454 2572 hiberna
472 2511 583 2586 copiae
596 2512 743 2574 reductae
759 2510 875 2574 omisso
887 2514 968 2574 bello
980 2513 1095 2574 exhau-

114 2598 193 2659 riant
203 2596 423 2659 commeatibus
436 2596 621 2672 praebendis
633 2595 754 2671 socios;
769 2595 891 2668 deinde,
905 2595 932 2658 si
943 2595 985 2658 ita
995 2597 1096 2659 visum

114 2679 215 2754 siliis,
231 2696 329 2756 penes
344 2697 424 2754 quos
439 2686 577 2754 potestas
592 2680 692 2755 luerit,
707 2679 913 2742 instauremus
927 2696 1042 2741 novum
1056 2681 1096 2740 de

114 2765 232 2839 integro
248 2762 377 2837 bellum,
394 2764 478 2838 quod
492 2780 677 2838 possumus,
693 2765 720 2824 si
736 2765 849 2826 exhor
863 2764 979 2839 irnpetu
993 2780 1096 2825 rerum

114 2845 189 2907 nihil
210 2847 392 2921 prolatando
412 2845 585 2919 remittitur,
607 2855 678 2908 ante
699 2847 829 2908 hiemem
844 2846 904 2908 diis
919 2846 1095 2909 volentibus

113 2929 314 3006 perfecisses
347 2928 425 2990 haec
446 2929 597 2990 sententia
617 2928 705 3003 vicit,
726 2946 975 3007 responsumque
987 2930 1095 2992 Antio-

113 3015 174 3077 cho
198 3022 247 3076 est
267 3021 339 3075 ante
355 3012 492 3074 consulis
507 3015 674 3076 adventum
690 3015 729 3076 de
744 3030 822 3090 pace
843 3013 893 3090 agi
911 3030 973 3075 non
988 3029 1095 3090 posse.

112 3097 287 3159 Antiochus
306 3114 386 3175 pace
406 3097 594 3174 nequiquam
614 3106 777 3174 temptata,
800 3097 947 3161 evastatis
967 3098 1081 3159 Elaeen

113 3181 192 3244 sium
205 3183 346 3259 primum,
361 3181 473 3243 deinde
487 3183 745 3260 Pergamenorum
757 3182 849 3260 agris,
863 3180 970 3245 relicto
985 3181 1028 3243 ibi
1040 3180 1098 3242 Sa·

113 3267 202 3328 leuco
229 3266 307 3341 lilio,
337 3267 572 3346 Adramytteum
599 3266 750 3330 hostiliter
777 3265 885 3329 itinere
913 3268 993 3329 laeto
1021 3268 1096 3342 petit

113 3364 220 3423 agrum
234 3354 411 3427 opulentum
426 3366 519 3428 quem
534 3361 645 3415 vocant
660 3351 782 3413 Thebes
797 3367 947 3428 campum
962 3347 1097 3411 carmine

113 3432 238 3495 Homeri
263 3435 463 3497 nobilitatum.
499 3452 600 3514 neque
624 3435 686 3496 alio
707 3436 769 3496 ullo
791 3436 861 3497 loeo
883 3432 979 3495 Asiae
999 3431 1095 3492 maior

114 3518 207 3593 regiis
228 3518 373 3581 militibus
394 3527 483 3596 parta
499 3527 548 3581 est
567 3518 694 3596 praeda.
730 3519 839 3580 eodem
853 3518 1094 3591 Adramytteum,
