2600 4000
224 248 287 313 322
367 245 484 307 amun
497 243 658 305 xxxvru:
683 244 846 307 canna
868 198 1064 318 [suanm]
1147 220 1150 226 ’

225 401 375 462 adversus
382 396 552 477 Pyrrheum
564 402 660 470 erant,
672 395 919 471 adgrederentur,
930 399 962 455 et
971 392 1040 471 ipse
1051 392 1093 453 ad
1104 398 1210 455 castra

225 482 363 545 Romana
376 488 523 542 terrorem
537 479 661 552 laceret,
675 494 772 556 posse
784 485 870 540 ratus
884 475 1008 554 ancipiti
1022 477 1163 551 tumultu,
1179 484 1211 538 et

226 572 318 630 nocte
332 572 464 641 augente
479 577 636 641 pavorem,
650 562 878 624 memorabilem
892 576 957 621 rem
970 560 1045 636 geri.
1073 567 1105 621 et
1116 559 1210 622 Ilico·
1281 601 1285 610 ·

226 651 336 713 damus
355 648 539 725 intempesta
559 652 664 721 nocie,
686 661 755 707 cum
772 643 849 706 alias
865 644 1022 707 custodias
1037 643 1210 716 lelellisset,

226 750 283 812 per
297 734 372 794 alias
387 732 503 809 impetu
517 728 670 794 constanti
684 730 852 806 erupisset,
874 733 1020 806 superato
1036 726 1165 788 brachio
1179 727 1212 788 in

227 819 333 888 urbem
347 822 501 893 penetrat,
522 813 678 891 animique
692 814 881 889 aliquantum
894 813 934 873 ad
950 812 1051 873 omnia
1064 810 1213 872 audenda

228 909 259 965 et
271 902 339 979 spei
354 897 495 962 obsessis
508 897 635 970 adiecit;
658 905 689 958 et
702 897 792 959 simul
806 896 971 958 constituta
984 912 1048 957 nox
1062 894 1156 969 venit,
1170 910 1212 955 ex

229 983 401 1061 composito
415 990 543 1060 repente
557 997 653 1059 opera
667 988 716 1042 est
729 981 908 1058 adgressus.
939 979 972 1041 id
985 980 1143 1055 inceptum
1159 995 1211 1040 co·

229 1075 302 1130 natu
319 1083 411 1144 quam
431 1065 544 1128 ellectu
563 1064 690 1143 mulus
710 1063 781 1139 luit,
802 1063 875 1141 quia
894 1064 978 1125 nulla
995 1063 1034 1123 ab
1055 1061 1213 1123 exteriore

229 1158 316 1230 parte
329 1150 377 1214 vis
393 1150 516 1210 admota
528 1156 585 1223 est,
602 1165 660 1211 seu
673 1155 755 1210 metu
769 1146 913 1211 deterrito
928 1154 1069 1224 praetore
1083 1147 1212 1208 Aetolo-

229 1251 311 1311 rum,
332 1249 390 1296 seu
403 1232 477 1310 quia
490 1234 594 1311 potius
608 1231 709 1294 visum
723 1240 772 1293 est
785 1230 996 1307 Amphilochis
1011 1246 1111 1305 nuper
1124 1245 1212 1292 rece
1243 1266 1246 1272 -

231 1318 291 1396 ptis
306 1319 386 1378 lerre
401 1332 508 1393 opem,
529 1333 608 1393 quos
622 1316 756 1377 Perseus
772 1314 904 1391 Philippi
919 1315 1016 1389 lilius,
1039 1313 1155 1376 missus
1170 1314 1213 1374 ad

231 1401 391 1477 Dolopiam
404 1398 691 1476 Amphilochosque
704 1398 910 1476 recipiendos,
931 1415 1051 1460 summa
1063 1396 1095 1458 vi
1109 1413 1211 1474 oppu-

231 1486 351 1564 gnabat
383 1483 436 1544 vl.
458 1481 555 1544 tribus
570 1482 663 1558 locis,
685 1481 766 1545 sicut
785 1481 984 1545 antedictum
998 1488 1059 1556 est,
1080 1483 1122 1542 ad
1136 1480 1211 1561 Pyr»

231 1570 339 1631 rheum
359 1580 455 1645 opera
467 1566 606 1627 Romana
626 1572 727 1640 erant,
749 1583 828 1642 quae
849 1567 951 1628 omnia
970 1567 1060 1627 simul
1081 1566 1141 1626 sed
1156 1580 1212 1626 nec

232 1659 381 1732 apparatu
395 1666 454 1712 uec
468 1649 500 1710 vi
513 1649 613 1725 simili,
628 1648 730 1710 Aetoli
744 1650 885 1725 adgressi
899 1658 980 1713 sunt.
1012 1648 1063 1710 alii
1078 1664 1150 1710 cum
1165 1666 1211 1709 ar-

232 1736 374 1799 dentibus
391 1733 526 1810 lacibus,
546 1732 597 1795 alii
611 1741 755 1809 stuppam
771 1732 933 1812 picemque
947 1742 978 1795 et
991 1733 1154 1795 mumolus
1170 1734 1210 1794 le·

233 1827 350 1893 rentes,
370 1825 434 1880 tota
455 1819 626 1881 collucente
646 1816 776 1878 flammis
797 1819 878 1892 acie,
904 1818 1067 1879 advenere.
1098 1818 1212 1878 multos

233 1905 330 1981 primo
346 1903 460 1977 impetu
475 1903 621 1964 custodes
633 1908 870 1977 oppresserunt=
892 1903 962 1962 dein
973 1908 1140 1979 postquam
1151 1902 1210 1962 cia·

231 2003 298 2048 mor
309 1986 515 2062 tumultusque
525 1984 556 2047 in
569 1993 670 2048 castra
680 1992 728 2047 est
738 1987 873 2061 perlatus
881 1986 1074 2061 datumquea
1085 1987 1214 2047 consule

233 2072 370 2146 signum,
390 2085 476 2131 arma
496 2069 621 2148 capiunt
640 2076 672 2130 et
685 2066 826 2131 omnibus
841 2069 939 2146 portis
953 2071 993 2131 ad
1006 2084 1098 2145 opem
1113 2070 1212 2131 leren-

233 2156 302 2216 dunr
320 2152 525 2217 effunduntur.
561 2171 623 2216 uno
638 2152 670 2214 in
684 2153 754 2215 loco
770 2155 850 2215 ieme
865 2153 990 2231 ignique
1004 2159 1092 2230 gesta
1105 2169 1176 2226 res;
1196 2169 1214 2213 a

233 2239 355 2302 duobus
370 2234 454 2300 irrito
469 2236 603 2314 incepto,
620 2254 690 2300 cum
703 2243 905 2315 temptassent
918 2238 1015 2314 magis
1031 2253 1124 2314 quarn
1139 2235 1213 2298 inis·

225 2330 302 2386 ‚sent
316 2322 591 2397 commendaui
605 2322 832 2397 abscesserunt.
855 2330 944 2385 atrox
958 2338 1062 2399 pugno
1071 2322 1103 2382 in
1115 2338 1211 2384 unum

233 2406 432 2468 inclinaverat
452 2406 562 2466 locum.
593 2406 636 2467 ibi
657 2404 789 2467 diversis
811 2407 948 2482 partibus
964 2408 1025 2468 duo
1039 2406 1138 2485 duces
1153 2406 1211 2467 Eu·

232 2492 373 2566 polemus
394 2495 425 2549 et
444 2489 629 2550 Nicodamus
657 2490 821 2564 pugnantis
844 2490 1045 2552 hortabantur
1063 2494 1094 2551 et
1114 2505 1214 2567 prope

233 2578 316 2633 centu
330 2569 475 2631 fovebant
495 2586 568 2646 spe,
590 2571 650 2631 iam
663 2571 848 2636 Nicandrum
863 2591 902 2637 ex
916 2572 1089 2650 composito
1104 2574 1215 2636 adfore

233 2660 264 2716 et
276 2662 363 2728 terga
376 2650 510 2714 bostium
524 2653 711 2717 invasurum.
733 2655 809 2718 haec
823 2674 875 2720 res
890 2657 1079 2734 aliquamdiu
1091 2659 1213 2719 animos

233 2734 432 2814 pugnantium
445 2736 604 2801 sustinuit:
622 2747 757 2801 ceterum
771 2749 936 2819 postquam
951 2743 1066 2803 nullum
1077 2757 1119 2802 ex
1131 2758 1214 2804 com-

234 2819 334 2898 posito
360 2821 481 2898 signum
501 2838 520 2882 a
539 2822 605 2884 suis
629 2821 822 2899 accipiebant
841 2833 872 2887 et
891 2841 1033 2903 crescere
1049 2842 1214 2887 numerum

233 2904 366 2969 hostiurn
388 2906 568 2981 cernebant,
593 2905 729 2970 destituti
748 2909 876 2986 segnius
896 2907 1028 2980 instare;
1056 2917 1214 2986 postremo

231 3005 266 3050 re
287 2989 417 3064 omissa,
438 2989 496 3050 iam
512 2988 564 3051 iix
577 2997 642 3054 tuto
657 3000 784 3068 receptu
798 2993 949 3068 fugientes
963 2994 994 3054 ln
1008 2994 1118 3055 urbem
1132 3009 1214 3056 com·

232 3073 400 3149 pelluntur,
427 3081 513 3149 parte
534 3090 663 3150 operum
683 3077 824 3150 incensa,
846 3085 878 3138 et
896 3077 1035 3154 pluribus
1055 3078 1213 3155 aliquanto

233 3170 324 3231 quam
348 3155 409 3231 ipsi
434 3157 609 3218 ceciderant
633 3159 819 3221 interiectis..
846 3160 960 3236 quodsi
980 3177 1021 3222 ex
1040 3162 1213 3239 composito

232 3245 300 3300 acta
314 3250 365 3299 res
381 3238 504 3315 luisset,
528 3240 611 3301 haud
626 3242 753 3315 dubium
767 3252 832 3319 erat
846 3244 1017 3322 expugnari
1031 3261 1093 3307 una
1107 3244 1213 3321 utique

233 3328 318 3398 parte
333 3337 430 3398 opera
444 3338 514 3384 cum
528 3340 640 3400 magna
655 3327 750 3387 caede
764 3327 897 3390 hostium
912 3328 1061 3404 potuisse.
1084 3323 1212 3391 Ambru-

233 3404 354 3467 cienses
370 3405 485 3482 quique
500 3403 583 3469 intus
597 3416 685 3470 erant
696 3409 813 3486 Aetoli,
829 3427 890 3473 non
904 3412 944 3473 ab
959 3411 1026 3475 eius
1041 3414 1145 3474 solum
1160 3429 1210 3474 no
1282 3480 1283 3485 ἵ

232 3489 290 3551 ctis
311 3489 432 3567 incepto
452 3502 628 3564 recessere,
645 3493 707 3554 »sed
728 3494 756 3553 in
779 3494 931 3570 reliquum
951 3511 1078 3572 quoque
1091 3504 1211 3574 tempus
1282 3516 1283 3519 ¹
