2600 4000
199 209 206 280 ’ἱ
221 256 285 320 230
390 255 506 316 LIBER
519 254 652 330 xxxvl.
679 254 761 315 CAP-
775 261 817 316 10.
840 261 876 329 [a.
890 260 925 316 U.
937 276 960 312 c.
973 261 1035 325 bol]

179 368 182 373 ¹
221 409 348 487 adgredi
369 407 506 468 Larisam
527 368 696 478 constituit,
718 411 804 466 ratus
822 405 873 465 vel
894 411 1011 466 terrore
1030 411 1201 467 ceterarum

220 498 462 571 expugnatarum
474 492 523 552 vel
533 488 686 551 beneflcio
700 487 848 565 praesidii
861 485 979 550 dimissi
992 490 1042 548 vel
1056 492 1201 566 exemplo

219 585 264 640 tot
278 577 443 638 civitatium
454 574 628 635 dedentium
642 588 715 652 sese
726 583 788 634 non
799 571 878 633 ultra
888 573 919 631 in
933 572 1103 648 pertinacia
1116 589 1201 634 man·

221 677 322 725 suros.
353 659 525 735 elephantis
551 656 601 733 agi
625 665 697 717 ante
722 654 811 732 signa
835 658 959 718 terroris
986 665 1081 718 causa
1105 658 1200 720 iussis

150 812 152 816 ,
222 747 371 824 quadrato
387 744 508 819 agmine
523 743 564 803 ad
574 740 682 803 urbem
693 741 833 815 incessit,
847 746 882 801 ut
895 740 1002 802 incerti
1016 740 1200 803 fluctuaren-

220 839 268 894 tur
282 828 373 891 auimi
387 842 517 902 magnae
538 824 635 903 partis
649 824 864 886 Larisaeorum
884 824 962 885 inter
982 830 1094 886 metum
1112 842 1200 902 prae·

221 923 338 977 sentem
351 912 485 973 hostium
500 918 530 973 et
543 908 762 970 verecundiam
773 909 945 970 absentium
957 908 1122 970 sociorum.
1144 925 1202 986 per

221 999 348 1060 eosdem
362 996 429 1055 dies
444 994 646 1073 Amynander
666 1008 736 1055 cum
755 993 959 1054 Athamanum
979 994 1135 1055 iuventute
1149 1011 1201 1056 oc·
1253 1057 1255 1062 ,
1298 1067 1299 1074 ἵ

222 1089 315 1157 eupat
327 1078 527 1155 Pellinaeum,
549 1084 580 1139 et
591 1078 757 1155 Menippus
778 1091 847 1138 curn
866 1076 963 1138 tribus
978 1077 1100 1139 milibus
1115 1078 1201 1153 pedi·

220 1174 284 1226 tum
297 1163 477 1223 Aetolorum
491 1170 521 1223 et
535 1162 676 1224 ducentis
691 1162 844 1238 equitibus
859 1160 889 1222 in
899 1160 1115 1224 Perrhaebiam
1130 1178 1201 1238 pro-

211 1251 321 1324 ¹lectus
335 1246 497 1308 Malloeam
517 1254 548 1307 et
562 1246 702 1326 Cyretias
717 1245 748 1307 vi
768 1246 863 1322 cepit,
886 1253 916 1308 et
931 1246 1139 1321 depopulatus
1154 1253 1203 1308 est

220 1345 328 1409 agrum
334 1331 561 1406 Tripolitanum.
576 1331 625 1390 his
632 1330 743 1405 raptim
754 1329 888 1406 peractis
895 1329 1034 1390 Larisam
1045 1330 1086 1390 ad
1095 1345 1203 1405 regem

219 1416 364 1476 redeunt=
388 1413 586 1488 consultanti,
604 1416 751 1489 quidnam
766 1411 918 1489 agendum
933 1414 972 1474 de
986 1413 1093 1474 Larisa
1106 1422 1203 1490 esset,

221 1506 473 1576 supervenerunt.
496 1498 538 1558 ibi
551 1499 582 1558 in
598 1498 754 1559 diversum
771 1499 939 1559 sententiae
952 1497 1119 1560 tendebant
1132 1498 1202 1560 aliis

75 1657 79 1666 .
184 1599 186 1602 ·
220 1585 282 1646 vim
302 1583 500 1645 adferendam
521 1589 552 1643 et
572 1597 633 1641 non
660 1581 862 1644 differendum
889 1581 1102 1657 consentibus,
1128 1583 1202 1658 quin

222 1669 368 1746 operibus
383 1682 420 1727 ac
434 1665 582 1726 machinis
597 1665 687 1726 simul
702 1666 839 1741 undique
853 1666 976 1727 moenia
995 1665 1200 1742 adgrederen·

221 1760 269 1815 tur
283 1752 367 1813 urbis
382 1751 458 1814 sitae
469 1749 499 1811 in
511 1752 620 1826 plano,
635 1755 761 1824 apertae
773 1749 937 1826 campestri
949 1750 1086 1825 undique
1098 1750 1201 1821 aditu3

222 1839 288 1899 aliis
304 1851 385 1897 nunc
399 1836 482 1896 vires
496 1835 581 1895 urbis
593 1849 788 1909 nequaquam
800 1833 907 1895 Pheris
921 1835 1127 1896 conterendae
1138 1850 1202 1895 me

222 1920 427 1995 morantibus,
451 1934 532 1980 nunc
546 1918 677 1980 hiemem
697 1926 728 1979 et
741 1924 869 1995 *tempus
891 1918 962 1979 anni
984 1918 1058 1979 nulli
1073 1918 1204 1979 bellicae

222 2006 280 2082 rei,
296 2004 418 2065 ntinirne
432 2003 586 2067 obsidioni
606 2006 698 2080 atque
714 2004 934 2080 oppugnationi
948 2003 1070 2064 urbium
1086 2011 1203 2080 aptum.

222 2092 338 2152 incerto
358 2091 424 2165 regi
444 2090 631 2166 interspem
651 2094 827 2164 metumque
846 2089 937 2163 legati
953 2088 1130 2150 aPharsalo
1150 2088 1203 2164 qui

222 2176 262 2236 ad
277 2173 449 2237 dedendam
463 2174 568 2234 urbem
584 2190 673 2234 suam
686 2175 765 2234 torte
783 2179 945 2246 venerant,
967 2172 1086 2233 animos
1108 2188 1203 2232 auxe-
1297 2208 1299 2219 -

223 2266 301 2321 runt.
323 2259 363 2318 M.
375 2258 508 2320 Baebius
523 2258 641 2318 interim
655 2272 725 2318 cum
734 2256 874 2332 Philippo
886 2257 917 2317 in
927 2256 1113 2318 Dassaretiis
1129 2272 1203 2317 con-

223 2359 352 2420 gressus
364 2344 422 2418 Ap.
436 2342 593 2415 claudium
605 2358 645 2401 ex
657 2340 808 2404 communi
820 2340 948 2402 consilio
959 2341 1000 2401 ad
1014 2340 1205 2418 praesidium

222 2428 348 2488 Larisae
368 2427 464 2498 misit,
486 2426 537 2500 qui
557 2440 614 2501 per
626 2424 839 2486 Macedoniarn
857 2424 977 2500 magnis
998 2425 1159 2485 itineribus
1174 2425 1206 2484 in

223 2512 327 2585 iugum
343 2508 504 2580 montium,
522 2507 607 2583 quod
621 2523 715 2582 super
728 2509 854 2570 Gonnos
866 2517 928 2583 est,
943 2509 1090 2587 pervenit.
1113 2510 1204 2584 appi

225 2595 298 2653 dum
310 2591 409 2661 Gonni
422 2589 527 2663 viginti
542 2590 624 2650 milia
637 2590 677 2650 ab
687 2590 795 2652 Larisa
804 2593 907 2668 abest,
922 2594 953 2654 in
969 2593 1045 2670 ipsis
1061 2592 1207 2654 saucibus

225 2677 336 2746 saltus,
354 2687 434 2748 quae
447 2673 561 2749 Tempe
575 2675 789 2751 appellantur,
805 2677 905 2742 situm.
937 2677 979 2738 ibi
995 2685 1095 2739 castra
1109 2685 1205 2739 meta·

225 2767 273 2820 tus
287 2757 379 2819 latius
395 2771 487 2833 quam
501 2772 558 2834 pro
574 2755 688 2834 copiis,
710 2768 740 2821 et
758 2761 864 2836 plures
886 2777 978 2836 quam
993 2769 1069 2837 quot
1082 2761 1158 2822 satis
1174 2761 1205 2820 in

225 2857 313 2904 asum
328 2850 414 2903 erant
427 2841 514 2917 ignes
530 2858 597 2904 cum
612 2843 821 2916 ascendisset,
843 2846 980 2920 speciem
1002 2861 1094 2921 quam
1109 2860 1208 2921 quae-

225 2928 318 2989 sierat
338 2927 418 2988 hosti
440 2927 525 3001 iecit,
552 2942 673 2987 ornnem
693 2927 733 2988 ibi
754 2928 925 2989 Romanum
944 2929 1113 2991 exercitum
1134 2943 1207 2989 oum

224 3026 298 3086 rege
317 3009 458 3087 Philippo
479 3026 575 3095 esse..
593 3011 697 3087 itaque
720 3011 851 3073 hiemem
874 3013 990 3091 instare
1015 3014 1100 3090 apud
1126 3029 1206 3074 suos

223 3100 370 3156 causatus
384 3111 454 3169 rex,
476 3110 570 3155 unum
591 3101 706 3156 tantum
725 3102 861 3157 moratus
882 3096 963 3158 diem
982 3097 1021 3158 ab
1035 3096 1142 3158 Larisa
1155 3112 1207 3157 re·

224 3177 319 3240 cessit
333 3184 364 3239 et
376 3178 600 3239 Demetriadem
620 3179 714 3252 redit;
734 3180 899 3256 Aetolique
918 3189 949 3243 et
962 3175 1151 3242 Athamanes
1174 3181 1207 3242 in

225 3276 300 3324 suos
321 3269 505 3338 receperunt
524 3277 560 3321 se
581 3261 670 3339 lines.
701 3263 822 3340 Appius
838 3263 912 3339 etsi,
934 3267 1022 3327 cuius
1042 3265 1087 3325 rei
1108 3279 1207 3326 causa

224 3345 338 3406 missus
355 3352 435 3420 erat,
459 3346 755 3409 solutamcernebat
775 3348 981 3424 obsidionem,
1002 3358 1104 3412 tamen
1119 3350 1202 3410 Lari

192 3450 195 3454 ⁴
225 3448 292 3491 sam
307 3430 346 3491 ad
361 3429 589 3491 confirmandos
608 3431 640 3491 in
659 3431 812 3507 reliquum
834 3431 989 3495 sociorum
1009 3434 1128 3495 animos
1149 3430 1213 3494 de?

226 3514 360 3584 scendit;
384 3514 561 3590 duplexque
574 3514 687 3575 laetitia
700 3522 779 3589 erat,
796 3516 880 3592 quod
891 3524 922 3577 et
933 3517 1041 3579 hostes
1056 3534 1208 3580 excesse-
