2600 4000
207 216 269 283 198
386 215 502 276 LIBER
511 214 631 275 XXXV.
655 212 738 275 CAP.
749 220 794 276 at.
810 212 848 288 [a.
859 217 894 270 U.
907 235 931 269 c.
944 217 1007 286 56⁰]

206 369 248 431 ad
265 366 365 427 Pleias
386 364 491 441 posuit
518 371 627 424 castra.
660 363 794 423 imminet
815 363 841 423 is
866 364 954 424 locus
976 370 1006 423 et
1024 363 1137 425 Leucis
1160 382 1192 428 et

204 450 323 525 Acriis,
345 465 407 525 qua
426 448 607 507 videbantur
627 447 733 508 hostes
755 446 921 508 exercitum
935 446 1096 509 admoturi.
1117 465 1193 509 curn

207 536 248 597 ibi
263 533 374 596 stativa
388 538 506 606 essent,
521 531 613 607 pauci
627 531 824 590 tabernacula
838 531 999 602 haberent,
1025 533 1191 593 multitudo

206 618 266 680 alia
281 633 372 678 casas
387 632 426 676 ex
440 615 590 677 arundine
600 621 699 676 textas
710 613 833 688 fronde,
850 630 930 690 quae
941 614 1080 675 umbram
1091 616 1190 677 modo

208 703 383 780 praeberet,
407 700 570 774 texissent,
599 698 779 774 priusquam
803 699 834 758 in
860 706 1071 773 conspectum
1086 699 1190 761 hostis

207 787 325 847 veniret
337 784 573 859 Philopoemen,
595 781 830 857 necopinantem
850 798 921 843 eum
941 782 1110 857 improviso
1131 777 1189 858 ge·
1294 798 1295 837 ;

207 887 281 932 nere
295 868 366 929 belli
380 865 508 941 adgredi
523 866 635 927 statuit
657 865 779 941 navigia
799 882 896 947 parva
910 868 940 926 in
955 867 1117 927 stationem
1133 881 1188 927 oc-

178 958 193 967 ‘
208 956 318 1015 cultam
344 951 409 1025 agri
433 949 540 1024 Argivi
566 950 729 1011 contraxit:
759 950 789 1008 in
814 965 853 1009 ea
877 949 1040 1026 expeditos
1065 950 1187 1017 milites,

208 1043 359 1098 caetratos
374 1038 556 1109 plerosque,
573 1048 641 1093 cum
658 1034 760 1094 lundis
776 1041 805 1094 et
818 1032 926 1094 iaculis
941 1041 971 1093 et
985 1034 1045 1094 alio
1060 1034 1120 1093 levi
1131 1050 1187 1109 ge-

207 1134 282 1179 nere
297 1124 466 1178 armaturae
480 1117 635 1192 imposuit.
659 1117 730 1177 inde
744 1117 844 1177 littora
857 1119 964 1192 legens
981 1132 1048 1177 curn
1061 1114 1101 1177 ad
1112 1134 1200 1193 pro-·

207 1203 356 1279 pinquum
372 1201 480 1261 castris
495 1200 627 1262 hostium
648 1201 890 1276 promunturium
905 1201 1057 1276 venisset,
1080 1217 1186 1279 egres-

208 1301 263 1347 sus
278 1283 406 1346 callibus
421 1284 502 1345 notis
516 1292 606 1346 nocte
620 1284 719 1345 Pleias
736 1285 887 1361 pervenit,
912 1292 944 1345 et
963 1284 1073 1359 sopitis
1086 1285 1181 1359 vigili

206 1370 265 1429 bus
280 1369 356 1428 utin
374 1369 457 1429 nullo
469 1368 644 1443 propinquo
655 1377 737 1429 metu
747 1369 848 1444 ignem
859 1364 941 1428 casis
953 1368 991 1427 ab
1004 1368 1086 1429 omni
1097 1376 1184 1443 parte

207 1459 376 1513 castrorum
396 1451 508 1512 iniecit.
539 1452 623 1511 multi
649 1450 733 1526 prius
759 1451 900 1512 incendio
925 1451 1078 1527 absumpti
1103 1461 1184 1526 sunt,

207 1553 300 1612 quam
313 1536 446 1596 hosdem
459 1535 622 1596 adventum
636 1536 798 1605 sentirent;
820 1542 851 1595 et
864 1535 915 1610 qui
927 1541 1101 1608 senserant,
1117 1538 1184 1596 nul·

208 1622 268 1681 lam
288 1635 379 1696 opem
398 1621 477 1681 lerre
498 1624 671 1694 potuerunt.
702 1620 782 1680 ierro
803 1617 988 1694 flammaque
1008 1619 1110 1680 omnia
1130 1619 1183 1680 ab·

206 1712 344 1781 sumpta=
363 1702 510 1780 perpauci
522 1708 621 1762 tammi
634 1718 674 1763 ex
684 1709 745 1762 tarn
757 1702 880 1777 ancipiti
892 1710 980 1778 peste
992 1703 1032 1762 ad
1039 1703 1183 1781 Gythium

207 1789 238 1849 in
250 1787 366 1849 maiora
379 1795 481 1849 castra
492 1787 700 1862 perfugerunt.
722 1786 763 1847 ita
778 1787 929 1860 perculsis
944 1786 1100 1861 hostibus,
1114 1787 1183 1846 Phi·

204 1872 370 1946 lopoemen
391 1871 531 1945 protinus
552 1870 593 1930 ad
608 1870 856 1946 depopulandam
877 1869 1021 1945 Tripolim
1039 1870 1183 1930 Laconici

207 1954 286 2029 agri,
302 1955 355 2029 qui
369 1954 527 2030 proximus
544 1954 635 2015 linem
653 1953 936 2030 Megalopolitarum
949 1961 1012 2029 est,
1034 1953 1135 2030 duxit,
1154 1961 1184 2014 et

207 2054 317 2113 magna
330 2039 362 2097 vi
378 2053 524 2113 pecorum
538 2037 756 2114 hominumque
771 2038 843 2097 inde
862 2039 990 2113 abrepta
1004 2039 1183 2115 priusquam

209 2122 352 2201 aGythio
374 2131 524 2201 tyrannus
546 2123 733 2198 praesidium
755 2122 835 2197 agris
861 2122 1004 2198 mitteret,
1030 2122 1182 2183 discessit.

206 2206 278 2267 inde
297 2207 428 2283 Tegeam
449 2207 585 2268 exercitu
605 2213 777 2278 contracto,
805 2205 997 2281 concilioque
1022 2204 1132 2266 eodem
1153 2212 1184 2266 et

206 2290 341 2352 Achaeis
356 2301 386 2353 et
401 2291 494 2351 sociis
512 2290 641 2361 indicto,
664 2291 694 2349 in
716 2307 776 2366 qno
793 2296 825 2350 et
836 2288 1029 2364 Epirotarum
1044 2296 1075 2349 et
1087 2292 1183 2351 Acar·

208 2391 320 2435 tranum
336 2376 422 2436 luere
436 2374 607 2448 principes,
622 2373 740 2448 statuit,
764 2372 908 2448 quoniam
924 2373 999 2435 satis
1014 2380 1045 2433 et
1058 2388 1183 2433 suorum
1236 2422 1239 2428 ,

207 2475 227 2518 a
240 2457 360 2532 pudore
377 2455 544 2516 maritimae
558 2455 742 2529 ignominiae
756 2457 885 2518 restituti
899 2455 991 2517 animi
1006 2464 1036 2518 et
1049 2455 1182 2517 hostium

208 2539 362 2600 conterriti
382 2546 503 2609 essent,
530 2537 570 2596 ad
589 2537 851 2600 Lacedaemonem
872 2540 1001 2615 ducere,
1027 2556 1065 2602 eo
1090 2539 1181 2601 modo

207 2637 267 2682 uno
282 2629 366 2682 ratus
381 2620 419 2680 ab
436 2619 598 2681 obsidione
613 2621 717 2699 Gythii
738 2622 857 2683 hostem
878 2622 990 2685 abduci
1010 2639 1115 2700 posse.
1142 2624 1194 2683 ad-

208 2706 324 2782 Caryas
344 2704 474 2778 primurn
494 2702 525 2763 in
546 2704 680 2765 hostium
701 2713 782 2767 terra
802 2708 906 2782 posuit
920 2714 1030 2769 castra.
1059 2723 1097 2770 eo
1112 2706 1180 2782 ipso

207 2789 256 2848 die
267 2786 411 2866 Gythium
427 2798 633 2864 expugnatum
647 2797 703 2850 est.
727 2791 814 2852 cuius
828 2791 872 2850 rei
886 2791 1010 2867 ignarus
1020 2791 1180 2866 Philopoe-

206 2886 278 2956 men
298 2878 400 2933 castra
420 2873 460 2933 ad
479 2873 721 2935 Barbosthenem
734 2907 777 2917 -
791 2891 879 2936 mons
901 2882 950 2936 est
969 2876 1075 2935 decem
1102 2874 1178 2934 milia

205 2971 355 3031 passuum
371 2956 410 3018 ab
421 2958 653 3018 Lacedaemone
666 2992 710 3004 -
723 2958 884 3033 promovit.
905 2965 936 3019 et
948 2958 1042 3020 Nabis
1056 2964 1179 3033 recepto

206 3038 320 3117 Gythio
336 3056 404 3101 eum
419 3041 562 3116 expedito
578 3042 714 3103 exercitu
727 3042 799 3101 inde
814 3044 986 3117 proiectus,
1009 3059 1078 3103 cum
1093 3056 1178 3118 prae-

205 3127 252 3181 ter
268 3124 524 3186 Lacedaemonem
544 3125 653 3199 raptim
675 3124 828 3198 duxisset,
847 3125 954 3204 Pyrrhi
976 3131 1056 3201 quae
1071 3132 1179 3187 vocant

206 3215 308 3267 castra
323 3208 498 3283 occupavit,
515 3223 605 3283 quem
621 3209 684 3282 peti
698 3209 799 3269 locum
814 3210 854 3269 ab
868 3208 1002 3270 Achaeis
1017 3226 1078 3270 non
1094 3208 1177 3269 dubi-

205 3290 296 3351 tabat.
327 3290 399 3351 inde
423 3291 563 3352 hostibus
588 3292 729 3353 occurrit.
764 3292 939 3353 obtinebant
962 3300 1063 3355 autem
1089 3294 1177 3367 longo

205 3376 326 3451 agmine
341 3382 467 3450 propter
481 3376 637 3450 angustias
651 3374 721 3436 viae
737 3392 836 3450 prope
857 3374 993 3451 quinque
1011 3377 1093 3437 milia
1108 3392 1175 3452 pas-

206 3478 305 3523 suum.
338 3457 503 3534 cogebatur
527 3474 635 3533 agmen
657 3459 695 3519 ab
717 3459 869 3534 equitibus
890 3468 921 3535 et
941 3461 1074 3520 maxima
1092 3466 1177 3536 parte
