2600 4000
227 269 289 333 102
317 267 584 330 LleltltXlel.
600 266 787 331 CAPAeAt.
802 273 838 341 [a.
847 273 881 323 U.
889 291 912 324 c.
919 276 981 330 562.
994 289 1018 328 tt.
1026 272 1059 325 C.
1068 276 1132 341 tw]

226 437 306 482 mam
321 419 489 493 redierunt,
510 418 544 493 Q.
559 416 712 480 Minucius
725 433 767 478 ex
778 416 957 494 liguribus,
971 418 1023 479 Μ’.
1035 420 1156 482 Acilius
1171 437 1210 483 ex

226 505 356 566 Aetolia
392 503 502 563 auditis
523 501 684 577 utriusque
704 502 799 564 rebus
817 503 914 577 gestis
927 501 1060 564 Minucio
1075 511 1209 579 negatus
1295 563 1296 566 Ἴ

228 588 407 664 triumphus,
422 586 520 648 Acilio
531 600 642 661 magno
654 600 809 647 consensu
821 587 979 656 decretusr
999 586 1090 662 isque
1102 588 1209 648 trium·
1295 617 1296 654 2

228 673 328 752 pbans
349 671 390 732 de
409 686 483 745 rege
500 669 653 730 Antiocho
674 676 706 730 et
720 667 841 731 Aetolis
861 669 969 730 urbem
988 676 1037 731 est
1056 671 1210 732 invectus.
1295 675 1296 702 ³

229 758 365 834 praelata
384 755 415 815 ln
429 770 468 815 en
488 753 641 829 triumpho
661 759 734 815 sunt
749 753 840 828 signa
852 752 994 814 militaria
1007 753 1142 814 ducenta
1158 756 1209 815 tri·

228 841 326 917 ginta,
347 845 379 899 et
391 837 508 913 argenti
523 835 627 898 inlecti
640 836 700 897 tria
711 835 795 897 milia
809 837 929 912 pondo,
952 835 1062 912 signati
1076 838 1207 899 tetraab·
1295 833 1296 912 ζ

229 941 311 986 mum
323 922 456 984 Atticum
477 929 597 982 centum
615 921 723 982 decem
737 921 794 980 triu
807 919 904 991 milia,
926 918 1139 995 cistophorum
1153 922 1209 982 du·
1295 925 1296 936 ¹

230 1016 319 1070 centa
343 1005 543 1080 quadraginta
566 1019 694 1079 novem,
718 1019 796 1064 vasa
813 1010 959 1078 argentea
977 1005 1094 1065 caelata
1112 1006 1210 1067 multa

229 1089 393 1165 magnique
414 1086 574 1164 pandoria
593 1090 661 1149 tulit
680 1096 712 1150 et
729 1086 950 1163 supeltectilem
969 1087 1084 1162 regiam
1098 1104 1209 1164 argen-

230 1183 307 1235 team
321 1186 360 1233 nc
374 1180 492 1232 vestem
502 1171 710 1247 magnificam
732 1185 865 1232 coronas
875 1186 997 1246 aureas,
1012 1171 1096 1232 dona
1106 1173 1209 1234 socia·

229 1272 295 1317 rum
311 1254 484 1330 civitatium,
500 1256 870 1331 quadragintaquinque,
891 1253 992 1330 spolia
1003 1255 1104 1315 omnis
1114 1270 1208 1330 gene

229 1340 283 1399 ris.
309 1338 449 1413 captivos
474 1338 610 1414 nobiles,
633 1340 762 1400 Aetolos
783 1344 814 1398 et
833 1338 937 1413 regios
962 1338 1074 1414 duces,
1098 1354 1159 1400 sex
1179 1345 1211 1402 et

231 1420 351 1496 triginta
369 1420 465 1482 duxit.
500 1423 693 1483 Damocritus
714 1422 892 1484 Aetolorum
911 1422 974 1483 dux
997 1438 1117 1498 paucos
1138 1431 1210 1484 ante

231 1504 313 1576 dies,
330 1520 400 1568 cum
413 1522 432 1565 e
446 1520 570 1566 carcere
585 1513 678 1567 noctu
693 1504 862 1581 cllufflsset,
876 1504 907 1565 in
922 1506 990 1581 ripa
1002 1505 1121 1568 Tiberis
1135 1522 1209 1569 con-

230 1590 345 1652 secutis
359 1588 553 1664 custodibus,
575 1588 755 1665 priusquam
765 1590 1089 1666 comprehenderetur,
1104 1591 1209 1665 gladio
1295 1637 1296 1662 ,

231 1673 440 1750 setransfixit.
461 1673 571 1734 milites
586 1681 709 1748 tantum,
725 1672 778 1748 qui
792 1681 992 1749 sequerentur
1006 1688 1138 1747 currum,
1155 1674 1208 1734 de-
1295 1665 1296 1738 l

232 1760 367 1820 lueruntz
397 1757 512 1833 alioqui
531 1756 712 1834 magnificus
730 1763 761 1818 et
774 1759 951 1832 spectaculo
967 1764 998 1817 ct
1012 1757 1093 1817 lama
1106 1773 1209 1817 rerum

231 1841 400 1916 triumphus
414 1842 479 1902 tuit.
1295 1885 1296 1902 r

314 1925 411 1984 Huius
431 1924 574 1999 triumphi
594 1924 700 1985 minuit
711 1922 853 1986 laetitiam
868 1923 1210 2001 nuntiusexliispauia
1295 1929 1296 1978 t

231 2006 333 2080 tristis,
348 2008 481 2068 adversa
495 2025 600 2084 pugna
613 2011 644 2069 in
658 2008 829 2069 Bastetanis
844 2009 938 2069 ductu
951 2007 985 2067 L.
998 2006 1121 2071 Aemilii
1135 2024 1208 2083 pro
1295 2064 1296 2071 ,

230 2090 368 2153 consutis
382 2092 465 2166 apud
480 2092 628 2168 oppidum
638 2093 796 2170 Lyconem
810 2108 879 2153 cum
888 2091 1041 2153 Lusitanis
1055 2107 1115 2152 sex
1125 2092 1208 2153 mitia

230 2175 270 2235 de
284 2175 420 2237 exercitu
432 2176 571 2237 Romano
586 2177 755 2245 cecidisse;
770 2181 889 2237 cataros
899 2176 1039 2251 paventis
1053 2174 1134 2237 intra
1143 2178 1208 2236 val-
1295 2184 1296 2187 ’

230 2261 292 2321 lum
307 2260 486 2335 compulsos
500 2275 593 2333 aegre
607 2267 709 2322 castra
724 2259 916 2335 defendisse,
933 2266 964 2319 et
977 2259 1007 2318 in
1022 2259 1149 2320 modum
1162 2260 1208 2320 lu·

230 2343 373 2418 gientlum
393 2344 512 2419 magnis
535 2343 692 2407 itineribus
711 2345 742 2405 in
764 2360 870 2418 agrum
891 2349 1032 2418 pacatum
1048 2344 1207 2405 reductos.

231 2427 306 2487 baec
321 2443 360 2488 ex
374 2426 523 2501 Hispania
542 2427 687 2488 nuntiata.
718 2443 758 2486 ex
774 2427 869 2487 Gallia
884 2429 1002 2502 legatos
1014 2426 1207 2489 Placentino-

230 2526 297 2569 rum
307 2517 338 2569 et
347 2508 594 2571 Cremonensium
605 2510 638 2569 L.
650 2510 877 2573 Aurunculeius
889 2518 1012 2586 praetor
1021 2510 1053 2570 in
1065 2520 1208 2572 senatum

231 2592 407 2653 introduxit
429 2592 468 2651 iis
484 2593 682 2666 querentibus
697 2592 833 2669 inopiam
848 2596 1036 2669 colonorum,
1050 2593 1120 2655 aliis
1134 2593 1209 2655 belli

231 2674 354 2735 casibus
374 2674 441 2733 aliis
461 2676 569 2735 morbo
589 2675 776 2753 absumptis,
798 2679 949 2754 quosdam
968 2678 1069 2741 taedio
1085 2679 1208 2739 accola-
1246 2683 1250 2692 ’

231 2773 296 2818 rum
311 2757 466 2819 Gallorum
484 2756 648 2835 reliquisse
668 2761 820 2835 colonias,
842 2762 980 2823 decrevit
999 2766 1142 2835 senatus,
1165 2762 1207 2822 uti

231 2841 261 2902 G.
277 2841 398 2904 Laelius
419 2843 543 2916 consul,
565 2844 641 2905 slei
662 2845 831 2919 videretur,
852 2861 909 2906 sex
929 2845 1010 2906 milia
1025 2845 1208 2906 familiarum

231 2925 452 3003 conscriberet,
473 2928 598 3005 quaein
613 2945 667 2990 eas
681 2931 818 2991 colonius
833 2929 1057 3001 dividerentur;
1079 2936 1111 2990 et
1124 2936 1159 2990 ut
1173 2930 1207 2989 L.

230 3011 456 3073 Aurunculeius
475 3021 600 3088 praetor
618 3014 793 3074 triumviros
813 3021 931 3074 crearet
950 3014 991 3073 ad
1004 3028 1059 3073 eos
1075 3014 1207 3075 colonos

231 3093 440 3156 deducendos.
468 3096 560 3157 creati
574 3097 615 3156 M.
629 3095 740 3159 Atilius
754 3096 905 3157 Serranus
919 3096 952 3156 L.
966 3094 1111 3157 Valerius
1125 3096 1158 3155 P.
1174 3095 1209 3156 F.

230 3175 357 3237 Flaccus
370 3178 405 3237 L.
419 3180 562 3241 Valerius
579 3180 610 3240 G.
625 3180 658 3240 F.
672 3181 788 3257 Tappo.
820 3180 937 3242 XLVII.
958 3180 1041 3240 baud
1054 3178 1097 3240 ita
1110 3181 1208 3241 multo

232 3266 312 3335 post,
327 3276 396 3322 cum
410 3262 469 3323 iant
483 3262 688 3329 consularium
705 3263 893 3329 comitiorum
904 3271 1064 3340 appeteret
1072 3269 1209 3339 ternpus,

231 3343 262 3404 c.
278 3345 399 3406 Laelius
422 3347 530 3407 consul
550 3363 589 3406 ex
604 3346 700 3408 Gallia
713 3349 841 3409 Romam
860 3347 948 3408 redit.
983 3347 1010 3406 is
1025 3363 1086 3407 non
1103 3349 1208 3408 solum

231 3443 271 3488 cx
290 3429 370 3490 lacto
390 3429 518 3491 absente
539 3447 574 3492 se
595 3438 720 3492 senatus
746 3430 885 3493 consulto
906 3431 936 3491 in
958 3431 1208 3506 supplementum

231 3512 400 3575 cremonae
413 3521 445 3574 et
453 3513 623 3576 Placentiae
634 3516 763 3577 colonos
776 3512 916 3589 senipeta
931 3514 988 3575 sed
997 3521 1031 3575 ut
1040 3528 1142 3573 novae
1153 3529 1206 3573 co
