2600 4000
274 262 535 325 emanantem
559 262 641 323 aar.
656 272 700 323 ιο.
714 274 758 326 n.
782 272 818 338 p.
833 272 866 326 c.
881 270 943 346 ιιι]
1035 268 1091 333 101

113 422 174 483 bus
193 415 243 479 his
262 414 395 491 aliisque
415 413 484 477 eius
507 430 579 475 orae
601 414 737 478 castellis
757 425 810 479 aut
823 426 907 481 metu
919 430 972 482 aut
986 425 1090 485 volun-

112 512 175 568 tate
190 499 258 564 sine
273 496 439 561 certamine
455 497 492 559 >in
514 497 701 560 deditionem
722 498 877 576 acceptis,
900 501 1091 568 coracesium

112 593 236 666 practer
249 598 340 660 spem
354 580 468 643 clausis
482 580 581 657 portis
594 582 719 644 tenebat
733 599 813 644 eum.
848 583 891 645 ibi
904 585 997 662 legati
1010 588 1091 651 Rho·

112 672 233 733 diorum
247 664 352 729 auditi.
375 672 406 726 et
420 664 607 740 quamquam
621 681 660 726 ea
673 664 785 741 legatio
800 674 874 743 erat,
891 686 971 744 quac
985 685 1092 732 accen·

112 756 188 817 dere
201 750 320 829 regium
334 747 469 810 animum
483 754 608 824 possct‚'
627 748 810 825 temperavit
829 748 907 824 irae,
930 760 961 814 et
973 754 1093 829 legatos

101 854 148 899 se
161 836 305 899 Rhodum
324 832 491 895 missunun
509 832 671 906 respondit
690 831 793 909 iisque
813 835 1042 912 mandaturum,
1061 845 1094 900 ut

111 925 297 984 renovarent
310 922 433 980 vetusta
452 915 520 977 iura
535 931 605 977 cum
616 932 655 977 ea
671 914 793 979 civitate
807 934 866 979 sua
881 918 1095 997 maiorumque

112 1007 441 1078 suammetvetarent
452 1015 508 1061 eos
519 998 738 1078 pertimescere
747 1000 914 1065 adveutum
923 1002 1007 1081 regis
1018 1002 1095 1065 nihil
1120 1044 1123 1049 -
1168 1035 1171 1041 ·

111 1086 213 1150 antiis
223 1093 277 1148 aut
287 1082 384 1147 sociis
399 1099 507 1146 eorum
517 1082 629 1145 noxiae
640 1084 933 1149 luturumlraudive.
949 1104 1020 1149 nam
1029 1089 1095 1149 Ro-

110 1187 271 1233 manorum
281 1165 762 1252 amicitiamsenonviolaturum
771 1178 1091 1245 argumentoetsuam

109 1261 267 1317 recentem
286 1253 327 1314 ad
348 1268 404 1314 cos
425 1250 609 1328 legationem
630 1268 703 1313 esse
725 1260 756 1315 et
777 1262 904 1316 senatus
921 1255 1090 1318 honorifica

110 1340 143 1401 in
158 1353 194 1400 se
208 1339 335 1399 decreta
347 1351 579 1412 responsaque:
600 1343 664 1398 tum
684 1338 764 1398 lorte
778 1336 871 1414 legati
883 1339 1039 1401 redierant
1052 1340 1090 1400 ab
1102 1375 1105 1380 -

110 1425 224 1493 Roma‚
247 1418 373 1481 comiter
391 1417 488 1482 auditi
502 1418 701 1496 dimissique,
722 1428 757 1483 ut
770 1427 892 1498 tempus
906 1423 1089 1499 postulabat,

111 1505 230 1566 incerto
244 1503 344 1564 adhuc
355 1504 507 1566 adversus
518 1503 690 1580 Philippum
701 1511 814 1567 eventu
826 1505 909 1567 belli.
932 1523 1002 1569 cum
1013 1506 1091 1567 haec

111 1586 205 1664 legati
218 1585 299 1663 regis
312 1586 343 1647 in
358 1586 502 1651 contione
515 1583 706 1651 Rhodiorum
716 1597 852 1665 agerent
868 1589 993 1651 nundus
1007 1589 1090 1650 venit
1172 1611 1174 1616 >

110 1671 295 1733 debellatum
314 1673 355 1733 ad
370 1671 623 1752 Cynoscephalas
637 1690 720 1735 esse.
762 1672 823 1733 hoc
837 1670 943 1734 nuntio
959 1678 1089 1745 accepto

110 1754 223 1817 Rhodii
244 1758 367 1833 dempto
390 1764 472 1819 motu
486 1773 506 1817 a
519 1754 660 1833 Philippo
677 1753 844 1818 omiserant
859 1754 1022 1817 consilium
1037 1755 1091 1816 ob·

110 1837 190 1900 viam
211 1839 304 1902 cundi
325 1841 427 1902 classe
446 1840 616 1902 Antiocho:
642 1839 725 1900 illarn
750 1839 876 1900 alteram
902 1854 1005 1900 curam
1027 1854 1089 1898 non
1200 1913 1202 1916 Ι

109 1921 278 1986 omiserunt
297 1923 431 1986 tuendae
451 1922 599 1985 libertatis
625 1922 792 1985 civitatium
813 1923 967 1987 sociarum
990 1922 1087 1984 Ptole·

107 2007 202 2080 maci,
225 2007 339 2085 quibus
358 2007 472 2067 bellum
486 2007 525 2066 ab
539 2005 692 2069 Antiocho
707 2006 892 2071 imminebat
927 2026 998 2071 uam
1012 2005 1090 2069 alias
1108 2038 1111 2043 Δ

106 2089 231 2152 auxiliis
245 2089 398 2162 iuverunt,
412 2088 489 2149 alias
501 2087 694 2163 providendo
706 2106 744 2150 ac
755 2093 985 2165 praemonendo
997 2108 1090 2152 oona-

105 2184 159 2238 tus
178 2172 295 2243 hostis;
323 2186 489 2246 causaque-
501 2169 649 2231 libertatis
670 2173 794 2233 luerunt
812 2173 935 2234 Cauniis
954 2171 1090 2249 Myndiis

105 2253 437 2331 Halicarnassensibus
451 2251 636 2329 Samiisque.
663 2271 725 2317 non
741 2270 855 2330 operae
869 2263 919 2318 est
932 2253 1090 2332 persequi,

104 2348 142 2403 ut
157 2353 302 2415 quaeque
316 2345 386 2400 aeta
398 2337 430 2399 in
444 2337 494 2399 his
509 2335 588 2409 locis
603 2336 680 2401 sint.
702 2354 773 2400 cum
792 2339 833 2401 ad
847 2355 901 2415 ea,
923 2354 1005 2415 quae
1018 2354 1091 2415 pro-

55 2438 59 2443 ·
106 2423 177 2501 pria
189 2421 321 2484 Romani
334 2423 407 2485 belli
421 2430 502 2499 sunt,
516 2421 571 2483 vix
585 2421 746 2484 sufficiam.

189 2507 268 2569 XXI.
288 2506 406 2569 Eodem
426 2516 565 2584 tempore
584 2508 704 2569 Attalus
725 2523 796 2582 rex,
817 2523 911 2584 aeger
924 2508 963 2569 ab
977 2505 1090 2569 Thebis

106 2593 288 2667 Pergamum
297 2591 456 2665 advectus,
469 2590 596 2653 moritur
607 2592 703 2666 altero
716 2599 746 2653 et
757 2590 986 2668 septuagesimo
998 2607 1090 2666 anuo,

108 2691 178 2737 cum
193 2680 337 2751 quattuor
349 2683 381 2737 et
395 2674 598 2752 quadraginta
611 2692 712 2737 annos
726 2684 898 2753 regnasset.
933 2673 1006 2737 huic
1020 2674 1089 2737 viro

108 2765 230 2837 praeter
243 2757 366 2821 divitias
380 2758 455 2820 nihil
468 2760 509 2821 ad
523 2775 612 2836 sporn
632 2758 720 2836 regni
740 2761 862 2823 fortuna
876 2760 1013 2822 dederat
1050 2757 1090 2820 iis

108 2842 199 2904 simul
212 2844 380 2919 prudenter
393 2843 484 2904 simul
503 2841 666 2919 magnifice
686 2844 801 2908 utendo
823 2843 928 2906 effecit
947 2841 1088 2919 primum,

106 2935 142 2989 ut
162 2925 237 3001 sibi,
263 2926 376 2988 deinde
397 2936 433 2989 ut
452 2925 520 2988 aliis
536 2944 606 2988 non
631 2925 777 3003 indignus
801 2924 958 2989 videretur
979 2941 1089 3003 regno.
1188 2966 1195 2978 .

106 3010 198 3072 victis
213 3010 325 3073 deinde
345 3011 465 3086 proelio
485 3027 548 3073 uno
564 3010 675 3086 Gallis,
696 3027 777 3088 quae
797 3018 860 3073 tum
879 3027 956 3087 gens
971 3008 1090 3072 receuti

106 3095 243 3159 adventu
265 3092 430 3157 terribilior
448 3093 545 3156 Asiae
565 3103 644 3170 erat,
668 3094 787 3172 regium
811 3093 946 3156 adscivit
966 3109 1090 3167 nomen,

107 3177 197 3242 ornus
211 3175 411 3256 magnitudini
425 3194 550 3255 semper
559 3178 693 3240 animum
704 3177 858 3256 aequavit
874 3193 993 3240 summa
1002 3174 1089 3239 iusti·

106 3261 150 3325 tia
163 3278 241 3325 suos
252 3264 341 3337 rexit,
356 3263 479 3325 unicam
492 3262 585 3324 fldem
600 3262 697 3325 sociis
711 3260 872 3340 praestitit,
886 3260 984 3325 comis
999 3259 1087 3322 uxori

106 3362 145 3409 ac
157 3345 264 3408 liberis
277 3376 320 3394 -·-
334 3354 480 3424 quattuor
494 3345 680 3422 superstites
693 3346 808 3420 habuit,
820 3383 861 3394 -
875 3344 957 3408 mitis
972 3361 1009 3406 ac
1024 3359 1089 3406 mu·

106 3429 219 3495 uilicus
234 3431 343 3492 amicis
356 3429 429 3504 luit;
450 3447 580 3506 regnum
600 3430 682 3491 adeo
704 3428 814 3492 stabile
834 3446 871 3491 ac
886 3430 1007 3490 lirinum
1019 3423 1087 3486 reli

26 3515 29 3520 '
107 3514 183 3591 quit
196 3521 232 3575 ut
244 3514 285 3575 ad
299 3515 418 3576 tertiam
433 3512 562 3591 stirpem
576 3513 738 3590 possessio
754 3513 822 3574 eius
837 3510 1050 3574 descenderet
