2600 4000
269 222 382 283 LIBER
396 221 513 282 xxxii.
537 220 619 283 οΑΡ.
633 230 674 282 1o.
689 229 732 282 11.
743 229 786 281 ra.
810 227 844 294 [ι.
858 226 889 279 c.
902 226 964 294 roe]
1060 218 1105 284 aa

131 370 345 447 ballistaeque,
372 371 402 430 in
425 369 565 432 omnibus
585 386 684 446 prope
704 370 832 446 rupibus
856 371 943 446 quasi
963 372 994 433 in
1015 389 1102 434 muro

128 455 306 531 dispositae.
340 455 440 516 multis
460 455 531 515 hinc
553 462 645 531 atque
662 454 744 514 illinc
765 454 940 516 vulneribus
955 458 1090 533 acceptis

125 554 194 600 eum
214 538 323 613 etim,
345 546 376 600 ut
391 539 419 599 in
437 539 552 614 proelio
568 539 665 614 iusto,
687 539 804 614 aliquot
818 538 1018 614 cecidissent,
1039 557 1101 603 uox

125 639 247 700 pugnae
261 623 355 683 finem
370 623 449 686 tecit.

206 707 255 767 Xl.
280 707 355 769 Cum
369 707 399 767 in
410 707 470 769 hoc
482 715 562 770 statu
571 724 622 768 res
634 714 727 781 esset,
743 714 848 782 pastor
860 705 983 782 quidam
996 723 1015 766 a
1027 707 1100 768 Cha-

121 806 198 867 ropo
210 792 352 867 principe
365 791 558 868 Epirotarum
572 792 687 852 missus
703 790 863 853 deducitur
877 790 916 850 ad
932 791 1100 856 consulem.

121 873 146 934 is
161 875 242 935 sein
257 891 297 938 eo
312 877 406 948 saltu,
422 876 474 951 qui
490 876 582 951 regiis
597 883 663 937 tum,
674 881 826 936 teneretur
843 873 967 950 castris,
982 890 1100 935 armen-

120 966 180 1019 lum
195 973 330 1034 pascere
344 960 466 1021 solitum
481 960 521 1020 ait
536 975 643 1020 omnes
658 958 803 1019 montium
818 974 924 1020 eorum
935 959 1100 1021 amfractus

119 1043 277 1118 callesque
293 1058 397 1105 nosse.
418 1045 445 1104 sl
461 1059 566 1104 secum
581 1045 703 1119 aliquos
718 1043 825 1105 consul
839 1042 955 1103 mittere
965 1043 1048 1120 velit,
1065 1060 1100 1104 se

118 1142 178 1186 non
200 1126 310 1203 iniquo
325 1142 383 1188 nec
397 1127 570 1202 perdifficili
585 1127 669 1189 aditu
683 1142 778 1202 super
792 1133 883 1203 caput
896 1126 1029 1188 hostium
1043 1142 1099 1188 eos

117 1210 332 1271 deducturum.
366 1210 444 1272 haec
464 1210 517 1272 ubi
537 1214 645 1274 consul
660 1210 789 1285 audivit,
811 1218 1040 1287 percunctatum
1057 1213 1098 1272 ad

117 1292 292 1371 Charopum
302 1293 399 1367 mittit,
415 1295 531 1356 satisne
542 1296 729 1357 credendum
740 1310 835 1371 super
846 1300 929 1355 tanta
939 1310 973 1355 re
984 1296 1098 1370 agresti

116 1385 268 1439 censeret.
291 1377 450 1454 Charopus
464 1380 630 1443 renuntiari
647 1381 739 1452 iubet,
755 1380 796 1440 lta
811 1378 957 1449 crederet,
974 1385 1007 1439 ut
1021 1395 1097 1440 suae

113 1463 217 1535 potius
243 1462 348 1523 omnia
369 1479 460 1539 quam
482 1464 561 1524 illius
581 1464 744 1541 potestatis
765 1470 880 1524 essent
916 1477 985 1523 cum
999 1464 1097 1539 magis

113 1547 204 1607 vellet
219 1545 351 1607 credere
373 1563 463 1622 quam
483 1547 610 1609 auderet
629 1548 818 1623 mixtumque
836 1545 949 1621 gaudio
971 1554 1001 1608 et
1016 1554 1098 1607 metu

113 1629 251 1691 animmn
263 1638 392 1707 gereret,
407 1633 583 1694 auctoritate
599 1638 700 1692 motus
715 1630 847 1706 Charopi
862 1628 995 1704 experiri
1010 1646 1098 1705 spem

115 1712 249 1774 oblatam
263 1714 364 1776 statuit
368 1739 381 1800 3
402 1714 433 1777 et
446 1721 478 1777 ut
492 1723 641 1778 averteret
656 1732 722 1776 rem
736 1714 774 1774 ab
790 1712 983 1788 suspicione,
1004 1713 1097 1775 biduo

113 1795 289 1874 insequenti
302 1800 457 1860 lacessere
471 1799 599 1875 hostem,
616 1797 777 1875 dispositis
793 1796 831 1857 ab
848 1797 929 1857 omni
942 1805 1030 1872 parte
1045 1814 1096 1858 co-

113 1880 171 1955 piis
187 1881 490 1960 succedentibusque
504 1884 629 1959 integris
644 1884 675 1943 in
693 1885 795 1944 locum
809 1881 1012 1955 defessorum,
1034 1899 1095 1943 non

115 1964 238 2027 destitit.
276 1971 418 2041 quattuor
440 1966 520 2027 milia
541 1967 611 2028 inde
632 1969 713 2029 locta
734 1967 870 2043 peditum
892 1972 923 2028 et
942 1972 1096 2028 trecentos

113 2050 235 2124 equites
249 2049 371 2110 tribuno
386 2048 511 2110 militum
527 2050 625 2110 tradit.
648 2052 777 2126 equites,
785 2052 887 2128 quoad
897 2053 966 2114 loca
976 2052 1094 2126 patian-

112 2137 177 2205 tur,
202 2132 318 2191 ducere
331 2131 436 2201 'iubet3
458 2131 510 2191 ubi
525 2132 565 2191 ad
580 2132 664 2193 invia
676 2133 770 2207 equiti
785 2138 908 2192 ventum
922 2133 971 2207 sit
986 2135 1015 2193 in
1030 2136 1093 2208 pla·

111 2214 187 2273 nitie
204 2216 307 2287 aliqua
317 2214 412 2275 locari
424 2215 606 2289 equitatum;
621 2217 751 2291 pedites,
769 2231 830 2290 qua
841 2214 904 2275 dux
915 2222 1097 2277 monstraret

111 2297 211 2371 uiam,
227 2298 288 2367 ire;
311 2297 378 2372 ubi,
399 2304 431 2360 ut
445 2298 640 2374 polliceatur,
662 2314 756 2374 super
771 2306 863 2373 caput
877 2298 1010 2359 hostium
1025 2315 1093 2376 per·

112 2388 238 2442 ventum
259 2382 313 2457 sit,
335 2383 418 2444 imno
434 2382 508 2443 dare
529 2383 667 2459 signum,
689 2398 746 2444 nec
761 2391 850 2443 antea
864 2383 1094 2445 clamoremtol-

109 2466 184 2541 lere',
204 2482 296 2541 quarn
308 2465 346 2526 ab
361 2482 396 2528 se
410 2467 499 2544 signo
513 2475 643 2544 accepto
657 2483 791 2544 pugnam
803 2474 943 2542 coeptam
956 2467 1093 2530 arbitrari

113 2558 230 2624 posset
266 2558 357 2611 nocte
377 2551 485 2612 itinera
505 2552 572 2613 lieri
589 2552 729 2614 iubet-
743 2559 773 2612 et
787 2568 906 2627 pernox
929 2553 1006 2614 lorte
1020 2553 1092 2615 luna

113 2642 177 2696 erat
186 2657 245 2691 -ι
267 2634 398 2696 interdiu
413 2635 473 2697 cibi
488 2636 660 2712 quietisque
675 2643 810 2698 sumeret
822 2643 953 2713 tempus.
983 2636 1092 2699 ducem

115 2717 276 2794 promissis
297 2718 471 2794 ingentibus
487 2725 661 2793 oneratum,
684 2721 711 2781 si
726 2722 805 2781 tides
820 2727 936 2796 exstet,
957 2721 1091 2784 vinctum

113 2806 214 2863 umen
235 2802 356 2863 tribuno
376 2804 475 2865 tradit
503 2804 552 2864 his
567 2804 665 2879 copiis
680 2805 721 2863 ita
736 2804 879 2866 demissis
894 2819 932 2865 eo
947 2805 1090 2868 intentius

113 2883 269 2947 Romanus
284 2886 420 2962 undique
434 2887 527 2948 instat
540 2888 624 2963 apud
639 2888 798 2950 stationes.
820 2888 884 2949 llll.
907 2888 1025 2949 interim
1040 2890 1090 2949 die

113 2970 200 3032 tertio
215 2986 285 3031 cum
299 2970 458 3047 verticem,
481 2987 572 3048 quem
587 2971 738 3048 petierant
750 2973 895 3047 Romani,
913 2972 1036 3048 cepisse
1050 2989 1087 3033 ac

113 3056 216 3114 tenere
237 3069 273 3114 se
293 3054 376 3117 iumo
396 3054 618 3131 significarent,
645 3063 709 3118 tum
730 3072 803 3117 vero
822 3057 967 3117 trifariam
981 3057 1088 3117 divisis

114 3137 211 3212 copiis
232 3139 341 3198 consul
360 3139 440 3200 velle
460 3140 561 3201 media
581 3156 650 3201 cum
669 3140 795 3201 militum
815 3139 927 3201 robore
942 3142 1088 3213 succedit,

115 3233 228 3283 cornua
256 3221 364 3283 dextra
387 3224 537 3300 laevaque
561 3224 704 3284 admovet
728 3222 847 3285 castris.
879 3240 936 3284 nec
961 3225 1088 3299 segnius

114 3298 217 3365 hostes
232 3305 354 3366 obviam
367 3312 448 3369 eunt.
477 3314 507 3368 et
521 3307 594 3369 dum
607 3308 750 3369 aviditate
764 3307 935 3369 certaminis
950 3309 1088 3383 provecti

114 3394 199 3450 extra
218 3388 400 3451 munitiones
421 3398 573 3466 pugnant,
593 3390 678 3451 haud
698 3394 789 3466 paulo
811 3392 952 3468 superior
966 3397 1014 3450 est
1027 3391 1086 3449 Ro·

115 3481 220 3534 manus
244 3474 332 3534 miles
352 3483 382 3536 et
403 3474 512 3536 virtute
533 3481 562 3534 et
583 3473 710 3534 scientia
733 3481 762 3533 et
781 3490 894 3549 genere
920 3487 1088 3533 armorum=
