2600 4000
200 221 262 283 aaa
358 218 472 277 atara
486 215 632 275 xxxvn.
657 216 738 274 aar.
754 225 796 276 ro.
819 222 900 289 [au.
916 239 941 278 ο.
957 226 1019 286 aaz,

200 373 238 433 tis
253 366 468 443 distinguebat.
500 383 518 426 a
532 365 631 426 lronte
646 363 797 425 introrsus
812 365 843 423 in
857 366 936 427 duos
950 372 982 426 et
993 364 1117 441 triginta
1132 384 1190 439 or-,

201 451 289 516 dines
311 456 495 511 armatomm
513 448 597 509 acies
619 447 751 523 patebat.
783 448 843 508 hoc
863 456 894 509 et
906 447 1026 508 roboris
1041 450 1071 508 in
1087 451 1185 525 regiis

201 537 299 614 copiis
319 542 400 603 erat,
421 542 452 595 et
471 532 598 608 perinde
620 546 689 591 cum
703 532 763 591 alia
777 531 883 607 specie
898 539 961 593 tum
974 532 1183 595 eminentibus

200 629 316 684 tantum
337 618 416 680 inter
436 625 570 677 armatos
587 615 757 691 elephantis
772 629 915 690 nnagnum
930 623 1077 676 terrorem
1092 633 1184 691 prae

202 706 302 766 bebat.
324 702 464 778 ingentes
479 700 539 776 ipsi
554 706 655 759 erant:
677 694 831 759 addebant
845 699 981 774 speciem
996 698 1141 760 frontalia
1155 709 1186 762 et
1297 775 1298 784 ἵ

201 790 312 851 cristae
326 793 357 847 et
371 792 455 861 tergo
471 783 632 860 impositae
647 791 746 843 turres
759 783 955 858 turribusque
966 790 1186 858 superstantes

202 879 324 950 praeter
338 876 489 931 rectorem
505 867 643 944 quaterni
659 865 774 927 armati.
801 867 842 926 ad
855 867 934 927 latus
950 867 1091 929 dextrum
1108 868 1185 943 pha·

202 955 382 1032 langitarum
407 952 489 1013 mille
513 959 544 1013 et
569 950 750 1026 quingentos
770 948 1036 1024 Gallograecorum
1060 950 1185 1026 equites

202 1037 359 1115 opposuit.
380 1036 429 1096 his
444 1033 501 1096 tria
515 1033 597 1095 milia
611 1033 747 1110 equitum
761 1032 958 1094 loricatorum
967 1064 1010 1076 -
1020 1034 1185 1112 cataphra-

202 1129 268 1182 ctos
285 1117 346 1195 ipsi
360 1119 568 1195 appellant—
578 1117 725 1177 adiunxit.
744 1115 849 1177 addita
863 1114 912 1176 his
926 1116 975 1176 ala
989 1117 1071 1177 mille
1086 1119 1186 1180 terma

202 1204 353 1280 equitumr
381 1218 490 1278 agema
504 1218 572 1262 eam
585 1200 751 1261 vocabant:
778 1199 860 1259 Medi
876 1207 971 1275 erant,
986 1200 1055 1261 lecti
1071 1200 1137 1274 viri,
1155 1210 1188 1264 et

202 1288 339 1349 eiusdem
358 1286 493 1360 regionis
507 1285 593 1345 mixti
607 1287 766 1346 multarum
780 1284 914 1358 gentium
929 1283 1058 1359 equites.
1086 1284 1186 1345 conti-

203 1386 281 1430 nens
305 1369 354 1429 his
380 1384 456 1444 grex
481 1369 616 1430 sedecim
642 1368 874 1444 elephantorum
895 1374 942 1427 est
966 1366 1133 1442 oppositus
1153 1367 1184 1431 in

202 1451 360 1516 subsidiis.
382 1453 420 1513 ab
436 1453 545 1512 eadem
559 1458 654 1527 parte,
672 1452 796 1527 paulum
810 1451 962 1527 producto
978 1467 1082 1526 comu,
1099 1454 1186 1528 regia

204 1537 315 1599 cohors
330 1544 410 1598 erata
430 1534 650 1611 argyraspides
666 1551 810 1610 agenore
822 1552 974 1598 armorum
985 1537 1186 1613 appellaban-

199 1629 260 1684 tur.
293 1620 397 1683 Dahae
418 1620 543 1692 deinde,
570 1619 690 1694 equites
711 1618 874 1696 sagittarii,
898 1621 979 1683 mille
1000 1628 1030 1682 et
1049 1622 1186 1685 ducenti.

200 1716 266 1767 turn
279 1705 357 1766 levis
373 1712 525 1766 armatura
538 1702 626 1762 trium
640 1702 763 1775 milium,
779 1703 846 1778 pari
861 1705 956 1765 terme
969 1722 1096 1768 numero
1109 1723 1187 1783 pars

204 1789 367 1850 Cretenses
382 1804 455 1864 pars
465 1788 590 1848 Tralles.
612 1785 770 1847 duomilia
785 1795 815 1848 et
829 1789 985 1864 quingenti
996 1789 1077 1866 Mysi
1090 1790 1185 1867 sagit-
1297 1815 1298 1862 t

206 1872 269 1934 larii
287 1872 336 1932 his
351 1871 485 1932 adiuncti
498 1879 593 1932 erant.
616 1878 783 1932 exuemum
795 1886 891 1933 cornu
903 1873 1085 1933 claudebant
1096 1881 1186 1949 quat·
1297 1909 1298 1926 ι

204 1963 273 2017 tuor
293 1954 375 2014 milia
394 1954 480 2016 mixti
497 1954 618 2034 cyrlaei
638 1953 808 2017 funditores
823 1962 854 2017 et
866 1955 1004 2035 Elymaei
1025 1956 1187 2034 sagittarii,

206 2038 243 2098 ab
255 2039 343 2097 laevo
355 2053 451 2098 cornu
463 2037 645 2114 phalangitis
658 2038 792 2101 adiuncti
804 2048 890 2101 erant
897 2041 1087 2116 Gallograeci
1097 2043 1184 2118 equi·
1297 2038 1298 2045 ’

203 2129 251 2183 tes
264 2120 345 2181 mille
360 2128 391 2183 et
406 2120 578 2197 quingenti,
599 2123 735 2183 similiter
747 2122 795 2184 his
809 2124 916 2185 armati
931 2124 993 2185 duo
1008 2124 1091 2187 milia
1107 2126 1183 2202 cap·

205 2205 381 2281 padocumz·
398 2206 438 2266 ab
450 2207 611 2268 Ariarathe
632 2205 718 2268 missi
733 2213 821 2268 erant
834 2207 909 2283 regi.
931 2208 1003 2270 inde
1017 2210 1184 2272 auxiliares

202 2289 287 2351 mixti
303 2290 437 2351 omnium
452 2305 599 2365 genemm
610 2291 673 2352 duo
688 2292 769 2352 milia
784 2292 976 2367 septingenti,
992 2300 1022 2354 et
1035 2294 1091 2354 tria
1101 2294 1185 2355 milia

204 2374 470 2448 cataphractomm
484 2375 636 2449 equitum,
658 2382 687 2436 et
706 2376 787 2435 mille
807 2375 858 2436 alii
879 2377 1013 2452 equites,
1035 2378 1122 2453 regia
1136 2379 1187 2438 ala

204 2457 368 2517 levioribus
388 2458 570 2531 tegumentis
586 2458 652 2516 suis
667 2473 897 2535 equorumque,
919 2460 978 2521 alio
994 2460 1078 2522 haud
1092 2458 1186 2522 dissi·

203 2540 263 2597 mili
284 2538 404 2599 habitu:
428 2539 499 2615 Syri
520 2539 660 2614 plerique
680 2547 767 2601 erant
779 2541 952 2622 Phrygibus
974 2551 1004 2604 et
1018 2544 1114 2623 Lydis
1129 2545 1186 2605 im-
1297 2594 1298 2597 .

203 2620 296 2681 mixti
328 2626 398 2680 ante
411 2619 498 2681 hunc
513 2620 681 2696 equitatum
696 2625 824 2686 falcatae
840 2626 1008 2703 quadrigae
1022 2636 1053 2690 et
1066 2629 1186 2697 cameli,

204 2720 284 2780 quos
305 2704 462 2779 appellant
480 2705 655 2766 dromades.
686 2706 734 2769 his
755 2708 930 2771 insidebant
949 2713 1071 2773 Arabes
1091 2712 1186 2788 sagit-

204 2786 285 2860 tarii,
300 2787 420 2863 gladios
435 2790 535 2850 tenuis
549 2789 712 2865 habentes,
733 2793 844 2869 longos
860 2802 1009 2870 quaterna
1024 2794 1136 2870 cubita,
1153 2803 1186 2858 ut

203 2888 243 2932 ex
257 2877 341 2933 tanta
360 2872 518 2935 altitudine
539 2875 716 2950 contingere
735 2876 856 2939 hostem
871 2886 1009 2953 possent.
1037 2881 1109 2941 inde
1124 2877 1187 2940 alia

203 2955 372 3030 multitudo,
389 2973 445 3033 par
458 2958 486 3018 ei
502 2974 582 3033 quae
599 2958 629 3019 in
644 2959 752 3022 dextro
768 2969 953 3036 cornuerat,
970 2963 1057 3038 primi
1071 2965 1182 3024 Taren·

203 3038 271 3113 tini,
294 3038 406 3101 deinde
422 3041 692 3117 Gallograecorum
714 3044 848 3120 equitum
872 3046 933 3107 duo
954 3047 1036 3107 milia
1050 3053 1081 3107 et
1095 3047 1185 3122 quin·

202 3121 294 3197 genti,
303 3123 374 3183 inde
383 3128 549 3189 Neocretes
566 3127 662 3200 mille,
684 3134 714 3186 et
727 3130 837 3189 eodem
852 3137 969 3190 armatu
985 3131 1077 3191 Cares
1092 3137 1123 3190 et
1137 3129 1186 3190 Ci-

203 3205 278 3267 lices
298 3206 380 3268 mille
403 3215 433 3269 et
449 3209 619 3284 quingenti,
641 3215 673 3269 et
692 3210 818 3271 totidem
831 3212 963 3286 Tralles,
984 3219 1015 3273 et
1029 3214 1087 3273 tria
1102 3214 1187 3273 milia

203 3295 420 3351 caetratorum
441 3291 562 3352 Pisidae
587 3298 674 3354 erant
698 3301 728 3354 et
745 3293 916 3371 Pamphylii
941 3302 972 3356 et
991 3295 1087 3374 Lycii.
1119 3304 1187 3357 tum

204 3373 401 3452 Cyrtaeomm
416 3382 446 3434 et
459 3374 676 3452 Elymaeorum
694 3377 779 3451 paria
793 3377 823 3437 in
839 3377 947 3440 dextro
963 3394 1059 3440 cornu
1074 3381 1186 3442 locatis

203 3456 330 3528 auxilia,
353 3464 383 3518 et
397 3455 532 3517 sedecim
548 3459 700 3533 elephanti
714 3460 836 3521 modico
851 3461 1008 3523 intervallo
1023 3462 1185 3524 distantes.
