2600 4000
283 199 398 259 LIBER
406 200 541 260 xxxvl.
557 198 750 260 cAP.1o.11.
766 205 801 272 [a.
810 204 842 257 c.
851 204 912 272 191]
974 216 977 221 ·
1026 196 1087 260 231

8 345 9 352 '
112 359 180 415 rant
193 349 322 423 finibus,
344 356 375 410 et
394 348 473 410 intra
492 349 612 411 moenia
633 347 820 423 praesidium
835 347 1005 408 Romanum
1023 364 1089 409 cer·

112 436 246 582 nebalittl.
273 516 340 575 Rex
354 513 527 576 Chalcidem
542 532 560 576 a
574 508 767 576 Demetriade
787 513 961 589 proiectus,
985 529 1089 574 amore
1129 474 1131 479 .

114 609 224 678 captus
244 597 370 673 virginis
385 596 593 660 Chalcidensis
608 596 808 673 Cleoptolemi
828 595 924 669 filiae,
947 612 1014 657 cum
1035 612 1089 671 pa·

114 696 191 749 trem
204 684 302 760 primo
317 681 507 757 adleganda,
529 683 641 743 deinde
662 698 764 744 coram
785 679 854 755 ipse
868 680 1007 755 rogando
1023 678 1087 740 lati-

113 776 233 846 gasset,
257 763 383 827 invitum
404 781 439 825 se
453 766 604 841 gravioris
624 767 765 827 fortunae
779 762 951 826 condicioni
972 762 1089 838 illigan-
1213 838 1217 844 Ι

114 862 188 927 torn,
203 852 326 913 tandem
340 848 499 924 impetrata
511 866 546 911 re
557 858 711 926 tamquam
722 850 753 910 in
765 848 865 909 media
876 863 954 923 pace
967 847 1090 923 nuptias
1119 897 1122 903 r

114 936 261 1006 celebrat;
283 941 314 995 et
322 932 473 1008 reliquum
485 932 609 1007 lriemiS,
625 935 751 1008 oblitus
767 937 896 1008 quantas
908 931 998 992 simul
1011 933 1088 991 duas

112 1036 163 1081 res
184 1018 391 1093 suscepisset,
413 1017 524 1077 bellum
544 1018 715 1079 Romanum
735 1023 766 1078 et
781 1016 938 1076 Graeciam
958 1015 1089 1075 liberan-

113 1106 198 1175 dam,
220 1103 336 1167 omissa
357 1100 490 1161 omnium
509 1118 612 1163 rerum
631 1117 705 1161 cura
724 1101 755 1161 in
775 1098 925 1161 conviviis
939 1106 970 1160 et
983 1099 1088 1160 vinum

114 1185 315 1262 sequentibus
336 1185 543 1260 voluptatibus
564 1201 601 1246 ao
616 1185 728 1245 deinde
745 1199 784 1244 ex
800 1181 976 1257 fatigatione
990 1183 1088 1258 magis

115 1287 209 1351 quam
227 1273 365 1331 satietate
386 1284 490 1329 earum
509 1270 538 1329 in
561 1285 670 1331 somno
690 1261 832 1329 traduxit.
864 1266 973 1327 eadem
988 1267 1088 1328 omnis

114 1356 287 1431 praetactos
298 1353 411 1428 regios,
424 1352 478 1428 qui
489 1353 614 1428 ubique,
626 1353 666 1413 ad
676 1351 836 1412 Boeotiam
846 1351 986 1423 maxime,
999 1366 1088 1427 prae-

94 1503 95 1506 ,
114 1438 206 1513 positi
221 1437 356 1497 hibernis
372 1444 471 1510 erant,
493 1438 574 1512 cepit
587 1437 722 1505 luxuria;
744 1436 773 1495 in
790 1436 920 1496 eandem
935 1441 965 1495 et
978 1435 1088 1495 milites

114 1520 204 1582 effusi
218 1528 303 1581 sunt:
325 1536 382 1581 nec
404 1521 566 1596 quisquam
586 1537 692 1581 eorum
713 1528 765 1581 aut
778 1535 862 1580 arma
882 1518 1017 1598 induxit,
1038 1524 1089 1579 aut

115 1607 275 1665 stationem
290 1613 342 1666 aut
354 1602 473 1680 vigilias
491 1605 639 1680 servavit,
667 1612 720 1665 ant
734 1604 899 1679 quicquam
914 1600 999 1676 quod
1013 1600 1089 1659 mili·

114 1689 186 1749 taris
199 1690 301 1764 operis
317 1695 370 1750 aut
379 1690 513 1749 muneris
525 1697 610 1750 esset
620 1689 702 1751 lecit.
720 1687 823 1762 itaque
835 1684 986 1760 principio
998 1684 1090 1758 veris,

115 1787 183 1832 cum
203 1788 260 1846 per
273 1772 437 1835 Phocidem
453 1772 677 1846 Chaeroneam,
702 1785 763 1845 quo
786 1768 949 1829 convenire
970 1782 1090 1828 omnem

106 1856 249 1932 ¹undique
264 1858 431 1918 exercitum
444 1856 594 1930 iusserat,
611 1854 762 1926 venisset,
777 1851 866 1911 facile
881 1850 1090 1912 animadvertit

113 1936 207 2002 nihilo
218 1941 374 2002 severiore
386 1940 552 2014 disciplina
560 1939 671 1999 milites
680 1951 772 2012 quarn
780 1934 1091 1998 ducemhihernasse.

112 2024 322 2084 Alexandrum
349 2023 422 2081 inde
445 2023 610 2082 Acarnana
634 2029 666 2082 et
688 2019 867 2094 Menippum
890 2019 1093 2081 Macedonem

115 2106 247 2166 Stratum
256 2105 395 2164 Aetoliae
410 2103 518 2179 copias
530 2106 643 2165 ducere
654 2103 754 2163 iussit
776 2103 844 2177 ipse
854 2103 981 2178 Delphis
997 2102 1087 2164 sacri·
1151 2101 1156 2111 '

113 2188 184 2249 ficio
199 2187 334 2262 Apollini
346 2187 427 2248 iacto
441 2187 630 2263 Naupactum
645 2185 807 2262 processit.
837 2185 965 2247 consilio
980 2186 1093 2261 princi·

114 2289 188 2348 pum
199 2269 339 2332 Aetoliae
353 2270 456 2332 habito
471 2272 522 2331 via
537 2285 617 2346 quac
627 2276 749 2346 praeter
761 2270 950 2347 Calydonem
965 2277 994 2329 et
1004 2269 1093 2345 Lysi-

4 2356 5 2371 *
114 2355 263 2427 machiam
283 2355 341 2416 lert
355 2356 397 2415 ad
409 2353 542 2417 Stratum
563 2354 645 2430 suis,
668 2353 720 2429 qui
739 2369 796 2429 per
810 2353 971 2413 Maliacum
992 2352 1091 2413 sinum

116 2439 285 2519 ueniebant,
299 2439 439 2500 occurrit.
459 2438 501 2501 ibi
512 2437 722 2498 Mnasilochus
733 2438 879 2513 princeps
885 2439 1093 2510 Acarnanum,

115 2524 216 2584 multis
231 2531 352 2598 emptus
367 2522 472 2598 donis,
493 2540 555 2584 non
569 2523 639 2598 ipse
659 2522 759 2584 solum
773 2527 894 2597 gentem
909 2521 974 2597 regi
990 2520 1092 2582 eonci-

115 2608 222 2682 habat,
247 2607 304 2669 sed
327 2606 447 2685 Clytum
466 2608 556 2669 etiam
579 2616 767 2682 praetorem,
793 2621 891 2681 penes
918 2621 1008 2681 quern
1030 2613 1092 2667 tum

115 2707 233 2750 summa
248 2697 386 2766 potestas
401 2698 482 2765 erat,
502 2692 532 2749 in
554 2707 642 2751 suam
662 2691 843 2752 sententiam
857 2690 1037 2751 adduxerat.
1065 2687 1094 2750 is
1209 2740 1212 2743 .

116 2789 185 2833 cum
199 2772 386 2847 Leucadios,
409 2775 494 2848 quod
513 2774 705 2834 Acarnaniae
720 2781 813 2849 caput
833 2781 897 2848 est,
922 2788 983 2833 non
1005 2774 1095 2834 iacile

115 2856 156 2916 ad
171 2856 374 2931 delectionem
388 2872 485 2931 posse
496 2864 635 2918 cerneret
644 2855 760 2932 impelli
771 2862 898 2931 propter
908 2865 1022 2919 metum
1031 2859 1092 2918 lto·

114 2955 223 3001 manae
244 2939 369 3013 classis,
392 2956 472 3015 quae
493 2955 563 3000 curn
576 2939 670 3000 Atilio
693 2955 812 3014 quaeve
833 2939 914 3000 circa
936 2940 1093 3015 Cephalle-

114 3024 197 3084 niam
211 3032 291 3095 erat,
314 3030 379 3085 arte
397 3039 453 3084 cos
474 3035 523 3084 est
541 3024 721 3099 adgressus.
749 3039 820 3083 nam
835 3038 903 3084 cunr
917 3024 947 3083 in
963 3022 1094 3084 concilio

115 3107 246 3169 dixisset
260 3108 374 3169 tuenda
387 3108 609 3169 mediterranea
621 3106 815 3169 Acarnaniae
836 3122 924 3182 osse,
947 3114 978 3190 et
998 3108 1093 3169 onmi-

115 3189 172 3250 bus
188 3191 241 3267 qui
255 3208 340 3252 arma
354 3192 467 3252 terrent
476 3191 649 3252 exeundum
661 3192 702 3251 ad
712 3189 884 3252 Medionem
897 3199 927 3253 et
936 3188 1094 3271 Thyrium,

116 3288 154 3332 ne
168 3274 207 3333 ab
221 3275 373 3336 Antiocho
390 3281 439 3335 aut
452 3274 571 3336 Aetolis
588 3283 825 3351 occuparentur,
841 3276 927 3336 luere
942 3276 995 3350 qui
1010 3276 1093 3336 dice·

116 3363 183 3415 rent
196 3357 269 3418 nihil
283 3359 411 3421 attinere
426 3359 524 3419 omnis
540 3360 726 3420 tumultuose
747 3358 908 3435 concitari,
929 3360 1004 3420 satis
1020 3372 1093 3417 esse

116 3438 349 3515 quingcntorum
374 3444 529 3504 hominurn
557 3442 755 3519 praesidium.
806 3459 874 3504 eam
904 3442 1093 3503 iuventutem
