2600 4000
272 244 389 305 LIBER
401 245 513 304 XXXV
514 244 551 302 ll.
573 242 657 301 CAP.
671 253 716 304 25.
726 250 771 304 bo.
793 249 831 315 [a.
843 247 876 300 C.
888 247 950 314 loo]
1036 238 1100 304 ἥδ

117 410 216 470 regna
229 392 374 466 iudendo,
389 400 423 453 ut
436 393 551 453 nullum
563 408 697 466 usquam
711 391 796 452 orbis
806 398 956 451 terrarum
965 391 1025 452 nisi
1037 392 1099 453 Ro

118 493 243 538 manuni
256 477 417 552 imperium
430 482 523 536 esset
544 475 718 551 Philippum
729 482 761 534 et
768 474 877 534 Mcbhn
887 481 1099 549 expugnatum

118 576 156 622 se
168 561 286 621 tertium
302 560 373 635 peti.
394 566 431 619 ut
445 557 578 635 quisque
591 559 752 634 proximus
762 557 803 617 ab
813 573 968 633 oppresso
980 558 1029 632 sil,
1042 574 1100 633 pes

118 645 219 707 omnis
234 646 317 704 vetut
331 644 491 704 continens
505 642 680 704 incendium
698 658 909 717 pervasuium.
930 641 971 701 ah
981 656 1018 701 se
1030 656 1099 715 gra-

119 730 191 789 dum
204 730 235 787 in
248 727 423 804 bithyniam
437 726 519 800 iore,
541 727 667 802 quando
679 726 836 787 Eumenes
850 725 882 784 in
896 723 1098 785 voluntariam

118 811 295 873 servitutem
310 808 529 871 concessisset
556 809 606 870 liis
618 816 734 871 motum
745 807 886 870 Prusiam
898 805 1018 869 litterae
1032 806 1098 868 Sci-

115 895 219 972 pionis
233 895 382 968 consulis,
396 894 453 953 sed
467 893 567 968 magis
581 894 683 953 hahis
698 894 766 954 eius
779 892 927 964 Atricani,
942 892 982 952 cb
996 889 1099 966 suspi-

116 978 207 1040 cione
226 980 279 1039 tali
298 983 490 1046 averterunt;
517 977 569 1051 qui
584 984 707 1051 praeter
720 976 974 1040 consuetudinem
987 990 1099 1051 perpe

115 1069 199 1129 wem
210 1062 318 1137 populi
323 1061 453 1122 Romani
464 1059 598 1135 augendi
608 1061 692 1121 omni
701 1060 820 1122 honore
829 1060 1098 1135 regumsociorum

115 1146 315 1219 maiestatem,
330 1143 530 1205 domesticis
520 1160 591 1219 ipse
606 1143 758 1220 exemplis
770 1143 910 1204 Prusiam
923 1144 962 1204 od
976 1158 1098 1218 prome-

114 1231 241 1290 rendam
266 1228 427 1289 amicitiam
452 1243 541 1289 suain
561 1228 716 1303 compulit
750 1229 877 1303 regulos
896 1242 933 1287 se
952 1234 1098 1302 acceptos

115 1316 146 1374 in
166 1313 288 1374 iidem
279 1329 310 1372 in
329 1311 479 1388 Hispania
501 1327 592 1387 reges
612 1310 793 1408 reliquisset
818 1309 1017 1371 Masinissam
1036 1326 1097 1371 non

115 1398 266 1472 inpatiio
286 1396 380 1457 modo
401 1396 524 1456 locasse
543 1411 656 1470 regno,
680 1395 791 1456 sedin
805 1394 977 1473 Syphacis,
998 1411 1018 1455 a
1032 1411 1095 1469 quo

115 1487 187 1541 ante
205 1481 355 1555 expulsus
376 1478 500 1553 talsset,
521 1495 649 1554 regnum
669 1479 873 1555 imposuisse,
896 1486 928 1539 et
940 1494 1014 1538 esse
1027 1494 1098 1538 eum

115 1581 179 1626 non
193 1564 317 1624 Africae
331 1564 425 1624 modo
438 1579 547 1639 regum
559 1565 652 1639 longe
669 1563 944 1640 opulentissimum,
958 1562 1016 1622 sed
1031 1568 1096 1622 toto

114 1649 146 1709 in
161 1647 237 1709 orbe
255 1656 404 1708 terrarum
424 1648 522 1708 cuivis
541 1663 648 1723 regum
669 1650 720 1708 vel
738 1648 898 1707 maiestme
916 1644 967 1703 vel
981 1643 1097 1704 viribus

116 1748 236 1808 parem=
256 1730 429 1808 Philippum
443 1740 474 1793 et
486 1731 609 1806 Nabim,
624 1731 725 1792 hostis
739 1739 771 1790 et
783 1730 865 1788 bello
879 1734 1043 1802 superatos
1057 1727 1095 1787 ab

113 1816 146 1876 Τ.
154 1816 302 1891 Quinctio,
314 1824 415 1877 lamen
427 1818 458 1877 in
468 1832 564 1891 regno
575 1816 710 1875 relictos.
727 1812 869 1887 Philippo
879 1810 1004 1887 quidem
1016 1826 1096 1871 oiino

113 1902 216 1977 priore
223 1902 313 1961 edam
324 1901 511 1976 stipendium
521 1899 685 1957 remissum
695 1902 727 1955 et
737 1896 832 1955 filiuni
843 1893 981 1956 obsidem
993 1895 1095 1954 reddi·

113 1993 192 2059 tum,
212 1992 244 2044 et
264 1984 415 2059 quasdam
431 1982 569 2042 civitates
584 1987 672 2041 extra
684 1980 897 2042 Macedoniam
911 1979 1095 2056 potientibus

112 2066 261 2131 Romanis
272 2065 507 2140 imperatoribus
516 2063 677 2140 recepisse
687 2080 767 2125 eum
788 2066 819 2124 in
833 2065 942 2125 eedem
952 2064 1096 2139 dignitate

114 2158 146 2210 et
162 2148 270 2209 Nabim
290 2150 424 2209 futurum
444 2149 557 2219 luisse,
581 2148 640 2207 nisi
661 2164 731 2209 euin
751 2165 828 2209 suus
850 2147 981 2224 primum
1001 2148 1095 2221 luror,

114 2234 227 2295 deinde
242 2233 327 2293 haus
340 2234 517 2294 Aetolorum
533 2231 769 2307 absumpsisset
790 2232 921 2292 maxime
935 2230 1095 2291 confirma-

113 2327 164 2380 tus
185 2323 234 2377 est
254 2316 373 2377 animus
393 2318 491 2393 regis,
515 2323 682 2392 postquam
701 2317 742 2376 ad
762 2332 832 2377 eom
851 2315 882 2376 0.
902 2314 1023 2387 Liiius,
1044 2313 1096 2389 qni

112 2408 323 2477 praetonante
337 2403 429 2461 classi
443 2402 631 2478 praefuerat,
651 2403 772 2476 legatus
786 2400 939 2461 abilonis
952 2397 1050 2472 venit,
1066 2405 1096 2457 et

113 2486 251 2559 edocuit,
276 2493 391 2562 quanto
411 2492 443 2545 et
458 2501 534 2561 spes
553 2485 701 2546 victumae
714 2486 826 2546 certior
839 2482 986 2545 Romanis
1002 2497 1095 2557 quain

112 2569 267 2630 Antiocho
288 2578 319 2630 et
339 2570 471 2630 amicitia
490 2568 627 2631 sanctior
645 2568 826 2646 firmiorque
839 2569 924 2644 apud
936 2568 1095 2628 Romanos

113 2654 214 2713 liitura
228 2662 323 2715 esset

196 2736 303 2796 xxvi
324 2736 495 2797 Antiochus
515 2745 682 2812 postquam
693 2753 715 2797 a
727 2752 786 2812 spe
800 2737 956 2798 societatis
969 2733 1096 2794 Prusiae

114 2819 241 2892 decidit,
262 2819 419 2893 Ephesum
439 2820 478 2879 ab
493 2818 643 2881 Sardibus
658 2828 708 2881 est
723 2820 882 2895 proiectus
897 2821 938 2881 ad
951 2819 1093 2890 classem,

114 2918 194 2979 quse
208 2919 265 2979 per
278 2902 396 2979 aliquot
411 2918 535 2963 menses
547 2904 695 2963 instructa
704 2918 742 2963 ac
753 2911 860 2977 parata
870 2906 978 2977 luerat,
991 2900 1093 2962 visen·

113 2988 200 3061 dam,
220 2987 318 3062 mame
334 2987 408 3063 quia
419 2987 617 3047 terrestribus
631 2987 732 3063 copiis
745 2987 912 3048 exercitum
925 2988 1096 3047 Romanum

112 3071 230 3133 etdims
238 3070 400 3146 Scipiones
411 3071 613 3146 imperatoroe
623 3070 750 3132 videbat
759 3071 904 3132 sustineri
914 3087 976 3132 non
989 3084 1094 3146 posse,

114 3172 206 3230 quam
224 3156 308 3232 quod
321 3171 374 3215 res
388 3156 508 3215 navalis
522 3154 594 3231 ipso
606 3171 665 3231 per
680 3172 718 3216 se
730 3161 783 3215 aut
795 3162 941 3231 temptata
955 3152 1015 3215 sibi
1028 3169 1095 3214 um·

115 3255 207 3313 quam
226 3239 354 3301 feliciter
373 3245 427 3301 aut
446 3248 518 3300 tunc
538 3255 668 3315 magnae
688 3248 719 3300 et
732 3246 834 3300 certae
854 3240 987 3300 fiduciae
1000 3245 1095 3299 esset

114 3329 180 3381 crat
199 3330 299 3384 tamen
319 3331 505 3385 momentum
526 3324 557 3384 in
577 3326 755 3399 praesentia
774 3324 858 3399 spei,
880 3324 966 3400 quod
986 3328 1018 3382 et
1032 3337 1094 3380 ma-

113 3420 203 3479 gnam
224 3414 340 3481 partein
353 3407 494 3469 Rhodiae
508 3408 619 3468 classis
634 3407 718 3467 circs
729 3407 839 3467 Patara
852 3422 926 3467 esse
939 3414 971 3466 et
982 3405 1094 3464 Eume

113 3503 183 3549 ncm
203 3504 307 3564 regen
321 3506 390 3551 cuin
405 3490 547 3552 omnibus
562 3490 695 3550 navibus
709 3490 775 3550 suis
790 3490 910 3550 consuli
924 3485 1048 3548 obviam
1062 3486 1093 3546 in
