2600 4000
218 250 279 317 lll
358 248 473 310 LIBER
486 246 619 309 XXXIII.
642 245 724 306 CAP-
738 251 838 308 ibli-
861 248 1046 318 [abacto]

217 410 297 477 tunt,
317 408 349 463 et
367 397 466 476 primo
488 397 568 459 adeo
588 396 698 457 acnter
719 395 911 468 invaserunt,
930 401 964 456 ut
977 394 1199 471 antesignanos

217 484 400 564 impulerint
435 481 520 559 qaod
533 479 587 541 ubi
599 479 762 541 Marcellus
777 477 1000 554 animadvertit,
1018 478 1143 555 veritus,
1156 495 1200 540 ue

217 569 291 632 moti
311 569 406 630 semel
426 566 626 642 pellcrcnarr,
647 562 807 624 cohortem
819 562 992 623 Marsorum
1013 579 1084 624 cum
1097 579 1198 639 oppo-

218 654 340 728 suisset,
356 648 493 728 equitum
502 647 678 710 Latinorum
692 662 800 708 omnes
815 653 931 707 turmas
946 647 977 707 in
991 646 1113 709 hostem
1122 646 1198 707 emi·

217 738 266 799 sit
288 751 419 813 quorum
433 747 504 794 oum
518 732 637 809 primus
647 730 867 807 secundusque
876 729 1009 805 impetus
1019 728 1199 792 rettudisset

217 822 396 883 inferentem
410 831 446 877 se
460 814 603 877 ferociter
613 815 742 887 hostem,
758 814 935 876 confirmata
945 820 976 876 et
985 813 1104 889 reliqua
1113 813 1198 875 acies

217 905 355 968 Romana
374 899 485 962 restitit
501 896 616 976 primo,
636 897 749 959 deinde
768 898 857 973 signa
876 898 987 959 acriter
1005 895 1112 959 intulit
1140 912 1199 957 nec
1236 945 1239 949 .

218 991 297 1049 ultra
311 982 485 1047 sustinuere
497 989 650 1046 certamen
660 982 745 1056 Galli,
760 980 834 1057 quin
844 987 930 1057 terga
939 987 1094 1042 verterent
1103 988 1199 1057 atque

219 1070 318 1131 effuse
344 1069 492 1144 surgerent
524 1067 557 1127 in
577 1080 615 1126 eo
640 1065 759 1141 proelio
780 1080 875 1140 supra
895 1064 1097 1141 quadraginta
1115 1064 1199 1126 millo

217 1152 374 1214 bominum
388 1148 633 1212 ceesaValerius
644 1149 754 1210 Antias
764 1147 879 1223 scribit,
895 1148 1070 1224 octingenta
1080 1155 1199 1225 septem

218 1237 308 1312 signa
320 1232 460 1296 militarla
474 1239 573 1309 cepta,
588 1239 619 1294 et
629 1239 776 1308 carpenta
788 1231 982 1308 septingenta
991 1232 1112 1308 trigiuta
1124 1232 1198 1308 duo,

219 1327 249 1381 et
269 1334 381 1380 aureos
401 1325 529 1393 torques
548 1318 676 1389 multos,
698 1330 737 1376 ex
759 1315 870 1393 quibus
890 1331 985 1377 uuum
1001 1314 1104 1392 magui
1118 1331 1195 1391 pon·

220 1401 304 1464 deris
319 1400 463 1463 claudius
483 1399 515 1460 in
531 1399 681 1475 Capitolio
695 1399 761 1460 Iovi
781 1400 896 1460 danuam
915 1399 945 1459 in
965 1399 1044 1460 aede
1061 1399 1197 1476 positum

219 1486 333 1553 scribit.
356 1491 458 1546 castra
471 1498 509 1545 eo
525 1483 575 1545 die
590 1481 745 1544 Gallorum
759 1488 936 1558 expugnata
948 1481 1145 1560 direptaque;
1166 1493 1196 1550 et

219 1569 346 1631 comum
359 1567 509 1644 oppidum
522 1572 595 1643 post
608 1566 676 1627 dies
691 1580 808 1641 paucos
824 1571 955 1642 captum.
984 1568 1112 1628 castella
1123 1563 1197 1628 indo

218 1650 443 1727 duodetriginta
464 1650 505 1711 ad
525 1649 684 1712 consulem
705 1650 892 1711 deiecerunt
924 1649 956 1710 id
977 1665 1102 1726 qnoque
1118 1650 1194 1711 inter

218 1738 386 1813 scriptores
407 1734 583 1809 ambigitur,
603 1740 705 1795 utrum
725 1734 756 1793 iu
773 1731 869 1794 Bolos
890 1734 975 1809 prius
996 1748 1036 1794 an
1050 1734 1197 1795 Insubres

219 1821 329 1882 consul
349 1817 517 1879 exercitum
531 1815 667 1892 duxerit,
688 1815 913 1893 adversamque
927 1832 1079 1894 prospera
1091 1833 1198 1893 pugna

218 1900 444 1976 oblitteraverit,
456 1917 495 1960 an
506 1900 634 1961 victoria
644 1899 686 1960 ad
692 1900 817 1962 comum
827 1906 917 1977 parta
928 1901 1097 1963 deformata
1109 1902 1198 1963 clade

218 1986 248 2046 in
263 1984 350 2047 Boiis
364 1983 556 2060 acceptarit

300 2068 448 2130 XXXVII.
471 2066 536 2130 Sub
549 2067 627 2130 haec
640 2076 703 2130 mm
716 2068 1196 2145 amorcmqueamoremque

218 2152 365 2231 Purpurio
380 2153 457 2213 alter
470 2152 579 2214 consul
593 2167 649 2229 per
663 2152 774 2214 tribum
785 2150 942 2228 Sapiniam
952 2152 983 2212 in
993 2153 1088 2216 Boios
1102 2154 1196 2215 venit.

216 2237 276 2297 iam
292 2242 393 2299 castro
407 2235 512 2299 Mutilo
528 2236 804 2313 appropinquabat,
820 2251 890 2297 oum
903 2237 1035 2310 veritus,
1050 2241 1090 2298 ne
1103 2238 1195 2299 inter·

217 2320 391 2381 cluderetur
412 2320 502 2380 simul
515 2335 535 2379 a
547 2319 632 2381 Boiis
645 2319 886 2395 Liguribusque,
907 2320 1073 2381 exercitum
1087 2323 1197 2382 eadem

216 2402 267 2463 via
287 2419 350 2480 que
362 2402 535 2468 adduxerat
549 2402 686 2473 reduxit,
708 2409 863 2478 almagno
879 2404 1007 2466 circuitu
1020 2420 1077 2480 per
1090 2413 1197 2481 aperta

216 2501 318 2562 eoque
338 2492 402 2545 tute
420 2486 490 2544 loca
510 2484 551 2543 ad
571 2483 719 2559 collegam
739 2487 887 2559 pervenit
923 2487 995 2549 iude
1015 2486 1126 2553 iunctis
1140 2505 1195 2550 ex·

216 2567 359 2627 eroitibus
371 2565 503 2642 primum
513 2564 658 2627 Boiorum
669 2583 775 2643 agrum
786 2586 886 2646 usque
896 2571 1095 2634 adFelsinam
1105 2573 1194 2649 oppi-

216 2649 289 2709 dum
305 2650 491 2724 populantes
511 2659 761 2726 peragraverunt
794 2668 834 2714 ea
846 2655 920 2715 urbs
935 2661 1098 2731 ceteraque
1112 2657 1195 2718 circa

216 2731 342 2792 castella
356 2737 387 2792 et
395 2730 464 2793 Boii
475 2732 539 2794 lere
551 2748 658 2795 omnes
670 2743 791 2812 praeter
801 2737 996 2815 iuventutem,
1011 2756 1092 2815 quac
1103 2755 1194 2816 prae·

217 2814 309 2876 dandi
330 2830 425 2876 causa
442 2815 474 2876 in
493 2817 587 2878 armis
602 2825 720 2879 erat-
729 2827 801 2883 tuno
815 2821 845 2881 in
862 2823 968 2884 devias
982 2823 1077 2885 silvas
1090 2839 1200 2885 necess

216 2904 346 2959 serat—
357 2898 387 2958 in
399 2899 585 2963 deditionem
595 2911 753 2966 venerunt.
772 2905 802 2965 in
812 2904 941 2981 Ligures
952 2906 1024 2968 inde
1034 2908 1193 2970 traductus
1291 2908 1292 2911 ’

216 2982 376 3045 exercitus.
397 2982 466 3045 Boil
480 2986 690 3062 neglegentius
705 2995 845 3050 coactum
855 3005 964 3065 agmen
975 2992 1192 3066 Romanorum,
1291 2982 1292 3027 ³

215 3064 289 3140 quia
299 3065 359 3141 ipsi
370 3070 480 3142 procul
489 3068 604 3130 abesse
614 3070 974 3148 viderentur,improviso
987 3075 1193 3150 mgrmsuma
1283 3124 1286 3133 .

215 3148 319 3209 serati
341 3165 397 3225 per
417 3152 555 3214 occultos
570 3154 667 3215 saltus
683 3154 781 3217 secuti
795 3163 874 3218 sunt
906 3173 987 3233 quos
1000 3174 1063 3219 non
1078 3159 1191 3235 adopt,

215 3231 297 3293 Pado
321 3242 448 3311 repente
473 3235 604 3298 navibus
628 3239 754 3300 baiecto
777 3239 897 3302 Laevos
917 3241 1096 3317 Libuosque
1122 3258 1192 3303 oum

215 3321 453 3391 pervaslassent,
466 3319 630 3382 redeuntes
641 3318 714 3382 inde
724 3338 781 3398 per
789 3323 934 3400 Ligruum
945 3332 1099 3388 exuemus
1111 3326 1192 3388 flues

214 3414 283 3460 cum
302 3401 416 3476 agresti
435 3402 552 3478 praede
570 3404 601 3464 in
615 3420 725 3481 agmen
739 3407 875 3470 incidunt
887 3409 1066 3471 Romanum.
1098 3424 1191 3485 proe-

214 3479 286 3545 dum
309 3483 440 3547 celerius
464 3486 629 3564 corlusque
650 3490 861 3567 commissum,
887 3509 978 3568 quam
1002 3493 1029 3553 si
1050 3499 1191 3568 temporo
