2600 4000
284 255 399 316 LIBER
412 255 546 315 xrttlll.
569 255 651 316 cAP.
667 264 709 318 ts.
725 263 767 318 ra.
789 264 827 331 [a
842 263 875 317 c.
893 265 953 331 tar]
1064 259 1107 338 99

122 420 185 473 tum
200 406 285 469 acies
298 413 429 482 utraque
444 421 539 481 super
551 403 660 481 ripam,
677 403 730 481 qui
743 405 828 467 temti
843 417 905 467 tum
916 424 999 483 aquo
1012 410 1103 473 inter-

123 493 246 566 iluebat,
260 487 419 559 torrentis;
445 487 617 565 paucisque
631 487 702 550 telis
716 488 840 550 emissis
855 487 887 549 in
902 497 1004 552 castra
1016 509 1102 556 rece-

121 583 335 655 parentasse.
379 579 505 648 posbro
522 570 577 633 die
597 571 708 633 codam
729 570 836 632 ordine
851 573 989 635 instructi
1004 575 1102 639 maius

121 662 278 737 aliquanto
298 655 454 733 ‚praetium
475 671 571 731 quarn
584 670 641 731 pro
668 671 795 716 numero
818 654 943 718 edidere
964 673 1103 734 pugnan-

122 749 213 808 tium:
229 756 329 817 neque
344 737 426 800 enim
441 738 511 814 plus
526 745 612 800 terna
625 737 709 799 milia
728 738 866 815 peditum
888 742 973 802 tuere
988 751 1019 804 ct
1032 758 1103 804 cen-

122 824 185 890 teni
199 826 294 886 terme
306 822 439 899 equites.
479 829 618 884 cetarum
632 837 694 882 non
709 839 836 884 numero
851 832 968 886 tuntum
982 841 1041 887 nec
1055 844 1102 887 ar-

122 926 242 973 morum
252 923 383 983 genere,
406 904 586 966 sedanimis
602 923 729 982 quoque
743 907 869 983 paribus
883 916 915 969 et
928 925 1030 985 aequa
1045 927 1103 986 spe

121 998 307 1072 pugnarunt.
348 987 466 1050 achaei
481 987 575 1065 =primi
595 997 730 1052 torrente
743 999 888 1066 superato
903 990 935 1051 in
948 991 1102 1069 Agrianas
1223 1064 1226 1069 ,

121 1077 268 1154 impeturn
281 1076 436 1145 beemots
455 1071 570 1135 ⁴deindo
590 1081 655 1136 tota
675 1090 774 1150 prope
794 1090 887 1136 cursu
905 1083 1101 1153 uansgressa

119 1177 242 1222 amnem
255 1157 338 1220 acies
351 1165 411 1218 est.
427 1156 480 1217 din
494 1172 609 1234 anceps
623 1173 730 1234 pugna
741 1156 833 1220 stetit.
848 1173 975 1221 nurnero
982 1159 1101 1222 Achaei

121 1246 166 1288 *¹¹
180 1240 285 1320 stipsi
301 1239 542 1318 quadringentos
555 1241 624 1303 loco
641 1243 798 1317 expulere.
827 1241 1100 1323 inclinatodeinde

121 1329 211 1392 laeuo
221 1342 323 1389 cornu
336 1324 367 1384 in
376 1325 522 1386 dextrum
537 1341 644 1387 omnes
655 1323 765 1387 conisi.
783 1326 981 1400 Macedones,
997 1343 1099 1404 usque

13 1475 17 1484 ,
122 1411 198 1471 dum
209 1407 335 1470 ‚ordinas
349 1417 380 1469 et
392 1407 487 1471 veluti
502 1406 614 1485 stipata
627 1410 763 1486 phalanx
784 1409 960 1484 constabat,
981 1408 1098 1473 moveri

125 1491 340 1568 nequiueruntz
360 1500 525 1569 postquam
538 1495 627 1556 taevo
643 1494 738 1555 tatere
757 1495 872 1556 nudato
889 1492 1097 1570 circumagere

123 1577 230 1638 nasas
247 1574 463 1638 invenientem
489 1593 530 1638 ex
550 1586 726 1640 transverso
751 1577 873 1640 hostem
894 1577 996 1639 conati
1016 1585 1097 1651 sunt,

124 1657 234 1722 turbati
243 1660 399 1736 extempio
413 1662 572 1723 tumultum
587 1659 686 1737 primo
704 1659 784 1722 inter
798 1677 834 1721 se
848 1661 994 1730 iecerunt,
1010 1666 1097 1735 terga

122 1742 234 1805 deinde
254 1750 393 1815 venunt,
419 1752 575 1819 postremo
593 1742 723 1805 abiectis
743 1742 836 1804 armis
852 1743 883 1802 in
897 1741 1097 1818 pmccipitem

122 1828 223 1903 fugam
237 1826 443 1889 effunduntur.
467 1827 636 1906 Bargylias
651 1834 793 1903 petentes
808 1828 964 1902 ingerunt=
985 1826 1096 1887 codem

119 1917 151 1974 at
163 1911 343 1973 Dinocrates
363 1908 506 1986 perfugit.
545 1910 673 1985 Rhodii,
694 1919 841 1987 quantum
860 1908 923 1972 diei
943 1909 1096 1987 superfuit

121 1993 232 2070 seced,
250 1999 437 2069 receperunt
456 2008 528 2053 sese
539 1991 572 2053 in
587 2003 697 2056 eastra
739 1994 815 2057 satis
829 2002 964 2069 constat,
979 1992 1007 2055 si
1021 2011 1094 2055 con-

120 2077 221 2140 iestim
233 2075 371 2138 victores
382 2073 606 2136 Stratoniceam
620 2076 779 2151 petissent,
794 2077 892 2151 recipi
906 2094 974 2137 earn
987 2078 1094 2137 urbem

118 2160 186 2221 sine
206 2157 372 2220 certamine
390 2154 542 2231 potuisse.
582 2156 800 2231 praetendisse
819 2157 886 2217 eius
905 2158 951 2218 rei
971 2157 1095 2218 occasio

118 2250 176 2314 cst,
192 2241 266 2301 dunt
279 2237 312 2299 in
325 2237 460 2300 comedis
474 2237 615 2315 uicisque
623 2238 816 2315 recipiendis
828 2240 962 2300 Peraeae
975 2247 1096 2314 tempus

31 2346 37 2355 ·
117 2322 233 2387 teritur.
276 2319 397 2384 interim
410 2320 502 2387 animi
516 2338 622 2385 eorum
637 2322 690 2400 qui
705 2320 926 2385 Stratoniceam
939 2320 1095 2399 praesidio

119 2405 297 2470 obtinebant
316 2404 486 2469 confirmati
508 2414 587 2469 sunt.
627 2424 702 2469 mox
721 2413 753 2468 et
765 2405 946 2469 Dinocrates
968 2422 1037 2468 cum
1056 2404 1095 2468 iis

119 2507 199 2567 quae
214 2488 331 2567 proelio
344 2491 561 2567 superfuerant
572 2490 675 2569 copiis
689 2487 811 2552 intravit
829 2506 944 2552 muros.
987 2487 1095 2565 nequi·

119 2589 211 2650 quam
230 2572 303 2635 inde
324 2574 457 2636 obsessa
477 2584 718 2652 oppugnataque
739 2574 813 2637 urba
834 2582 896 2649 est,
919 2590 978 2636 nec
997 2571 1094 2650 recipi

119 2655 179 2718 nisi
193 2655 349 2734 aliquanto
364 2665 437 2735 post
451 2673 507 2734 par
516 2658 705 2720 Antiochum
719 2657 826 2734 potuit
866 2658 946 2719 haec
959 2656 990 2718 in
999 2657 1094 2719 Thes-

119 2738 205 2814 salia,
215 2740 295 2802 vhaec
305 2740 337 2802 in
351 2739 477 2815 Achaia,
491 2741 568 2803 haec
581 2741 612 2803 in
626 2741 704 2803 Asia
713 2740 988 2818 per‘eosdemdies
1000 2741 1094 2801 fenne

119 2832 217 2900 gesta.

197 2906 274 2969 XIX.
295 2905 537 2984 Philippuscum
548 2907 688 2970 audisset
696 2909 867 2983 Dardanos,
881 2915 1093 2983 transgressos

118 2986 189 3051 finis
203 2990 242 3051 cb
257 2996 434 3067 contemptu
448 2989 594 3053 concussi
615 2999 678 3053 tum
693 2990 795 3067 regni,
817 2990 979 3067 superiora
991 2991 1093 3052 Mace

118 3071 229 3136 donica
250 3081 406 3149 evastare,
432 3090 615 3151 quamquam
635 3083 700 3137 toto
721 3091 820 3152 prope
841 3075 916 3135 orbe
935 3083 1092 3147 terrarum

12 3168 13 3185 ¹
117 3153 254 3234 undique
266 3173 303 3219 se
318 3173 456 3234 suosque
469 3156 611 3234 exigente
631 3160 768 3234 fortuna,
794 3158 973 3233 urgebatur,
992 3167 1092 3220 umen

116 3246 215 3302 morta
236 3238 351 3302 nudus
370 3249 456 3304 ratus
469 3240 669 3304 Macedoniae
690 3244 781 3304 etiam
788 3240 996 3318 possessione
1010 3239 1092 3317 pelli,

116 3321 231 3385 dilectu
245 3321 356 3400 raptim
367 3341 425 3402 per
437 3326 530 3386 urbes
544 3325 748 3387 Macedonum
762 3324 866 3387 habito
882 3341 952 3386 cum
966 3341 1024 3386 sex
1037 3322 1092 3383 mi·

22 3463 26 3469 .
115 3404 198 3468 libus
211 3405 347 3483 peditum
359 3416 392 3471 et
405 3408 579 3485 quingentis
596 3406 752 3485 equitibus
773 3408 854 3470 circa
869 3408 983 3469 Stobos
997 3406 1091 3466 Paeo·

116 3488 186 3551 uiae
200 3488 370 3567 improviso
384 3492 491 3554 hostes
507 3490 671 3568 oppressit
696 3508 807 3567 magna
821 3490 981 3629 mffititudo
995 3484 1090 3547 homi·
