<?xml version="1.0" encoding="UTF-8"?>
<!DOCTYPE html PUBLIC "-//W3C//DTD XHTML 1.0 Transitional//EN"
    "http://www.w3.org/TR/xhtml1/DTD/xhtml1-transitional.dtd">
<html xmlns="http://www.w3.org/1999/xhtml" xml:lang="en" lang="en">
 <head>
  <title>
</title>
<meta http-equiv="Content-Type" content="text/html;charset=utf-8" />
  <meta name='ocr-system' content='tesseract 3.04.00' />
  <meta name='ocr-capabilities' content='ocr_page ocr_carea ocr_par ocr_line ocrx_word'/>
</head>
<body>
  <div class='ocr_page' id='page_1' title='image "./aburbeconditali00mlgoog_0256.png"; bbox 0 0 2600 4000; ppageno 0'>
   <div class='ocr_carea' id='block_1_1' title="bbox 212 251 1045 328">
    <p class='ocr_par' dir='ltr' id='par_1_1' title="bbox 212 251 1045 328">
     <span class='ocr_line' id='line_1_1' title="bbox 212 251 1045 328; baseline 0.002 -15"><span class='ocrx_word' id='word_1_1' title='bbox 212 251 276 314; x_wconf 72' lang='lat'>212</span> <span class='ocrx_word' id='word_1_2' title='bbox 371 252 486 311; x_wconf 80' lang='lat' dir='ltr'>LIBER</span> <span class='ocrx_word' id='word_1_3' title='bbox 495 252 616 311; x_wconf 87' lang='lat' dir='ltr'><strong>XXXV.</strong></span> <span class='ocrx_word' id='word_1_4' title='bbox 640 252 724 310; x_wconf 61' lang='lat' dir='ltr'>cni).</span> <span class='ocrx_word' id='word_1_5' title='bbox 736 260 780 313; x_wconf 73' lang='lat'>41.</span> <span class='ocrx_word' id='word_1_6' title='bbox 793 260 837 314; x_wconf 71' lang='lat'>42·</span> <span class='ocrx_word' id='word_1_7' title='bbox 851 252 887 328; x_wconf 79' lang='lat' dir='ltr'>[a.</span> <span class='ocrx_word' id='word_1_8' title='bbox 900 257 934 309; x_wconf 90' lang='lat' dir='ltr'>U.</span> <span class='ocrx_word' id='word_1_9' title='bbox 946 273 970 310; x_wconf 85' lang='lat' dir='ltr'>c.</span> <span class='ocrx_word' id='word_1_10' title='bbox 982 257 1045 324; x_wconf 80' lang='lat'><strong>560]</strong></span> 
     </span>
    </p>
   </div>
   <div class='ocr_carea' id='block_1_2' title="bbox 214 381 1204 480">
    <p class='ocr_par' dir='ltr' id='par_1_2' title="bbox 214 381 1204 480">
     <span class='ocr_line' id='line_1_2' title="bbox 214 381 1204 480; baseline 0.003 -16"><span class='ocrx_word' id='word_1_11' title='bbox 214 411 277 464; x_wconf 88' lang='lat' dir='ltr'>tum</span> <span class='ocrx_word' id='word_1_12' title='bbox 291 409 452 475; x_wconf 89' lang='lat' dir='ltr'>praeterea</span> <span class='ocrx_word' id='word_1_13' title='bbox 464 402 499 462; x_wconf 87' lang='lat' dir='ltr'>L.</span> <span class='ocrx_word' id='word_1_14' title='bbox 517 402 658 477; x_wconf 75' lang='lat' dir='ltr'>Quinctio</span> <span class='ocrx_word' id='word_1_15' title='bbox 680 403 800 463; x_wconf 90' lang='lat' dir='ltr'>consuli</span> <span class='ocrx_word' id='word_1_16' title='bbox 821 409 883 478; x_wconf 87' lang='lat' dir='ltr'>est,</span> <span class='ocrx_word' id='word_1_17' title='bbox 904 410 938 464; x_wconf 88' lang='lat' dir='ltr'>ut</span> <span class='ocrx_word' id='word_1_18' title='bbox 957 403 1035 464; x_wconf 87' lang='lat' dir='ltr'>duas</span> <span class='ocrx_word' id='word_1_19' title='bbox 1055 381 1204 480; x_wconf 85' lang='lat' dir='ltr'>legiones</span> 
     </span>
    </p>
   </div>
   <div class='ocr_carea' id='block_1_3' title="bbox 169 486 1198 3580">
    <p class='ocr_par' dir='ltr' id='par_1_3' title="bbox 169 486 1197 800">
     <span class='ocr_line' id='line_1_3' title="bbox 213 486 1197 549; baseline 0.001 -1"><span class='ocrx_word' id='word_1_20' title='bbox 213 488 324 548; x_wconf 90' lang='lat' dir='ltr'>civium</span> <span class='ocrx_word' id='word_1_21' title='bbox 337 487 545 548; x_wconf 87' lang='lat' dir='ltr'>Romanorum</span> <span class='ocrx_word' id='word_1_22' title='bbox 565 502 664 547; x_wconf 90' lang='lat' dir='ltr'>novas</span> <span class='ocrx_word' id='word_1_23' title='bbox 686 486 896 548; x_wconf 76' lang='lat' dir='ltr'>conscriberet</span> <span class='ocrx_word' id='word_1_24' title='bbox 909 493 940 547; x_wconf 87' lang='lat' dir='ltr'>et</span> <span class='ocrx_word' id='word_1_25' title='bbox 954 487 1075 547; x_wconf 88' lang='lat' dir='ltr'>socium</span> <span class='ocrx_word' id='word_1_26' title='bbox 1089 505 1126 548; x_wconf 88' lang='lat' dir='ltr'>ao</span> <span class='ocrx_word' id='word_1_27' title='bbox 1139 489 1197 549; x_wconf 89' lang='lat' dir='ltr'>La-</span> 
     </span>
     <span class='ocr_line' id='line_1_4' title="bbox 213 569 1197 648; baseline 0.001 -16"><span class='ocrx_word' id='word_1_28' title='bbox 213 572 267 632; x_wconf 92' lang='lat' dir='ltr'>tini</span> <span class='ocrx_word' id='word_1_29' title='bbox 289 570 421 632; x_wconf 89' lang='lat' dir='ltr'>nominis</span> <span class='ocrx_word' id='word_1_30' title='bbox 442 569 547 645; x_wconf 89' lang='lat' dir='ltr'>viginti</span> <span class='ocrx_word' id='word_1_31' title='bbox 562 569 644 629; x_wconf 90' lang='lat' dir='ltr'>milia</span> <span class='ocrx_word' id='word_1_32' title='bbox 658 569 797 645; x_wconf 88' lang='lat' dir='ltr'>peditum</span> <span class='ocrx_word' id='word_1_33' title='bbox 811 577 841 631; x_wconf 93' lang='lat' dir='ltr'>et</span> <span class='ocrx_word' id='word_1_34' title='bbox 856 570 1049 646; x_wconf 87' lang='lat' dir='ltr'>octingentos</span> <span class='ocrx_word' id='word_1_35' title='bbox 1064 571 1197 648; x_wconf 77' lang='lat' dir='ltr'><strong>equites.</strong></span> 
     </span>
     <span class='ocr_line' id='line_1_5' title="bbox 214 652 1197 733; baseline 0.001 -17"><span class='ocrx_word' id='word_1_36' title='bbox 214 672 283 716; x_wconf 89' lang='lat' dir='ltr'>eum</span> <span class='ocrx_word' id='word_1_37' title='bbox 298 655 464 715; x_wconf 88' lang='lat' dir='ltr'>exercitum</span> <span class='ocrx_word' id='word_1_38' title='bbox 484 654 633 729; x_wconf 87' lang='lat' dir='ltr'>praetori,</span> <span class='ocrx_word' id='word_1_39' title='bbox 660 654 709 713; x_wconf 90' lang='lat' dir='ltr'>cui</span> <span class='ocrx_word' id='word_1_40' title='bbox 723 652 831 714; x_wconf 89' lang='lat' dir='ltr'>Bruttii</span> <span class='ocrx_word' id='word_1_41' title='bbox 851 654 1010 729; x_wconf 90' lang='lat' dir='ltr'>provincia</span> <span class='ocrx_word' id='word_1_42' title='bbox 1030 655 1197 733; x_wconf 86' lang='lat' dir='ltr'>evenisset,</span> 
     </span>
     <span class='ocr_line' id='line_1_6' title="bbox 169 740 427 800; baseline -0.023 -1"><span class='ocrx_word' id='word_1_43' title='bbox 169 782 171 785; x_wconf 88' lang='lat'>-</span> <span class='ocrx_word' id='word_1_44' title='bbox 214 740 427 800; x_wconf 89' lang='lat' dir='ltr'>decreverunt.</span> 
     </span>
    </p>

    <p class='ocr_par' dir='ltr' id='par_1_4' title="bbox 214 819 1198 1569">
     <span class='ocr_line' id='line_1_7' title="bbox 298 819 1195 896; baseline 0 -13"><span class='ocrx_word' id='word_1_45' title='bbox 298 822 402 883; x_wconf 78' lang='lat' dir='ltr'>Aedes</span> <span class='ocrx_word' id='word_1_46' title='bbox 415 823 495 883; x_wconf 82' lang='lat' dir='ltr'>duae</span> <span class='ocrx_word' id='word_1_47' title='bbox 506 823 571 883; x_wconf 91' lang='lat' dir='ltr'>Iovi</span> <span class='ocrx_word' id='word_1_48' title='bbox 583 837 620 882; x_wconf 95' lang='lat' dir='ltr'>eo</span> <span class='ocrx_word' id='word_1_49' title='bbox 636 837 717 882; x_wconf 93' lang='lat' dir='ltr'>anno</span> <span class='ocrx_word' id='word_1_50' title='bbox 731 819 763 880; x_wconf 91' lang='lat' dir='ltr'>in</span> <span class='ocrx_word' id='word_1_51' title='bbox 775 820 925 896; x_wconf 84' lang='lat' dir='ltr'>Capitolio</span> <span class='ocrx_word' id='word_1_52' title='bbox 937 822 1098 884; x_wconf 74' lang='lat' dir='ltr'>dedicatae</span> <span class='ocrx_word' id='word_1_53' title='bbox 1113 833 1195 887; x_wconf 89' lang='lat' dir='ltr'>suut.</span> 
     </span>
     <span class='ocr_line' id='line_1_8' title="bbox 214 904 1196 982; baseline 0.001 -14"><span class='ocrx_word' id='word_1_54' title='bbox 214 914 342 969; x_wconf 89' lang='lat' dir='ltr'>voverat</span> <span class='ocrx_word' id='word_1_55' title='bbox 354 906 388 964; x_wconf 87' lang='lat' dir='ltr'>L.</span> <span class='ocrx_word' id='word_1_56' title='bbox 403 905 514 967; x_wconf 89' lang='lat' dir='ltr'>Furius</span> <span class='ocrx_word' id='word_1_57' title='bbox 534 904 684 981; x_wconf 89' lang='lat' dir='ltr'>Purpurio</span> <span class='ocrx_word' id='word_1_58' title='bbox 706 911 831 982; x_wconf 89' lang='lat' dir='ltr'>praetor</span> <span class='ocrx_word' id='word_1_59' title='bbox 853 905 968 966; x_wconf 89' lang='lat' dir='ltr'>Gallico</span> <span class='ocrx_word' id='word_1_60' title='bbox 989 906 1071 968; x_wconf 92' lang='lat' dir='ltr'>bello</span> <span class='ocrx_word' id='word_1_61' title='bbox 1091 925 1196 982; x_wconf 89' lang='lat' dir='ltr'>unam,</span> 
     </span>
     <span class='ocr_line' id='line_1_9' title="bbox 214 987 1196 1064; baseline 0.001 -13"><span class='ocrx_word' id='word_1_62' title='bbox 214 993 338 1052; x_wconf 89' lang='lat' dir='ltr'>alteram</span> <span class='ocrx_word' id='word_1_63' title='bbox 355 992 477 1049; x_wconf 82' lang='lat' dir='ltr'>consui:</span> <span class='ocrx_word' id='word_1_64' title='bbox 500 988 654 1050; x_wconf 87' lang='lat' dir='ltr'>dedicavit</span> <span class='ocrx_word' id='word_1_65' title='bbox 674 989 708 1064; x_wconf 82' lang='lat' dir='ltr'>Q.</span> <span class='ocrx_word' id='word_1_66' title='bbox 722 988 856 1049; x_wconf 84' lang='lat' dir='ltr'>Marcius</span> <span class='ocrx_word' id='word_1_67' title='bbox 870 989 959 1050; x_wconf 86' lang='lat' dir='ltr'>Ralla</span> <span class='ocrx_word' id='word_1_68' title='bbox 973 987 1124 1051; x_wconf 88' lang='lat' dir='ltr'>duumvir.</span> <span class='ocrx_word' id='word_1_69' title='bbox 1150 992 1196 1052; x_wconf 92' lang='lat' dir='ltr'>iu-</span> 
     </span>
     <span class='ocr_line' id='line_1_10' title="bbox 215 1073 1196 1148; baseline 0.002 -15"><span class='ocrx_word' id='word_1_70' title='bbox 215 1074 296 1133; x_wconf 91' lang='lat' dir='ltr'>dicia</span> <span class='ocrx_word' id='word_1_71' title='bbox 309 1073 340 1132; x_wconf 88' lang='lat' dir='ltr'>in</span> <span class='ocrx_word' id='word_1_72' title='bbox 355 1073 545 1134; x_wconf 84' lang='lat' dir='ltr'>feneratores</span> <span class='ocrx_word' id='word_1_73' title='bbox 560 1088 599 1134; x_wconf 91' lang='lat' dir='ltr'>eo</span> <span class='ocrx_word' id='word_1_74' title='bbox 614 1088 695 1133; x_wconf 93' lang='lat' dir='ltr'>anno</span> <span class='ocrx_word' id='word_1_75' title='bbox 711 1074 805 1133; x_wconf 87' lang='lat' dir='ltr'>multa</span> <span class='ocrx_word' id='word_1_76' title='bbox 822 1088 932 1133; x_wconf 90' lang='lat' dir='ltr'>severe</span> <span class='ocrx_word' id='word_1_77' title='bbox 946 1080 1019 1134; x_wconf 91' lang='lat' dir='ltr'>sunt</span> <span class='ocrx_word' id='word_1_78' title='bbox 1032 1075 1127 1148; x_wconf 90' lang='lat' dir='ltr'>facta,</span> <span class='ocrx_word' id='word_1_79' title='bbox 1143 1091 1196 1136; x_wconf 88' lang='lat' dir='ltr'>ac-</span> 
     </span>
     <span class='ocr_line' id='line_1_11' title="bbox 215 1156 1196 1232; baseline 0 -14"><span class='ocrx_word' id='word_1_80' title='bbox 215 1156 393 1218; x_wconf 87' lang='lat' dir='ltr'>cusantibus</span> <span class='ocrx_word' id='word_1_81' title='bbox 415 1158 551 1232; x_wconf 88' lang='lat' dir='ltr'>privatos</span> <span class='ocrx_word' id='word_1_82' title='bbox 573 1157 725 1218; x_wconf 90' lang='lat' dir='ltr'>aedilibus</span> <span class='ocrx_word' id='word_1_83' title='bbox 745 1157 901 1218; x_wconf 88' lang='lat' dir='ltr'>curulibus</span> <span class='ocrx_word' id='word_1_84' title='bbox 921 1156 962 1217; x_wconf 89' lang='grc' dir='ltr'>Μ.</span> <span class='ocrx_word' id='word_1_85' title='bbox 976 1157 1089 1218; x_wconf 88' lang='lat' dir='ltr'>Tuccio</span> <span class='ocrx_word' id='word_1_86' title='bbox 1111 1165 1142 1220; x_wconf 92' lang='lat' dir='ltr'>et</span> <span class='ocrx_word' id='word_1_87' title='bbox 1161 1159 1196 1218; x_wconf 89' lang='lat' dir='ltr'>P.</span> 
     </span>
     <span class='ocr_line' id='line_1_12' title="bbox 214 1239 1198 1317; baseline 0.003 -17"><span class='ocrx_word' id='word_1_88' title='bbox 214 1241 301 1301; x_wconf 92' lang='lat' dir='ltr'>Iunio</span> <span class='ocrx_word' id='word_1_89' title='bbox 321 1240 427 1300; x_wconf 87' lang='lat' dir='ltr'>Bruto.</span> <span class='ocrx_word' id='word_1_90' title='bbox 455 1241 495 1302; x_wconf 90' lang='lat' dir='ltr'>de</span> <span class='ocrx_word' id='word_1_91' title='bbox 514 1243 608 1302; x_wconf 89' lang='lat' dir='ltr'>multa</span> <span class='ocrx_word' id='word_1_92' title='bbox 629 1241 840 1303; x_wconf 89' lang='lat' dir='ltr'>damnatorum</span> <span class='ocrx_word' id='word_1_93' title='bbox 856 1240 1023 1317; x_wconf 85' lang='lat' dir='ltr'>quadrigae</span> <span class='ocrx_word' id='word_1_94' title='bbox 1037 1239 1198 1303; x_wconf 82' lang='lat' dir='ltr'>inauratae</span> 
     </span>
     <span class='ocr_line' id='line_1_13' title="bbox 215 1323 1196 1401; baseline 0.002 -18"><span class='ocrx_word' id='word_1_95' title='bbox 215 1326 244 1383; x_wconf 94' lang='lat' dir='ltr'>in</span> <span class='ocrx_word' id='word_1_96' title='bbox 262 1323 409 1400; x_wconf 84' lang='lat' dir='ltr'>Capitolio</span> <span class='ocrx_word' id='word_1_97' title='bbox 425 1325 560 1399; x_wconf 88' lang='lat' dir='ltr'>positae,</span> <span class='ocrx_word' id='word_1_98' title='bbox 580 1333 611 1385; x_wconf 88' lang='lat' dir='ltr'>et</span> <span class='ocrx_word' id='word_1_99' title='bbox 629 1325 659 1384; x_wconf 91' lang='lat' dir='ltr'>in</span> <span class='ocrx_word' id='word_1_100' title='bbox 676 1326 753 1386; x_wconf 87' lang='lat' dir='ltr'>cella</span> <span class='ocrx_word' id='word_1_101' title='bbox 766 1323 849 1385; x_wconf 84' lang='lat' dir='ltr'>lovis</span> <span class='ocrx_word' id='word_1_102' title='bbox 864 1341 961 1400; x_wconf 88' lang='lat' dir='ltr'>supra</span> <span class='ocrx_word' id='word_1_103' title='bbox 975 1325 1127 1401; x_wconf 80' lang='lat' dir='ltr'>fastigium</span> <span class='ocrx_word' id='word_1_104' title='bbox 1141 1343 1196 1386; x_wconf 91' lang='lat' dir='ltr'>ae-</span> 
     </span>
     <span class='ocr_line' id='line_1_14' title="bbox 215 1408 1197 1485; baseline 0.004 -18"><span class='ocrx_word' id='word_1_105' title='bbox 215 1409 334 1468; x_wconf 90' lang='lat' dir='ltr'>diculae</span> <span class='ocrx_word' id='word_1_106' title='bbox 347 1408 510 1471; x_wconf 91' lang='lat' dir='ltr'>duodecim</span> <span class='ocrx_word' id='word_1_107' title='bbox 521 1408 622 1484; x_wconf 88' lang='lat' dir='ltr'>clipea</span> <span class='ocrx_word' id='word_1_108' title='bbox 633 1408 787 1479; x_wconf 81' lang='lat' dir='ltr'>inaurata3</span> <span class='ocrx_word' id='word_1_109' title='bbox 802 1415 833 1469; x_wconf 91' lang='lat' dir='ltr'>et</span> <span class='ocrx_word' id='word_1_110' title='bbox 854 1408 936 1469; x_wconf 89' lang='lat' dir='ltr'>idem</span> <span class='ocrx_word' id='word_1_111' title='bbox 945 1409 1095 1485; x_wconf 88' lang='lat' dir='ltr'>porticum</span> <span class='ocrx_word' id='word_1_112' title='bbox 1106 1417 1197 1471; x_wconf 83' lang='lat' dir='ltr'>extra</span> 
     </span>
     <span class='ocr_line' id='line_1_15' title="bbox 214 1491 964 1569; baseline -0.005 -15"><span class='ocrx_word' id='word_1_113' title='bbox 214 1499 334 1567; x_wconf 86' lang='lat' dir='ltr'>portam</span> <span class='ocrx_word' id='word_1_114' title='bbox 347 1491 548 1566; x_wconf 79' lang='lat' dir='ltr'>trigeminam</span> <span class='ocrx_word' id='word_1_115' title='bbox 561 1493 640 1554; x_wconf 88' lang='lat' dir='ltr'>inter</span> <span class='ocrx_word' id='word_1_116' title='bbox 656 1493 802 1569; x_wconf 86' lang='lat' dir='ltr'>lignarios</span> <span class='ocrx_word' id='word_1_117' title='bbox 816 1493 964 1554; x_wconf 89' lang='lat' dir='ltr'>fecerunt.</span> 
     </span>
    </p>

    <p class='ocr_par' dir='ltr' id='par_1_5' title="bbox 214 1575 1197 3580">
     <span class='ocr_line' id='line_1_16' title="bbox 298 1575 1195 1651; baseline 0.001 -14"><span class='ocrx_word' id='word_1_118' title='bbox 298 1577 386 1637; x_wconf 88' lang='lat' dir='ltr'><strong>XLII.</strong></span> <span class='ocrx_word' id='word_1_119' title='bbox 409 1577 535 1637; x_wconf 89' lang='lat' dir='ltr'>intentis</span> <span class='ocrx_word' id='word_1_120' title='bbox 555 1576 586 1635; x_wconf 91' lang='lat' dir='ltr'>in</span> <span class='ocrx_word' id='word_1_121' title='bbox 607 1584 789 1651; x_wconf 89' lang='lat' dir='ltr'>apparatum</span> <span class='ocrx_word' id='word_1_122' title='bbox 809 1575 882 1637; x_wconf 89' lang='lat' dir='ltr'>novi</span> <span class='ocrx_word' id='word_1_123' title='bbox 901 1575 972 1637; x_wconf 91' lang='lat' dir='ltr'>belli</span> <span class='ocrx_word' id='word_1_124' title='bbox 987 1577 1134 1638; x_wconf 87' lang='lat' dir='ltr'>Romanis</span> <span class='ocrx_word' id='word_1_125' title='bbox 1154 1595 1195 1638; x_wconf 89' lang='lat' dir='ltr'>ne</span> 
     </span>
     <span class='ocr_line' id='line_1_17' title="bbox 215 1659 1194 1737; baseline -0.002 -15"><span class='ocrx_word' id='word_1_126' title='bbox 215 1662 253 1722; x_wconf 89' lang='lat' dir='ltr'>ab</span> <span class='ocrx_word' id='word_1_127' title='bbox 268 1659 421 1722; x_wconf 80' lang='lat' dir='ltr'>Antiocho</span> <span class='ocrx_word' id='word_1_128' title='bbox 437 1661 560 1737; x_wconf 89' lang='lat' dir='ltr'>quidem</span> <span class='ocrx_word' id='word_1_129' title='bbox 576 1661 764 1722; x_wconf 88' lang='lat' dir='ltr'>cessabatur.</span> <span class='ocrx_word' id='word_1_130' title='bbox 793 1669 855 1722; x_wconf 89' lang='lat' dir='ltr'>tres</span> <span class='ocrx_word' id='word_1_131' title='bbox 867 1674 940 1722; x_wconf 64' lang='lat' dir='ltr'>‘eum</span> <span class='ocrx_word' id='word_1_132' title='bbox 956 1659 1094 1722; x_wconf 88' lang='lat' dir='ltr'>civitates</span> <span class='ocrx_word' id='word_1_133' title='bbox 1109 1667 1194 1721; x_wconf 89' lang='lat' dir='ltr'>tene-</span> 
     </span>
     <span class='ocr_line' id='line_1_18' title="bbox 216 1744 1193 1824; baseline 0 -18"><span class='ocrx_word' id='word_1_134' title='bbox 216 1748 302 1819; x_wconf 85' lang='lat' dir='ltr'>bant,</span> <span class='ocrx_word' id='word_1_135' title='bbox 324 1744 456 1824; x_wconf 83' lang='lat' dir='ltr'>Smyrna</span> <span class='ocrx_word' id='word_1_136' title='bbox 476 1753 506 1806; x_wconf 89' lang='lat' dir='ltr'>et</span> <span class='ocrx_word' id='word_1_137' title='bbox 519 1744 707 1805; x_wconf 83' lang='lat' dir='ltr'>Alexandria</span> <span class='ocrx_word' id='word_1_138' title='bbox 719 1744 815 1805; x_wconf 88' lang='lat' dir='ltr'>Troas</span> <span class='ocrx_word' id='word_1_139' title='bbox 836 1751 867 1805; x_wconf 92' lang='lat' dir='ltr'>et</span> <span class='ocrx_word' id='word_1_140' title='bbox 885 1744 1092 1820; x_wconf 85' lang='lat' dir='ltr'>Lampsacus,</span> <span class='ocrx_word' id='word_1_141' title='bbox 1114 1761 1193 1820; x_wconf 90' lang='lat' dir='ltr'>quas</span> 
     </span>
     <span class='ocr_line' id='line_1_19' title="bbox 214 1828 1193 1906; baseline 0 -17"><span class='ocrx_word' id='word_1_142' title='bbox 214 1846 316 1906; x_wconf 87' lang='lat' dir='ltr'>neque</span> <span class='ocrx_word' id='word_1_143' title='bbox 329 1828 360 1890; x_wconf 85' lang='lat' dir='ltr'>vi</span> <span class='ocrx_word' id='word_1_144' title='bbox 377 1845 555 1906; x_wconf 85' lang='lat' dir='ltr'>expugnare</span> <span class='ocrx_word' id='word_1_145' title='bbox 575 1830 615 1889; x_wconf 87' lang='lat' dir='ltr'>ad</span> <span class='ocrx_word' id='word_1_146' title='bbox 637 1843 706 1888; x_wconf 91' lang='lat' dir='ltr'>eam</span> <span class='ocrx_word' id='word_1_147' title='bbox 729 1828 809 1888; x_wconf 88' lang='lat' dir='ltr'>diem</span> <span class='ocrx_word' id='word_1_148' title='bbox 831 1834 950 1903; x_wconf 87' lang='lat' dir='ltr'>poterat</span> <span class='ocrx_word' id='word_1_149' title='bbox 971 1843 1072 1904; x_wconf 92' lang='lat' dir='ltr'>neque</span> <span class='ocrx_word' id='word_1_150' title='bbox 1086 1829 1193 1890; x_wconf 91' lang='lat' dir='ltr'>condi-</span> 
     </span>
     <span class='ocr_line' id='line_1_20' title="bbox 215 1910 1196 1988; baseline -0.002 -15"><span class='ocrx_word' id='word_1_151' title='bbox 215 1913 355 1974; x_wconf 90' lang='lat' dir='ltr'>cionibus</span> <span class='ocrx_word' id='word_1_152' title='bbox 366 1914 397 1973; x_wconf 93' lang='lat' dir='ltr'>in</span> <span class='ocrx_word' id='word_1_153' title='bbox 408 1913 569 1974; x_wconf 87' lang='lat' dir='ltr'>amicitiam</span> <span class='ocrx_word' id='word_1_154' title='bbox 582 1912 744 1988; x_wconf 88' lang='lat' dir='ltr'>perlicere,</span> <span class='ocrx_word' id='word_1_155' title='bbox 759 1926 862 1987; x_wconf 89' lang='lat' dir='ltr'>neque</span> <span class='ocrx_word' id='word_1_156' title='bbox 872 1912 911 1972; x_wconf 92' lang='lat' dir='ltr'>ab</span> <span class='ocrx_word' id='word_1_157' title='bbox 923 1919 1009 1986; x_wconf 88' lang='lat' dir='ltr'>tergo</span> <span class='ocrx_word' id='word_1_158' title='bbox 1020 1910 1196 1988; x_wconf 88' lang='lat' dir='ltr'>relinquere</span> 
     </span>
     <span class='ocr_line' id='line_1_21' title="bbox 215 1994 1194 2073; baseline -0.001 -16"><span class='ocrx_word' id='word_1_159' title='bbox 215 1996 356 2058; x_wconf 89' lang='lat' dir='ltr'>traiciens</span> <span class='ocrx_word' id='word_1_160' title='bbox 371 1996 484 2072; x_wconf 90' lang='lat' dir='ltr'>ipsein</span> <span class='ocrx_word' id='word_1_161' title='bbox 499 1997 655 2073; x_wconf 82' lang='lat' dir='ltr'>Europam</span> <span class='ocrx_word' id='word_1_162' title='bbox 668 1996 801 2058; x_wconf 89' lang='lat' dir='ltr'>volebat.</span> <span class='ocrx_word' id='word_1_163' title='bbox 823 1994 919 2058; x_wconf 91' lang='lat' dir='ltr'>tenuit</span> <span class='ocrx_word' id='word_1_164' title='bbox 933 2012 1002 2057; x_wconf 91' lang='lat' dir='ltr'>eum</span> <span class='ocrx_word' id='word_1_165' title='bbox 1017 2004 1048 2058; x_wconf 90' lang='lat' dir='ltr'>et</span> <span class='ocrx_word' id='word_1_166' title='bbox 1062 1996 1101 2058; x_wconf 91' lang='lat' dir='ltr'>de</span> <span class='ocrx_word' id='word_1_167' title='bbox 1111 1996 1194 2057; x_wconf 89' lang='lat' dir='ltr'>Han-</span> 
     </span>
     <span class='ocr_line' id='line_1_22' title="bbox 216 2080 1193 2157; baseline 0.002 -17"><span class='ocrx_word' id='word_1_168' title='bbox 216 2081 318 2140; x_wconf 89' lang='lat' dir='ltr'>nibale</span> <span class='ocrx_word' id='word_1_169' title='bbox 332 2080 519 2142; x_wconf 85' lang='lat' dir='ltr'>deliberatio.</span> <span class='ocrx_word' id='word_1_170' title='bbox 541 2088 572 2142; x_wconf 87' lang='lat' dir='ltr'>et</span> <span class='ocrx_word' id='word_1_171' title='bbox 585 2084 683 2157; x_wconf 91' lang='lat' dir='ltr'>primo</span> <span class='ocrx_word' id='word_1_172' title='bbox 698 2096 794 2141; x_wconf 87' lang='lat' dir='ltr'>naves</span> <span class='ocrx_word' id='word_1_173' title='bbox 814 2088 953 2155; x_wconf 90' lang='lat' dir='ltr'>apertae,</span> <span class='ocrx_word' id='word_1_174' title='bbox 976 2097 1054 2156; x_wconf 87' lang='lat' dir='ltr'>quas</span> <span class='ocrx_word' id='word_1_175' title='bbox 1070 2091 1140 2141; x_wconf 84' lang='lat' dir='ltr'>curn</span> <span class='ocrx_word' id='word_1_176' title='bbox 1153 2095 1193 2142; x_wconf 90' lang='lat' dir='ltr'>eo</span> 
     </span>
     <span class='ocr_line' id='line_1_23' title="bbox 215 2164 1194 2242; baseline -0.001 -17"><span class='ocrx_word' id='word_1_177' title='bbox 215 2166 366 2227; x_wconf 89' lang='lat' dir='ltr'>missurus</span> <span class='ocrx_word' id='word_1_178' title='bbox 391 2167 422 2226; x_wconf 91' lang='lat' dir='ltr'>in</span> <span class='ocrx_word' id='word_1_179' title='bbox 447 2164 582 2227; x_wconf 83' lang='lat' dir='ltr'>Africam</span> <span class='ocrx_word' id='word_1_180' title='bbox 606 2167 719 2242; x_wconf 88' lang='lat' dir='ltr'>fuerat,</span> <span class='ocrx_word' id='word_1_181' title='bbox 745 2171 880 2226; x_wconf 84' lang='lat' dir='ltr'>moratae</span> <span class='ocrx_word' id='word_1_182' title='bbox 906 2171 991 2239; x_wconf 89' lang='lat' dir='ltr'>sunt,</span> <span class='ocrx_word' id='word_1_183' title='bbox 1018 2164 1129 2225; x_wconf 89' lang='lat' dir='ltr'>deinde</span> <span class='ocrx_word' id='word_1_184' title='bbox 1154 2181 1194 2224; x_wconf 86' lang='lat' dir='ltr'>an</span> 
     </span>
     <span class='ocr_line' id='line_1_24' title="bbox 216 2246 1196 2323; baseline -0.001 -13"><span class='ocrx_word' id='word_1_185' title='bbox 216 2251 338 2312; x_wconf 91' lang='lat' dir='ltr'>omnino</span> <span class='ocrx_word' id='word_1_186' title='bbox 359 2251 522 2312; x_wconf 86' lang='lat' dir='ltr'>mittendus</span> <span class='ocrx_word' id='word_1_187' title='bbox 543 2256 628 2311; x_wconf 87' lang='lat' dir='ltr'>esset</span> <span class='ocrx_word' id='word_1_188' title='bbox 648 2246 830 2311; x_wconf 88' lang='lat' dir='ltr'>consultatio</span> <span class='ocrx_word' id='word_1_189' title='bbox 844 2255 927 2309; x_wconf 87' lang='lat' dir='ltr'>mota</span> <span class='ocrx_word' id='word_1_190' title='bbox 941 2256 1003 2323; x_wconf 87' lang='lat' dir='ltr'>est,</span> <span class='ocrx_word' id='word_1_191' title='bbox 1028 2248 1160 2309; x_wconf 87' lang='lat' dir='ltr'>maxime</span> <span class='ocrx_word' id='word_1_192' title='bbox 1177 2267 1196 2309; x_wconf 91' lang='lat' dir='ltr'>a</span> 
     </span>
     <span class='ocr_line' id='line_1_25' title="bbox 216 2332 1194 2409; baseline -0.001 -15"><span class='ocrx_word' id='word_1_193' title='bbox 216 2334 358 2397; x_wconf 77' lang='lat' dir='ltr'>incante·</span> <span class='ocrx_word' id='word_1_194' title='bbox 369 2335 496 2407; x_wconf 83' lang='lat' dir='ltr'>Aetolo,</span> <span class='ocrx_word' id='word_1_195' title='bbox 522 2333 574 2409; x_wconf 89' lang='lat' dir='ltr'>qui</span> <span class='ocrx_word' id='word_1_196' title='bbox 595 2334 737 2394; x_wconf 90' lang='lat' dir='ltr'>omnibus</span> <span class='ocrx_word' id='word_1_197' title='bbox 757 2333 787 2392; x_wconf 94' lang='lat' dir='ltr'>in</span> <span class='ocrx_word' id='word_1_198' title='bbox 810 2332 938 2392; x_wconf 87' lang='lat' dir='ltr'>Graecia</span> <span class='ocrx_word' id='word_1_199' title='bbox 957 2334 1085 2394; x_wconf 87' lang='lat' dir='ltr'>tumultu</span> <span class='ocrx_word' id='word_1_200' title='bbox 1110 2348 1194 2394; x_wconf 91' lang='lat' dir='ltr'>com·</span> 
     </span>
     <span class='ocr_line' id='line_1_26' title="bbox 217 2416 1195 2494; baseline -0.001 -16"><span class='ocrx_word' id='word_1_201' title='bbox 217 2419 306 2494; x_wconf 87' lang='lat' dir='ltr'>pletis</span> <span class='ocrx_word' id='word_1_202' title='bbox 317 2417 540 2479; x_wconf 86' lang='lat' dir='ltr'>Demetriadem</span> <span class='ocrx_word' id='word_1_203' title='bbox 551 2417 711 2476; x_wconf 79' lang='lat' dir='ltr'>adferebat</span> <span class='ocrx_word' id='word_1_204' title='bbox 724 2416 754 2475; x_wconf 93' lang='lat' dir='ltr'>in</span> <span class='ocrx_word' id='word_1_205' title='bbox 767 2421 919 2491; x_wconf 85' lang='lat' dir='ltr'>potestate</span> <span class='ocrx_word' id='word_1_206' title='bbox 933 2431 1021 2491; x_wconf 89' lang='lat' dir='ltr'>esse,</span> <span class='ocrx_word' id='word_1_207' title='bbox 1036 2422 1066 2476; x_wconf 90' lang='lat' dir='ltr'>et</span> <span class='ocrx_word' id='word_1_208' title='bbox 1081 2416 1195 2493; x_wconf 88' lang='lat' dir='ltr'>quibus</span> 
     </span>
     <span class='ocr_line' id='line_1_27' title="bbox 216 2498 1194 2577; baseline -0.002 -16"><span class='ocrx_word' id='word_1_209' title='bbox 216 2500 384 2566; x_wconf 89' lang='lat' dir='ltr'>mendaciis</span> <span class='ocrx_word' id='word_1_210' title='bbox 399 2501 438 2559; x_wconf 90' lang='lat' dir='ltr'>de</span> <span class='ocrx_word' id='word_1_211' title='bbox 451 2514 540 2575; x_wconf 85' lang='lat' dir='ltr'>rege,</span> <span class='ocrx_word' id='word_1_212' title='bbox 554 2498 783 2573; x_wconf 88' lang='lat' dir='ltr'>multiplicando</span> <span class='ocrx_word' id='word_1_213' title='bbox 794 2499 897 2559; x_wconf 88' lang='lat' dir='ltr'>verbis</span> <span class='ocrx_word' id='word_1_214' title='bbox 912 2500 1020 2577; x_wconf 90' lang='lat' dir='ltr'>copias</span> <span class='ocrx_word' id='word_1_215' title='bbox 1035 2498 1110 2575; x_wconf 87' lang='lat' dir='ltr'>eius,</span> <span class='ocrx_word' id='word_1_216' title='bbox 1126 2515 1194 2560; x_wconf 89' lang='lat' dir='ltr'>ere·</span> 
     </span>
     <span class='ocr_line' id='line_1_28' title="bbox 217 2580 1195 2661; baseline 0.001 -19"><span class='ocrx_word' id='word_1_217' title='bbox 217 2591 303 2643; x_wconf 80' lang='lat' dir='ltr'>xerat</span> <span class='ocrx_word' id='word_1_218' title='bbox 316 2584 478 2643; x_wconf 90' lang='lat' dir='ltr'>multorum</span> <span class='ocrx_word' id='word_1_219' title='bbox 493 2582 523 2641; x_wconf 92' lang='lat' dir='ltr'>in</span> <span class='ocrx_word' id='word_1_220' title='bbox 538 2580 667 2642; x_wconf 88' lang='lat' dir='ltr'>Graecia</span> <span class='ocrx_word' id='word_1_221' title='bbox 682 2580 817 2658; x_wconf 85' lang='lat' dir='ltr'>animos,</span> <span class='ocrx_word' id='word_1_222' title='bbox 839 2584 938 2644; x_wconf 88' lang='lat' dir='ltr'>isdem</span> <span class='ocrx_word' id='word_1_223' title='bbox 958 2592 989 2646; x_wconf 90' lang='lat' dir='ltr'>et</span> <span class='ocrx_word' id='word_1_224' title='bbox 1007 2586 1090 2661; x_wconf 87' lang='lat' dir='ltr'>regis</span> <span class='ocrx_word' id='word_1_225' title='bbox 1104 2593 1195 2660; x_wconf 89' lang='lat' dir='ltr'>spem</span> 
     </span>
     <span class='ocr_line' id='line_1_29' title="bbox 217 2665 1194 2736; baseline 0.005 -11"><span class='ocrx_word' id='word_1_226' title='bbox 217 2665 357 2731; x_wconf 69' lang='lat' dir='ltr'>inflabat:</span> <span class='ocrx_word' id='word_1_227' title='bbox 385 2665 519 2725; x_wconf 90' lang='lat' dir='ltr'>omnium</span> <span class='ocrx_word' id='word_1_228' title='bbox 538 2666 620 2726; x_wconf 89' lang='lat' dir='ltr'>votis</span> <span class='ocrx_word' id='word_1_229' title='bbox 641 2680 710 2726; x_wconf 90' lang='lat' dir='ltr'>eum</span> <span class='ocrx_word' id='word_1_230' title='bbox 730 2667 875 2736; x_wconf 79' lang='lat' dir='ltr'>arcessi;·</span> <span class='ocrx_word' id='word_1_231' title='bbox 887 2683 1071 2730; x_wconf 89' lang='lat' dir='ltr'>concursum</span> <span class='ocrx_word' id='word_1_232' title='bbox 1091 2669 1131 2729; x_wconf 90' lang='lat' dir='ltr'>ad</span> <span class='ocrx_word' id='word_1_233' title='bbox 1146 2669 1194 2730; x_wconf 91' lang='lat' dir='ltr'>lit·</span> 
     </span>
     <span class='ocr_line' id='line_1_30' title="bbox 216 2749 1195 2828; baseline 0.003 -17"><span class='ocrx_word' id='word_1_234' title='bbox 216 2758 283 2812; x_wconf 89' lang='lat' dir='ltr'>tora</span> <span class='ocrx_word' id='word_1_235' title='bbox 304 2751 450 2824; x_wconf 86' lang='lat' dir='ltr'>futurum,</span> <span class='ocrx_word' id='word_1_236' title='bbox 475 2749 558 2810; x_wconf 90' lang='lat' dir='ltr'>unde</span> <span class='ocrx_word' id='word_1_237' title='bbox 579 2751 711 2811; x_wconf 87' lang='lat' dir='ltr'>classem</span> <span class='ocrx_word' id='word_1_238' title='bbox 732 2752 848 2826; x_wconf 88' lang='lat' dir='ltr'>regium</span> <span class='ocrx_word' id='word_1_239' title='bbox 869 2753 1114 2828; x_wconf 85' lang='lat' dir='ltr'>prospexissent.</span> <span class='ocrx_word' id='word_1_240' title='bbox 1142 2752 1195 2814; x_wconf 87' lang='lat' dir='ltr'>hic</span> 
     </span>
     <span class='ocr_line' id='line_1_31' title="bbox 216 2831 1196 2912; baseline 0 -17"><span class='ocrx_word' id='word_1_241' title='bbox 216 2833 298 2895; x_wconf 89' lang='lat' dir='ltr'>idem</span> <span class='ocrx_word' id='word_1_242' title='bbox 318 2850 412 2895; x_wconf 90' lang='lat' dir='ltr'>ausus</span> <span class='ocrx_word' id='word_1_243' title='bbox 432 2835 471 2895; x_wconf 90' lang='lat' dir='ltr'>dc</span> <span class='ocrx_word' id='word_1_244' title='bbox 490 2831 661 2895; x_wconf 82' lang='lat' dir='ltr'>Hannibale</span> <span class='ocrx_word' id='word_1_245' title='bbox 682 2841 730 2895; x_wconf 87' lang='lat' dir='ltr'>est</span> <span class='ocrx_word' id='word_1_246' title='bbox 748 2850 874 2896; x_wconf 88' lang='lat' dir='ltr'>movere</span> <span class='ocrx_word' id='word_1_247' title='bbox 894 2835 1073 2898; x_wconf 88' lang='lat' dir='ltr'>sententiam</span> <span class='ocrx_word' id='word_1_248' title='bbox 1094 2852 1196 2912; x_wconf 88' lang='lat' dir='ltr'>prope</span> 
     </span>
     <span class='ocr_line' id='line_1_32' title="bbox 216 2917 1195 2996; baseline 0.002 -18"><span class='ocrx_word' id='word_1_249' title='bbox 216 2918 277 2978; x_wconf 89' lang='lat' dir='ltr'>iam</span> <span class='ocrx_word' id='word_1_250' title='bbox 288 2924 401 2979; x_wconf 89' lang='lat' dir='ltr'>certam</span> <span class='ocrx_word' id='word_1_251' title='bbox 411 2920 502 2995; x_wconf 87' lang='lat' dir='ltr'>regis.</span> <span class='ocrx_word' id='word_1_252' title='bbox 524 2936 595 2980; x_wconf 85' lang='lat' dir='ltr'>nom</span> <span class='ocrx_word' id='word_1_253' title='bbox 606 2933 708 2996; x_wconf 90' lang='lat' dir='ltr'>neque</span> <span class='ocrx_word' id='word_1_254' title='bbox 719 2917 926 2980; x_wconf 86' lang='lat' dir='ltr'>dimittendam</span> <span class='ocrx_word' id='word_1_255' title='bbox 939 2928 1057 2996; x_wconf 88' lang='lat' dir='ltr'>partem</span> <span class='ocrx_word' id='word_1_256' title='bbox 1067 2920 1195 2980; x_wconf 89' lang='lat' dir='ltr'>navium</span> 
     </span>
     <span class='ocr_line' id='line_1_33' title="bbox 217 3003 1194 3079; baseline 0.003 -19"><span class='ocrx_word' id='word_1_257' title='bbox 217 3018 236 3061; x_wconf 88' lang='lat' dir='ltr'>a</span> <span class='ocrx_word' id='word_1_258' title='bbox 250 3004 351 3061; x_wconf 89' lang='lat' dir='ltr'>classe</span> <span class='ocrx_word' id='word_1_259' title='bbox 365 3005 450 3078; x_wconf 84' lang='lat' dir='ltr'>regia</span> <span class='ocrx_word' id='word_1_260' title='bbox 464 3004 624 3078; x_wconf 87' lang='lat' dir='ltr'>censebat,</span> <span class='ocrx_word' id='word_1_261' title='bbox 639 3018 740 3079; x_wconf 91' lang='lat' dir='ltr'>neque</span> <span class='ocrx_word' id='word_1_262' title='bbox 756 3003 783 3063; x_wconf 91' lang='lat' dir='ltr'>si</span> <span class='ocrx_word' id='word_1_263' title='bbox 796 3003 960 3065; x_wconf 86' lang='lat' dir='ltr'>mittendae</span> <span class='ocrx_word' id='word_1_264' title='bbox 973 3020 1069 3065; x_wconf 84' lang='lat' dir='ltr'>naves</span> <span class='ocrx_word' id='word_1_265' title='bbox 1083 3006 1194 3079; x_wconf 81' lang='lat' dir='ltr'>forent,</span> 
     </span>
     <span class='ocr_line' id='line_1_34' title="bbox 216 3087 1195 3164; baseline 0.005 -20"><span class='ocrx_word' id='word_1_266' title='bbox 216 3087 317 3146; x_wconf 91' lang='lat' dir='ltr'>minus</span> <span class='ocrx_word' id='word_1_267' title='bbox 332 3102 516 3162; x_wconf 89' lang='lat' dir='ltr'>quemquam</span> <span class='ocrx_word' id='word_1_268' title='bbox 530 3088 559 3148; x_wconf 91' lang='lat' dir='ltr'>ei</span> <span class='ocrx_word' id='word_1_269' title='bbox 579 3087 671 3148; x_wconf 88' lang='lat' dir='ltr'>classi</span> <span class='ocrx_word' id='word_1_270' title='bbox 693 3104 784 3162; x_wconf 90' lang='lat' dir='ltr'>quam</span> <span class='ocrx_word' id='word_1_271' title='bbox 797 3087 999 3149; x_wconf 88' lang='lat' dir='ltr'>Hannibalem</span> <span class='ocrx_word' id='word_1_272' title='bbox 1014 3088 1195 3164; x_wconf 87' lang='lat' dir='ltr'>praeficien-</span> 
     </span>
     <span class='ocr_line' id='line_1_35' title="bbox 217 3169 1196 3247; baseline 0.004 -18"><span class='ocrx_word' id='word_1_273' title='bbox 217 3170 298 3230; x_wconf 90' lang='lat' dir='ltr'>dum.</span> <span class='ocrx_word' id='word_1_274' title='bbox 332 3171 469 3231; x_wconf 84' lang='lat' dir='ltr'>exsulem</span> <span class='ocrx_word' id='word_1_275' title='bbox 490 3171 573 3230; x_wconf 92' lang='lat' dir='ltr'>illum</span> <span class='ocrx_word' id='word_1_276' title='bbox 593 3179 623 3232; x_wconf 89' lang='lat' dir='ltr'>et</span> <span class='ocrx_word' id='word_1_277' title='bbox 640 3169 776 3232; x_wconf 89' lang='lat' dir='ltr'>Poenum</span> <span class='ocrx_word' id='word_1_278' title='bbox 797 3187 884 3247; x_wconf 90' lang='lat' dir='ltr'>esse,</span> <span class='ocrx_word' id='word_1_279' title='bbox 905 3173 955 3232; x_wconf 90' lang='lat' dir='ltr'>cui</span> <span class='ocrx_word' id='word_1_280' title='bbox 972 3171 1103 3246; x_wconf 18' lang='lat' dir='ltr'>mille-in</span> <span class='ocrx_word' id='word_1_281' title='bbox 1125 3172 1196 3233; x_wconf 90' lang='lat' dir='ltr'>dies</span> 
     </span>
     <span class='ocr_line' id='line_1_36' title="bbox 216 3253 1197 3332; baseline 0.002 -19"><span class='ocrx_word' id='word_1_282' title='bbox 216 3268 298 3313; x_wconf 89' lang='lat' dir='ltr'>nova</span> <span class='ocrx_word' id='word_1_283' title='bbox 313 3253 442 3313; x_wconf 89' lang='lat' dir='ltr'>consilia</span> <span class='ocrx_word' id='word_1_284' title='bbox 455 3256 504 3313; x_wconf 92' lang='lat' dir='ltr'>vei</span> <span class='ocrx_word' id='word_1_285' title='bbox 518 3255 639 3314; x_wconf 89' lang='lat' dir='ltr'>fortuna</span> <span class='ocrx_word' id='word_1_286' title='bbox 654 3270 710 3315; x_wconf 91' lang='lat' dir='ltr'>sua</span> <span class='ocrx_word' id='word_1_287' title='bbox 724 3255 774 3315; x_wconf 83' lang='lat' dir='ltr'>vel</span> <span class='ocrx_word' id='word_1_288' title='bbox 789 3254 944 3329; x_wconf 83' lang='lat' dir='ltr'>ingenium</span> <span class='ocrx_word' id='word_1_289' title='bbox 962 3263 1070 3332; x_wconf 88' lang='lat' dir='ltr'>posset</span> <span class='ocrx_word' id='word_1_290' title='bbox 1082 3258 1197 3317; x_wconf 86' lang='lat' dir='ltr'>facere.</span> 
     </span>
     <span class='ocr_line' id='line_1_37' title="bbox 217 3334 1197 3414; baseline 0.002 -17"><span class='ocrx_word' id='word_1_291' title='bbox 217 3343 248 3397; x_wconf 89' lang='lat' dir='ltr'>et</span> <span class='ocrx_word' id='word_1_292' title='bbox 260 3334 360 3412; x_wconf 90' lang='lat' dir='ltr'>ipsam</span> <span class='ocrx_word' id='word_1_293' title='bbox 375 3354 442 3397; x_wconf 88' lang='lat' dir='ltr'>earn</span> <span class='ocrx_word' id='word_1_294' title='bbox 457 3337 585 3413; x_wconf 86' lang='lat' dir='ltr'>gloriam</span> <span class='ocrx_word' id='word_1_295' title='bbox 597 3338 685 3412; x_wconf 89' lang='lat' dir='ltr'>beili,</span> <span class='ocrx_word' id='word_1_296' title='bbox 703 3355 765 3414; x_wconf 88' lang='lat' dir='ltr'>qua</span> <span class='ocrx_word' id='word_1_297' title='bbox 778 3339 861 3399; x_wconf 89' lang='lat' dir='ltr'>velut</span> <span class='ocrx_word' id='word_1_298' title='bbox 876 3340 948 3400; x_wconf 90' lang='lat' dir='ltr'>dote</span> <span class='ocrx_word' id='word_1_299' title='bbox 957 3340 1109 3400; x_wconf 90' lang='lat' dir='ltr'>Hannibal</span> <span class='ocrx_word' id='word_1_300' title='bbox 1121 3354 1197 3400; x_wconf 89' lang='lat' dir='ltr'>con-</span> 
     </span>
     <span class='ocr_line' id='line_1_38' title="bbox 218 3421 1196 3499; baseline 0.002 -18"><span class='ocrx_word' id='word_1_301' title='bbox 218 3421 349 3496; x_wconf 86' lang='lat' dir='ltr'>effletur,</span> <span class='ocrx_word' id='word_1_302' title='bbox 365 3421 486 3480; x_wconf 89' lang='lat' dir='ltr'>nimiam</span> <span class='ocrx_word' id='word_1_303' title='bbox 501 3421 531 3481; x_wconf 95' lang='lat' dir='ltr'>in</span> <span class='ocrx_word' id='word_1_304' title='bbox 550 3423 707 3497; x_wconf 91' lang='lat' dir='ltr'>praefecto</span> <span class='ocrx_word' id='word_1_305' title='bbox 721 3422 807 3497; x_wconf 85' lang='lat' dir='ltr'>regio</span> <span class='ocrx_word' id='word_1_306' title='bbox 823 3437 905 3483; x_wconf 88' lang='lat' dir='ltr'>esse.</span> <span class='ocrx_word' id='word_1_307' title='bbox 926 3439 1030 3498; x_wconf 90' lang='lat' dir='ltr'>regem</span> <span class='ocrx_word' id='word_1_308' title='bbox 1045 3422 1196 3499; x_wconf 82' lang='lat' dir='ltr'>conspici</span> 
     </span>
     <span class='ocr_line' id='line_1_39' title="bbox 217 3505 1194 3580; baseline 0.005 -17"><span class='ocrx_word' id='word_1_309' title='bbox 217 3520 320 3576; x_wconf 81' lang='lat' dir='ltr'>regem</span> <span class='ocrx_word' id='word_1_310' title='bbox 341 3521 432 3565; x_wconf 89' lang='lat' dir='ltr'>unum</span> <span class='ocrx_word' id='word_1_311' title='bbox 454 3505 578 3578; x_wconf 87' lang='lat' dir='ltr'>ducem,</span> <span class='ocrx_word' id='word_1_312' title='bbox 603 3523 696 3566; x_wconf 92' lang='lat' dir='ltr'>unum</span> <span class='ocrx_word' id='word_1_313' title='bbox 717 3505 930 3580; x_wconf 88' lang='lat' dir='ltr'>imperatorem</span> <span class='ocrx_word' id='word_1_314' title='bbox 950 3507 1048 3576; x_wconf 87' lang='lat' dir='ltr'>videri</span> <span class='ocrx_word' id='word_1_315' title='bbox 1069 3507 1194 3568; x_wconf 79' lang='lat' dir='ltr'>debere</span> 
     </span>
    </p>
   </div>
   <div class='ocr_carea' id='block_1_4' title="bbox 0 0 1308 4000">
    <p class='ocr_par' dir='ltr' id='par_1_6' title="bbox 0 0 1308 4000">
     <span class='ocr_line' id='line_1_40' title="bbox 0 0 1308 4000; baseline 0 0"><span class='ocrx_word' id='word_1_316' title='bbox 0 0 1308 4000; x_wconf 95' lang='lat' dir='ltr'> </span> 
     </span>
    </p>
   </div>
  </div>
 </body>
</html>
