2600 4000
293 229 407 290 LIBER
420 229 525 292 xxxi.
549 228 631 289 cnr.
646 237 745 291 susa
767 230 849 308 [ac.
865 238 928 303 aco]
1055 227 1093 294 st

128 382 313 455 Aetolorum,
334 395 392 439 nee
413 385 529 453 eastra,
550 394 611 453 quo
633 379 700 439 fors
714 377 836 439 udisset
848 380 932 455 loeo,
954 394 1021 439 sme
1033 380 1094 441 ullo

128 463 295 524 discrimine
309 469 361 524 aut
375 473 450 523 eura
462 461 617 523 muniendi
631 461 744 538 posite.
774 461 878 536 itaque
892 477 931 521 ne
943 464 1094 524 temeritas

127 562 225 608 eorum
246 547 501 623 neglegentiaque
520 544 579 606 sibi
600 560 638 605 ae
659 544 724 606 suis
745 545 836 605 etiarn
858 545 954 604 cladis
969 546 1094 608 alicuius

126 637 317 706 eansaesset,
329 646 398 690 eum
410 629 721 704 campestribnslocis
733 628 920 688 subicientes
932 644 987 688 eos
999 635 1095 690 castrt

127 713 256 775 Phaeeae
270 714 340 775 urbi
355 713 480 787 videret,
496 712 566 788 ipse
580 713 673 788 paulo
688 714 759 788 plus
774 712 856 771 mille
870 727 1019 786 passuum
1027 710 1096 774 inde

123 800 263 859 tumidum
279 798 355 871 suis,
372 796 512 871 quamvis
522 796 583 856 levi
597 796 784 856 munimento
798 801 903 870 tutum,
918 796 1009 870 cepit
1031 811 1097 857 eurr

123 882 226 956 Aetoli,
241 881 302 942 nisi
318 880 401 956 quod
417 880 653 956 populabantur,
668 880 720 939 vix
734 879 911 939 meminisse
924 879 1097 940 viderentur

124 965 198 1025 sein
212 965 349 1027 hostium
363 979 437 1038 agro
453 978 534 1037 esse,
550 963 601 1023 alii
616 964 709 1037 peleti
724 978 889 1025 semermes
904 971 1097 1040 vagarentur,

123 1047 168 1107 alii
182 1049 212 1108 in
226 1047 338 1110 eastris
353 1048 421 1107 sine
436 1046 618 1107 stationibus
632 1062 690 1121 per
700 1063 839 1108 somnum
852 1047 1020 1122 vinumque
1032 1047 1097 1107 dies

122 1131 258 1194 nostibus
266 1128 610 1207 aequarentPhilippus
616 1130 845 1207 inopinantibus
857 1131 989 1192 advenit.
1006 1146 1096 1206 quem

122 1227 186 1274 eum
205 1216 321 1276 adesse
340 1214 528 1288 refugientes
548 1229 588 1274 ex
603 1215 684 1289 egris
700 1215 823 1292 quidem
844 1214 948 1290 pavidi
962 1216 1096 1276 nuntias-

123 1303 200 1373 sent,
215 1298 373 1376 trepidare
386 1297 578 1358 Damocritus
595 1299 749 1375 ceterique
764 1299 876 1360 duces:
899 1304 929 1358 et
942 1306 1008 1359 eret
1022 1299 1098 1359 lorts

121 1381 319 1444 meridianum
331 1388 464 1457 tempus,
480 1397 542 1457 quo
557 1381 697 1459 plerique
712 1398 822 1461 graves
834 1381 904 1442 cibo
915 1381 1007 1457 sopiti
1019 1382 1086 1443 iace

121 1463 197 1526 bant
230 1466 369 1526 excitare
383 1464 473 1539 igitur
486 1465 536 1524 alii
550 1465 643 1540 alios,
666 1466 773 1546 iubere
786 1481 871 1525 erma
884 1481 1005 1541 capere,
1021 1466 1097 1526 alios

121 1547 268 1611 dimittere
293 1549 333 1609 ad
353 1548 546 1610 revocandos
574 1548 626 1624 qui
650 1549 744 1624 palati
769 1564 826 1624 per
849 1564 942 1623 agros
968 1550 1097 1624 praeda-

120 1629 234 1693 bantur.
263 1639 408 1708 tantaque
428 1631 590 1708 trepidatio
611 1633 682 1707 init,
702 1637 736 1691 ut
756 1633 823 1692 sine
842 1632 953 1706 gladiis
976 1632 1098 1706 quidam

121 1715 252 1790 equitum
265 1716 391 1790 exirent,
403 1716 515 1778 loricas
526 1715 668 1793 plerique
680 1732 742 1776 non
753 1714 922 1778 induerent.
937 1715 978 1775 ita
989 1715 1099 1789 raptim

121 1799 227 1873 educti
249 1815 319 1860 cum
336 1806 550 1861 sexcentorum
566 1815 659 1874 aegre
675 1800 764 1860 simul
780 1799 901 1875 equites
916 1798 1099 1874 peditesque

120 1896 276 1944 nnmerum
283 1886 470 1959 explessent,
479 1883 615 1945 incidunt
625 1884 656 1943 in
667 1883 784 1959 regium
792 1883 958 1959 equitatum
969 1897 1098 1944 numero

121 1966 212 2028 umis
230 1966 401 2043 animisque
416 1967 631 2044 praestantem.
666 1968 770 2043 itaque
783 1968 881 2044 primo
897 1968 1011 2045 impetu
1026 1967 1097 2040 iusi,

121 2048 170 2107 vix
183 2055 330 2125 temptato
351 2051 515 2110 certamine
534 2051 614 2124 turpi
629 2052 703 2124 luga
714 2059 858 2127 repetunt
871 2059 981 2113 eastra.
1015 2051 1099 2112 eaesi

120 2132 266 2206 captique
281 2148 360 2206 qnos
375 2132 494 2207 equitas
509 2132 549 2192 ab
563 2132 683 2205 agmine
696 2134 876 2206 fugientium
888 2134 1097 2194 interclusere.

120 2213 209 2274 XLII.
224 2213 381 2289 Philippus
394 2214 454 2274 iam
465 2214 532 2274 suis
541 2215 622 2274 vallo
634 2215 952 2290 appropinquantibus
963 2215 1100 2290 receptui

121 2296 190 2357 cani
204 2296 308 2359 iussit=
323 2298 465 2373 fatigatos
476 2298 556 2358 enim
568 2313 668 2373 equos
680 2300 828 2372 virosque
838 2314 901 2359 non
911 2305 972 2359 tam
983 2299 1100 2374 proelio

121 2396 213 2455 quarn
233 2382 348 2443 itineris
369 2382 459 2442 simul
478 2380 668 2457 longitudine
688 2381 778 2443 simul
795 2397 1006 2459 praepropera
1020 2382 1100 2443 eele-

121 2464 207 2524 ritate
217 2464 473 2543 habebatitaque
484 2466 636 2526 turmatim
648 2466 777 2540 equites,
790 2467 821 2527 in
832 2464 995 2543 vicemque
1005 2467 1099 2527 maui-

122 2549 210 2621 pulos
239 2550 315 2610 levis
341 2556 512 2611 armaturae
538 2556 682 2625 aquatum
706 2549 750 2611 ire
774 2556 806 2611 et
826 2551 978 2626 prandere
999 2550 1098 2622 iuben

122 2631 197 2692 elios
211 2632 242 2692 in
257 2634 387 2694 statione
407 2640 540 2695 armatos
560 2633 685 2708 retinet,
706 2635 873 2710 opperiens
888 2650 997 2710 agmen
1011 2636 1097 2711 pedi·

122 2719 181 2775 tum
200 2717 317 2777 tardius
339 2717 462 2778 ductum
479 2724 605 2793 propter
623 2718 802 2792 gravitatem
823 2734 984 2780 armorum.
1015 2719 1098 2794 quod

122 2796 171 2857 ubi
181 2800 313 2874 advenit,
329 2806 360 2861 et
370 2801 448 2875 ipsis
458 2801 647 2876 imperatum,
663 2807 696 2863 ut
705 2802 825 2863 statmis
836 2803 933 2884 signis
944 2800 1098 2877 armisque

122 2887 188 2942 ente
203 2898 239 2943 se
251 2883 362 2958 positis
375 2883 486 2959 raptim
498 2885 597 2945 eibum
610 2893 763 2960 caperent
778 2884 858 2946 binis
870 2886 1004 2947 ternisve
1017 2901 1098 2946 sum-

123 2978 200 3025 mum
214 2980 255 3026 ex
273 2967 435 3043 manipulis
456 2969 590 3044 aquandi
611 2984 706 3029 eausa
725 2969 845 3030 missisz
866 2969 987 3031 interim
1001 2983 1098 3043 eques

123 3060 188 3108 eum
209 3049 271 3109 levi
290 3058 441 3113 armatura
461 3058 586 3127 paratus
607 3052 837 3129 instructusque
858 3053 955 3127 stetit,
976 3053 1004 3113 si
1025 3050 1098 3126 quid

123 3126 217 3194 hostis
243 3142 389 3196 moveret.
425 3135 526 3197 Aetoli
540 3169 577 3181 -
590 3136 650 3196 iem
677 3137 758 3197 enim
777 3143 808 3196 et
828 3153 908 3214 quae
928 3152 985 3212 per
1006 3149 1098 3209 agros

124 3227 229 3288 sparse
243 3216 403 3279 multitudo
418 3219 523 3292 iuerat,
543 3227 726 3295 receperant
740 3236 775 3280 se
789 3220 819 3280 in
835 3226 988 3281 castra-
998 3226 1032 3279 ut
1046 3218 1098 3277 de·

125 3294 235 3363 tonsuri
245 3302 438 3374 munimenta,
451 3303 533 3364 cirea
543 3310 648 3378 portas
660 3305 837 3380 vallumque
847 3311 982 3364 armatos
993 3302 1097 3376 dispo-

126 3390 203 3459 nunt,
219 3386 291 3447 dum
306 3386 427 3461 quietos
442 3386 549 3447 hostes
563 3387 625 3462 ipsi
639 3387 759 3448 ieroees
774 3403 815 3448 ex
829 3394 893 3449 tuto
909 3384 1096 3461 spectabant

126 3473 283 3542 postquam
305 3476 387 3530 mota
403 3469 491 3545 signa
504 3469 709 3530 Macedonum
724 3477 810 3541 sunt,
831 3477 861 3529 et
876 3465 1044 3528 succedere
1059 3462 1094 3526 ad
