2600 4000
199 271 241 336 54
355 271 468 332 LIBER
482 270 601 332 XXXII.
623 272 705 332 CAP.
720 278 800 333 9.1o.
822 279 858 346 [a.
869 278 905 333 U.
919 293 943 331 c.
960 278 1022 344 ool]

200 440 262 502 que
284 424 507 498 casamenta,
530 423 561 484 ni
583 423 748 497 timuisset,
770 438 823 496 ne,
848 439 916 484 cnm
930 439 949 482 a
963 424 1038 484 mari
1051 425 1178 500 longius
1299 442 1300 447 ’

198 509 382 570 recessisset
395 508 509 568 emisso
524 523 542 567 e
556 507 695 567 manibus
710 506 814 581 hoste,
835 507 872 583 si,
888 507 972 582 quod
988 513 1078 568 antea
1091 510 1176 569 lece-

198 601 260 667 rat,
282 590 496 655 solitudinibus
516 589 665 667 silvisque
686 606 721 651 se
735 591 825 652 tutari
844 606 901 650 rex
919 591 1083 665 voluisset,
1106 593 1176 654 sine

198 677 261 739 ullo
281 676 393 738 effectu
415 681 518 736 aestas
539 673 755 736 extraheretur.
791 682 956 751 utcumque
975 682 1061 736 esset
1073 676 1175 752 igitur,

200 762 251 823 illo
275 761 345 836 ipso
371 766 433 819 lam
457 759 560 834 iniquo
581 758 650 819 loco
676 758 802 833 adgredi
823 758 943 820 hostem
964 758 1087 834 placuit
1116 761 1174 821 sed

199 844 298 921 magis
318 843 385 903 lieri
398 842 430 903 id
444 840 592 918 placebat,
610 858 702 917 quam
716 842 870 918 quomodo
885 842 974 903 fleret
988 842 1062 903 satis
1079 858 1173 919 expe

199 929 336 990 diebann
362 926 398 986 X.
419 925 549 1000 diesque
564 925 765 1002 quadraginta
778 926 845 987 sine
857 927 920 987 ullo
936 933 1048 988 conatu
1062 927 1174 988 sedeu-

198 1020 246 1074 tes
261 1013 292 1072 in
312 1016 479 1084 conspectu
497 1008 629 1070 hostium
650 1010 894 1086 absumpserant.
926 1010 997 1071 inde
1012 1026 1087 1086 spes
1103 1012 1176 1073 data

198 1096 337 1169 Philippo
359 1100 408 1154 est
426 1108 483 1168 per
500 1092 694 1169 Epirotarum
713 1101 835 1170 gentem
853 1094 1049 1168 temptandae
1069 1096 1173 1171 pacis;

198 1177 364 1253 habitoque
386 1176 515 1239 concilio
537 1177 646 1239 delecti
667 1178 707 1239 ad
724 1194 792 1240 eam
809 1194 874 1238 reni
894 1179 1045 1253 agendam
1057 1178 1172 1240 Pausa·

198 1263 265 1322 nias
282 1268 407 1337 praetor
426 1267 456 1322 et
468 1261 645 1322 Alexander
659 1263 805 1338 magister
819 1261 954 1338 equitum
970 1264 1126 1323 consulem
1140 1270 1173 1325 et

197 1361 309 1422 regem,
323 1345 375 1407 ubi
390 1346 421 1406 in
435 1344 604 1407 artissimas
617 1346 703 1420 ripas
715 1347 803 1407 Aous
815 1346 932 1422 cogitur
943 1345 1050 1419 amnis,
1067 1344 1098 1405 in
1108 1348 1170 1408 col-

197 1430 333 1506 loquium
348 1429 548 1491 adduxerunt.
571 1446 691 1490 summa
704 1431 926 1505 postulatorum
941 1430 1076 1493 consulis
1090 1438 1171 1492 erata

198 1514 354 1591 praesidia
368 1529 407 1573 ex
421 1512 593 1574 civitatibus
606 1529 663 1573 rex
677 1513 859 1584 deduceret;
881 1514 919 1574 iis
937 1530 1066 1590 quorum
1080 1530 1173 1590 agros

197 1597 352 1675 urbesque
361 1599 527 1674 populatus
538 1603 631 1672 esset
637 1597 780 1658 redderet
789 1613 840 1659 res
853 1613 933 1674 quae
944 1605 1172 1674 comparerent3

199 1689 368 1744 ceterorum
379 1698 479 1758 aequo
491 1681 613 1743 arbitrio
624 1680 792 1743 aestimatio
804 1682 899 1744 fieret.
914 1682 1072 1758 Philippus
1083 1682 1173 1743 aliam

197 1768 325 1829 aliarum
353 1765 516 1828 civitatium
545 1765 756 1826 condicionem
783 1780 855 1827 esse
882 1767 1051 1842 respondit.
1093 1783 1172 1841 quas

192 1851 265 1926 ipse
279 1850 423 1925 cepisset,
438 1866 491 1910 eas
506 1850 715 1911 liberaturum:
738 1865 817 1925 quac
830 1850 889 1911 sibi
902 1850 1031 1911 traditae
1042 1866 1064 1910 a
1076 1850 1172 1911 maio·
1213 1916 1217 1924 ,

196 1935 281 1994 ribus
296 1940 414 2009 essent,
434 1949 538 1994 earum
552 1932 735 1995 hereditaria
750 1950 786 1994 ac
799 1935 880 1994 iusta
894 1934 1096 2011 possessione
1110 1952 1173 1996 non

197 2034 407 2079 excessurum.
438 2017 556 2093 siquas
574 2025 773 2093 quererentur
789 2019 861 2079 belli
876 2020 981 2080 clades
995 2035 1051 2080 eae
1069 2020 1173 2080 civita·

197 2109 252 2177 tos,
268 2118 336 2162 cuni
352 2101 462 2177 quibus
473 2102 615 2163 bellatum
624 2103 711 2178 foret,
724 2102 846 2164 arbitrio
859 2118 920 2179 quo
933 2104 1054 2176 vellent,
1073 2120 1172 2180 popu·

195 2187 292 2248 lorum
304 2204 373 2248 cum
384 2185 496 2263 quibus
508 2204 569 2263 pax
580 2187 718 2262 utrisque
730 2187 847 2263 luisset,
862 2202 897 2248 se
908 2204 1043 2248 usurum.
1063 2189 1172 2249 consul

195 2271 269 2331 nihil
293 2272 333 2332 ad
353 2271 384 2331 id
406 2271 528 2347 quidem
550 2272 662 2333 arbitro
684 2278 735 2333 ant
754 2272 855 2332 iudice
875 2287 955 2347 opus
972 2286 1044 2332 esse
1059 2271 1172 2332 dicere.

196 2356 245 2416 cui
259 2356 338 2416 enim
352 2370 414 2414 non
428 2371 579 2430 apparere
593 2355 632 2415 ab
646 2370 684 2416 eo
702 2356 753 2430 qui
766 2355 851 2431 prior
864 2371 949 2416 arma
962 2356 1113 2418 intulisset
1126 2356 1171 2416 in·

194 2438 302 2501 iuriam
326 2444 443 2498 omamt
474 2453 531 2496 nec
550 2437 723 2512 Philippum
742 2439 781 2497 ab
801 2439 872 2500 ullis
895 2440 975 2500 bello
996 2440 1171 2502 lacessitum

194 2522 328 2597 priorem
347 2520 408 2579 vim
430 2519 569 2580 omnibus
590 2521 712 2581 iecisse.
746 2520 817 2581 inde
831 2537 901 2583 oum
915 2530 1069 2599 ageretur,
1092 2540 1172 2600 quae

195 2603 332 2665 civitates
346 2601 521 2663 liberandae
536 2611 649 2678 essent
664 2603 830 2666 Thessalos
844 2607 1104 2681 primosomuium
1115 2625 1170 2670 no·

194 2687 319 2748 minavit
338 2686 455 2747 consul.
487 2686 527 2746 ad
546 2687 578 2747 id
596 2701 670 2749 vero
691 2688 770 2750 adeo
790 2705 941 2753 accensus
962 2691 1170 2766 indignatione

196 2776 243 2832 est
256 2787 326 2847 rex,
349 2778 383 2832 ut
396 2772 580 2832 exclamaret
597 2772 693 2847 „quid
706 2772 786 2835 victo
801 2774 925 2848 grunitu
939 2775 1121 2852 imperares,
1135 2777 1169 2836 Τ.

195 2855 353 2931 Quinctit“
381 2862 474 2931 atque
494 2855 536 2917 ita
549 2871 585 2917 se
600 2871 639 2916 ex
654 2857 807 2932 colloquio
822 2858 980 2936 proripuit.
1010 2866 1041 2920 et
1053 2866 1170 2935 tempe·

194 2946 292 3000 ratum
316 2954 408 3015 aegre
428 2946 488 3016 cst,
515 2940 587 3016 quin
607 2940 788 3016 missilibus,
814 2942 885 3018 quia
905 2943 1046 3020 dirempti
1066 2943 1168 3005 medio

194 3023 275 3085 amni
297 3024 430 3099 fuerant,
451 3040 585 3099 pugnam
597 3025 675 3086 inter
690 3041 725 3086 se
741 3032 945 3087 consererent.
978 3034 1103 3105 postero
1119 3027 1170 3089 die

193 3123 251 3184 per
264 3107 465 3168 excursiones
485 3107 524 3168 ab
539 3108 720 3173 stationibus
741 3110 839 3185 primo
853 3110 885 3170 in
899 3112 1023 3187 planitie
1038 3111 1112 3172 satta
1128 3110 1169 3171 ad

193 3190 225 3252 id
240 3192 353 3266 patenti
367 3191 461 3253 multa
473 3192 553 3253 levia
564 3193 729 3255 commissa
738 3194 856 3269 proelia
868 3201 952 3266 sunt;
969 3195 1081 3258 deinde
1090 3195 1168 3255 reci·

193 3275 347 3351 pientibns
369 3292 405 3337 se
424 3275 517 3351 regiis
537 3276 567 3336 in
588 3282 653 3338 arta
673 3283 703 3339 ct
717 3280 901 3353 connagosa
919 3280 1003 3352 loca,
1024 3279 1169 3341 aviditate

193 3360 315 3420 accensi
336 3360 506 3421 certaminis
528 3375 566 3420 eo
588 3377 713 3437 quoque
724 3362 853 3423 Romani
873 3371 1080 3439 penetravere.
1110 3379 1168 3440 pro

192 3444 242 3505 his
266 3445 342 3507 ordo
363 3450 393 3504 et
405 3443 540 3505 militaris
566 3445 728 3521 disciplina
744 3452 774 3507 et
797 3462 894 3522 genus
919 3464 1071 3509 armorum
1091 3454 1167 3523 erat,

193 3534 296 3604 aptum
315 3528 455 3603 tegendis
476 3527 673 3605 corporibus3
695 3545 751 3606 pro
766 3529 856 3591 hoste
869 3533 938 3592 loca
951 3538 982 3592 et
995 3533 1169 3607 catapultae
