2600 4000
186 254 303 316 LIBER
312 252 473 314 xxxvlll.
486 251 863 329 caparnapntaasa.
876 258 1012 334 acuar]
1033 253 1095 320 357

119 407 190 468 tinis
210 406 305 466 hlium
324 418 382 481 per
394 403 515 464 medios
528 402 634 464 hostes
650 417 719 463 cum
732 408 853 464 centum
870 402 996 466 delectis
1011 407 1094 482 equi·

118 490 201 551 tibus
216 487 409 564 perrupisses
430 486 562 548 eundem
575 502 658 560 mox,
674 500 743 546 cunr
755 486 817 547 iam
831 484 974 547 Muttines
988 488 1019 547 in
1033 506 1092 551 me

119 574 170 634 dio
193 571 363 649 elephantis
384 570 557 642 collocatis,
578 569 610 629 in
630 585 748 632 cornua
768 569 922 647 equitibus
936 569 1094 646 dispositis

118 672 241 717 manum
261 671 330 717 cum
343 654 434 716 hoste
448 652 672 729 conseruisset,
692 659 840 715 terrorem
853 653 892 713 ab
906 660 992 729 tergo
1007 669 1095 730 prae·

118 740 241 814 buissc,
256 746 349 815 atquc
363 739 435 799 inde
448 737 586 800 turbatos
601 737 737 813 equestri
751 738 834 799 velut
847 737 984 813 procella
996 738 1095 800 bostis

118 826 157 884 ad
172 823 310 899 peditum
323 836 433 898 agmen
444 836 506 883 non
517 821 700 883 accessisse.
723 820 775 881 Cn.
786 821 917 881 Manlius
929 836 986 896 per
995 821 1096 883 Mace·

118 908 240 968 doniam
256 906 288 967 in
304 905 493 968 Thessaliam
514 904 682 966 exercitum
699 901 841 966 haduxit
868 902 941 965 inde
954 920 1011 980 per
1024 905 1095 981 Epi-

118 1007 185 1052 rum
197 990 392 1066 Apolloniam
412 1005 481 1050 cum
501 988 707 1065 peruenisset,
727 988 863 1051 nondum
875 988 954 1049 adeo
968 988 1096 1049 hiberno

119 1078 294 1150 contempto
304 1073 389 1148 mari,
397 1079 432 1135 ut
440 1071 568 1133 traicere
578 1073 714 1148 auderet,
721 1071 905 1147 Apolloniae
913 1070 1094 1134 hibernavit

201 1157 291 1218 XLII.
311 1155 404 1218 Exitu
417 1172 515 1232 prope
530 1157 602 1216 anni
614 1156 655 1216 M.
670 1155 813 1217 Valerius
828 1156 937 1217 consul
951 1171 991 1216 ex
1004 1156 1095 1231 Ligu·

97 1307 100 1314 ,
117 1241 203 1303 ribus
217 1240 258 1301 ad
272 1239 465 1317 magistratus
480 1239 696 1315 subrogandos
708 1240 837 1301 Romam
847 1240 1023 1301 venitnulla
1033 1256 1095 1302 ma-

119 1323 255 1386 morablll
275 1324 308 1384 in
328 1323 487 1400 provincia
510 1329 597 1397 gesta
617 1339 666 1398 re,
692 1330 727 1385 ut
747 1339 785 1385 ea
805 1322 972 1399 probabilis
992 1340 1095 1385 morae

119 1423 215 1468 causa
227 1414 320 1483 esset,
336 1408 421 1484 quod
435 1407 526 1468 solito
538 1407 637 1469 serius
649 1407 689 1468 ad
701 1407 976 1469 comitiavenisset.
1002 1408 1093 1469 comi·

118 1492 159 1552 tia
179 1491 357 1553 consulibus
380 1491 528 1567 rogandis
548 1491 670 1554 luerunt
689 1498 759 1553 ante
779 1492 860 1553 diem
881 1491 1094 1553 duodecimum

119 1575 184 1636 Kal.
204 1573 345 1636 Martiam
373 1574 468 1635 creati
486 1574 528 1637 bl.
548 1574 693 1636 Aemilius
715 1575 852 1652 Lepidus
873 1573 905 1634 C.
918 1573 1093 1634 Flaminius.

117 1665 244 1735 postero
257 1659 307 1719 dia
320 1666 479 1735 praetores
493 1659 564 1721 lacti
577 1661 637 1735 Ap.
654 1659 798 1721 Claudius
811 1652 1016 1717 PrrlclrerSer.
1028 1655 1091 1716 Sul·

118 1742 216 1818 picius
238 1742 334 1803 Galba
353 1741 387 1817 Q.
401 1743 558 1805 Terentius
579 1742 683 1804 Culleo
697 1742 731 1802 L.
745 1738 905 1801 Terentius
918 1736 1095 1799 Massaliota

117 1825 438 1901 Q.Fu1viusl'taccus
452 1826 493 1887 ld.
506 1825 616 1888 Turius
638 1822 808 1897 Crassipes.
844 1819 974 1883 comitiis
995 1823 1093 1897 perte-

115 1911 181 1986 ctis,
198 1926 277 1986 quas
292 1909 467 1985 provincias
482 1906 676 1982 praetoribus
690 1919 762 1964 esse
773 1906 917 1980 placeret,
932 1905 1045 1966 rettulit
1056 1906 1096 1965 ad

115 2003 255 2056 senatum
276 1993 393 2053 consul.
421 1991 623 2051 decreverunt
643 1988 721 2050 duas
741 1988 858 2051 Romae
877 1987 953 2051 iuris
971 1988 1095 2051 dicundi

116 2092 221 2147 causa,
237 2075 316 2134 duas
330 2080 418 2134 exha
430 2072 555 2145 ltaliam,
575 2070 709 2133 Siciliam
723 2088 760 2134 ac
775 2071 955 2147 Sardiniam,
970 2073 1049 2134 duas
1063 2074 1095 2133 in

116 2159 210 2232 ltalia,
223 2158 386 2218 Tarentum
400 2162 432 2217 ct
446 2155 581 2217 Galliam.
618 2161 649 2216 et
661 2159 830 2232 externplo,
845 2156 1026 2233 priusquam
1040 2156 1095 2215 ini·

116 2248 184 2302 rent
202 2239 428 2315 magistratum,
448 2239 550 2301 sortiri
564 2239 649 2300 iussi.
688 2239 753 2300 Ser.
769 2240 923 2317 Sulpicius
937 2239 1094 2311 urbanam,

117 2327 150 2400 Q.
171 2323 330 2384 Terentius
350 2323 542 2400 peregrinam
562 2331 610 2385 est
629 2323 770 2397 sortitus,
791 2324 825 2384 L.
838 2322 997 2385 Terentius
1019 2321 1094 2383 Sici·

116 2409 202 2481 ham,
223 2406 256 2481 Q.
270 2406 397 2468 Fulvius
412 2405 598 2481 Sardiniam,
619 2407 680 2483 ap.
700 2407 845 2469 claudius
858 2409 1030 2480 Tarentum,
1052 2405 1093 2468 li

116 2491 224 2552 Turius
240 2491 376 2552 Galliam.

197 2574 244 2637 Eo
264 2591 345 2636 anno
366 2574 400 2636 L.
414 2574 565 2636 Minucius
585 2574 727 2653 Myrtilus
747 2573 824 2635 etL.
839 2573 985 2647 Manlius,
1010 2578 1099 2649 quod

114 2660 233 2734 legatos
241 2657 506 2732 Carthaginienses
517 2659 662 2733 pulsasse
673 2657 859 2729 dicebantur,
866 2656 1000 2721 iussultl.
1008 2657 1094 2718 clau·

114 2741 157 2801 dii
172 2740 322 2816 praetoris
342 2739 428 2802 urhis
448 2756 505 2816 per
525 2741 642 2802 latiales
657 2741 758 2802 traditi
772 2748 844 2803 sunt
856 2741 963 2815 legatis
979 2748 1010 2802 et
1024 2741 1093 2802 Car·

114 2823 267 2899 thaginem
280 2822 388 2885 avecti.

198 2907 232 2966 In
245 2905 408 2982 Liguribus
427 2905 530 2981 magni
550 2906 621 2966 belli
641 2913 673 2967 et
691 2906 847 2981 gliscentis
868 2906 899 2966 in
914 2906 981 2967 dies
996 2907 1093 2982 magia

116 2991 197 3053 lama
211 2997 284 3051 erat
305 2990 410 3065 itaque
425 2988 604 3051 consulibus
618 2989 717 3064 novis,
732 3004 793 3065 quo
808 2988 858 3049 die
872 2988 912 3049 de
927 2989 1092 3066 provinciis

113 3083 145 3137 et
158 3076 197 3136 de
210 3090 246 3135 re
259 3072 383 3150 publica
393 3074 580 3148 rettulerunt,
595 3081 722 3135 senatus
733 3071 873 3148 utrisque
882 3072 1011 3149 Ligures
1023 3089 1093 3149 pro·

114 3159 244 3220 vinciam
265 3157 410 3219 decrevit
442 3155 514 3219 huic
533 3163 662 3219 senatus
679 3157 819 3220 consulto
834 3157 969 3234 Lepidus
985 3158 1094 3219 consul

112 3242 337 3316 intercedebat,
357 3238 516 3317 indignum
535 3257 607 3303 esse
627 3241 812 3319 praedicans
826 3243 971 3304 consules
986 3240 1093 3302 ambos

113 3326 145 3384 in
166 3326 262 3386 valles
281 3325 427 3400 Ligurum
451 3326 579 3400 includi,
603 3325 644 3387 Μ.
665 3326 804 3387 Fulvium
825 3334 856 3388 et
875 3325 927 3387 cn.
949 3324 1094 3386 Manlium

114 3407 270 3469 biennium
289 3408 365 3484 iam,
386 3409 513 3471 alterum
533 3409 564 3468 in
577 3407 702 3484 Europa
716 3410 843 3471 alterum
856 3410 887 3471 in
901 3409 992 3481 Asia,
1011 3405 1095 3466 velut

113 3505 174 3565 pro
188 3489 328 3566 Philippo
345 3499 438 3568 atque
448 3491 600 3553 Antiocho
612 3491 795 3554 substitutos
808 3505 947 3567 regnare.
968 3488 995 3548 si
1005 3503 1093 3550 exer·
