<?xml version="1.0" encoding="UTF-8"?>
<!DOCTYPE html PUBLIC "-//W3C//DTD XHTML 1.0 Transitional//EN"
    "http://www.w3.org/TR/xhtml1/DTD/xhtml1-transitional.dtd">
<html xmlns="http://www.w3.org/1999/xhtml" xml:lang="en" lang="en">
 <head>
  <title>
</title>
<meta http-equiv="Content-Type" content="text/html;charset=utf-8" />
  <meta name='ocr-system' content='tesseract 3.04.00' />
  <meta name='ocr-capabilities' content='ocr_page ocr_carea ocr_par ocr_line ocrx_word'/>
</head>
<body>
  <div class='ocr_page' id='page_1' title='image "./aburbeconditali00mlgoog_0241.png"; bbox 0 0 2600 4000; ppageno 0'>
   <div class='ocr_carea' id='block_1_1' title="bbox 274 188 1109 311">
    <p class='ocr_par' dir='ltr' id='par_1_1' title="bbox 274 188 1109 311">
     <span class='ocr_line' id='line_1_1' title="bbox 274 188 1109 311; baseline 0.011 -24"><span class='ocrx_word' id='word_1_1' title='bbox 274 217 523 311; x_wconf 65' lang='lat' dir='ltr'>Lmaamtxv.</span> <span class='ocrx_word' id='word_1_2' title='bbox 538 228 796 293; x_wconf 66' lang='lat' dir='ltr'>depascam.</span> <span class='ocrx_word' id='word_1_3' title='bbox 820 236 973 305; x_wconf 61' lang='lat' dir='ltr'>[acum]</span> <span class='ocrx_word' id='word_1_4' title='bbox 1049 188 1109 296; x_wconf 72' lang='lat'>197</span> 
     </span>
    </p>
   </div>
   <div class='ocr_carea' id='block_1_2' title="bbox 134 378 1189 1125">
    <p class='ocr_par' dir='ltr' id='par_1_2' title="bbox 134 378 1189 1125">
     <span class='ocr_line' id='line_1_2' title="bbox 136 378 1110 462; baseline 0.005 -22"><span class='ocrx_word' id='word_1_5' title='bbox 136 384 258 456; x_wconf 72' lang='lat' dir='ltr'>posset:</span> <span class='ocrx_word' id='word_1_6' title='bbox 287 378 344 439; x_wconf 90' lang='lat' dir='ltr'>sed</span> <span class='ocrx_word' id='word_1_7' title='bbox 363 385 522 459; x_wconf 84' lang='lat' dir='ltr'>metuens,</span> <span class='ocrx_word' id='word_1_8' title='bbox 538 393 577 437; x_wconf 96' lang='lat' dir='ltr'>ne</span> <span class='ocrx_word' id='word_1_9' title='bbox 598 378 772 440; x_wconf 89' lang='lat' dir='ltr'>dilutionem</span> <span class='ocrx_word' id='word_1_10' title='bbox 791 395 842 439; x_wconf 87' lang='lat' dir='ltr'>res</span> <span class='ocrx_word' id='word_1_11' title='bbox 863 395 925 440; x_wconf 89' lang='lat' dir='ltr'>non</span> <span class='ocrx_word' id='word_1_12' title='bbox 946 388 1110 462; x_wconf 84' lang='lat' dir='ltr'>pateretur,</span> 
     </span>
     <span class='ocr_line' id='line_1_3' title="bbox 135 460 1110 545; baseline 0.002 -21"><span class='ocrx_word' id='word_1_13' title='bbox 135 471 166 524; x_wconf 87' lang='lat' dir='ltr'>et</span> <span class='ocrx_word' id='word_1_14' title='bbox 184 478 246 523; x_wconf 91' lang='lat' dir='ltr'>non</span> <span class='ocrx_word' id='word_1_15' title='bbox 266 460 411 540; x_wconf 77' lang='lat' dir='ltr'>cydnum</span> <span class='ocrx_word' id='word_1_16' title='bbox 430 463 530 528; x_wconf 86' lang='lat' dir='ltr'>solum</span> <span class='ocrx_word' id='word_1_17' title='bbox 550 463 607 522; x_wconf 92' lang='lat' dir='ltr'>sed</span> <span class='ocrx_word' id='word_1_18' title='bbox 627 461 817 536; x_wconf 79' lang='lat' dir='ltr'>praesidium</span> <span class='ocrx_word' id='word_1_19' title='bbox 838 480 962 545; x_wconf 84' lang='lat' dir='ltr'>quoque</span> <span class='ocrx_word' id='word_1_20' title='bbox 982 466 1110 529; x_wconf 88' lang='lat' dir='ltr'>missum</span> 
     </span>
     <span class='ocr_line' id='line_1_4' title="bbox 135 545 1110 620; baseline 0.002 -13"><span class='ocrx_word' id='word_1_21' title='bbox 135 546 175 607; x_wconf 92' lang='lat' dir='ltr'>ad</span> <span class='ocrx_word' id='word_1_22' title='bbox 186 545 331 609; x_wconf 89' lang='lat' dir='ltr'>tuendam</span> <span class='ocrx_word' id='word_1_23' title='bbox 341 545 448 605; x_wconf 90' lang='lat' dir='ltr'>urbem</span> <span class='ocrx_word' id='word_1_24' title='bbox 458 546 653 620; x_wconf 88' lang='lat' dir='ltr'>amitteretur,</span> <span class='ocrx_word' id='word_1_25' title='bbox 665 545 962 607; x_wconf 79' lang='lat' dir='ltr'>navesdchaeorum</span> <span class='ocrx_word' id='word_1_26' title='bbox 973 548 1110 611; x_wconf 85' lang='lat' dir='ltr'>deduxit.</span> 
     </span>
     <span class='ocr_line' id='line_1_5' title="bbox 134 629 1111 707; baseline 0.002 -17"><span class='ocrx_word' id='word_1_27' title='bbox 134 630 242 690; x_wconf 89' lang='lat' dir='ltr'><strong>XXVI.</strong></span> <span class='ocrx_word' id='word_1_28' title='bbox 269 637 501 704; x_wconf 81' lang='lat' dir='ltr'><strong>comparaverat</strong></span> <span class='ocrx_word' id='word_1_29' title='bbox 519 636 549 689; x_wconf 92' lang='lat' dir='ltr'>et</span> <span class='ocrx_word' id='word_1_30' title='bbox 569 635 718 707; x_wconf 75' lang='lat' dir='ltr'>tyrannus</span> <span class='ocrx_word' id='word_1_31' title='bbox 738 629 890 690; x_wconf 77' lang='lat' dir='ltr'><strong>modicam</strong></span> <span class='ocrx_word' id='word_1_32' title='bbox 915 631 1046 691; x_wconf 75' lang='lat' dir='ltr'><strong>classem</strong></span> <span class='ocrx_word' id='word_1_33' title='bbox 1070 634 1111 695; x_wconf 86' lang='lat' dir='ltr'>ad</span> 
     </span>
     <span class='ocr_line' id='line_1_6' title="bbox 135 712 1111 790; baseline 0.001 -16"><span class='ocrx_word' id='word_1_34' title='bbox 135 712 343 790; x_wconf 86' lang='lat' dir='ltr'>prohibenda,</span> <span class='ocrx_word' id='word_1_35' title='bbox 362 713 388 772; x_wconf 92' lang='lat' dir='ltr'>si</span> <span class='ocrx_word' id='word_1_36' title='bbox 404 729 465 788; x_wconf 88' lang='lat' dir='ltr'>qua</span> <span class='ocrx_word' id='word_1_37' title='bbox 478 712 619 773; x_wconf 78' lang='lat' dir='ltr'>obsessis</span> <span class='ocrx_word' id='word_1_38' title='bbox 633 713 709 773; x_wconf 89' lang='lat' dir='ltr'>mari</span> <span class='ocrx_word' id='word_1_39' title='bbox 730 713 1000 790; x_wconf 89' lang='lat' dir='ltr'>summitterentar,</span> <span class='ocrx_word' id='word_1_40' title='bbox 1021 732 1111 790; x_wconf 88' lang='lat' dir='ltr'>prae-</span> 
     </span>
     <span class='ocr_line' id='line_1_7' title="bbox 135 796 1110 872; baseline 0.002 -14"><span class='ocrx_word' id='word_1_41' title='bbox 135 797 223 872; x_wconf 87' lang='lat' dir='ltr'>sidia,</span> <span class='ocrx_word' id='word_1_42' title='bbox 234 803 297 857; x_wconf 88' lang='lat' dir='ltr'>tres</span> <span class='ocrx_word' id='word_1_43' title='bbox 308 802 404 857; x_wconf 86' lang='lat' dir='ltr'>tectas</span> <span class='ocrx_word' id='word_1_44' title='bbox 417 812 512 857; x_wconf 87' lang='lat' dir='ltr'>naves</span> <span class='ocrx_word' id='word_1_45' title='bbox 523 803 554 857; x_wconf 90' lang='lat' dir='ltr'>et</span> <span class='ocrx_word' id='word_1_46' title='bbox 563 797 682 858; x_wconf 86' lang='lat' dir='ltr'>lembos</span> <span class='ocrx_word' id='word_1_47' title='bbox 694 796 870 872; x_wconf 71' lang='lat' dir='ltr'>priscisque,</span> <span class='ocrx_word' id='word_1_48' title='bbox 887 799 997 859; x_wconf 86' lang='lat' dir='ltr'>tradita</span> <span class='ocrx_word' id='word_1_49' title='bbox 1006 808 1110 860; x_wconf 86' lang='lat' dir='ltr'>vetere</span> 
     </span>
     <span class='ocr_line' id='line_1_8' title="bbox 136 880 1110 944; baseline 0.002 -3"><span class='ocrx_word' id='word_1_50' title='bbox 136 883 236 941; x_wconf 91' lang='lat' dir='ltr'>classe</span> <span class='ocrx_word' id='word_1_51' title='bbox 250 896 290 940; x_wconf 88' lang='lat' dir='ltr'>ex</span> <span class='ocrx_word' id='word_1_52' title='bbox 304 881 429 940; x_wconf 87' lang='lat' dir='ltr'>loedere</span> <span class='ocrx_word' id='word_1_53' title='bbox 443 881 598 940; x_wconf 86' lang='lat' dir='ltr'>Romanis.</span> <span class='ocrx_word' id='word_1_54' title='bbox 626 880 734 944; x_wconf 86' lang='lat' dir='ltr'>harum</span> <span class='ocrx_word' id='word_1_55' title='bbox 749 896 897 941; x_wconf 88' lang='lat' dir='ltr'>novarum</span> <span class='ocrx_word' id='word_1_56' title='bbox 911 888 974 942; x_wconf 92' lang='lat' dir='ltr'>tum</span> <span class='ocrx_word' id='word_1_57' title='bbox 987 883 1110 943; x_wconf 89' lang='lat' dir='ltr'>navium</span> 
     </span>
     <span class='ocr_line' id='line_1_9' title="bbox 136 964 1108 1041; baseline 0.003 -17"><span class='ocrx_word' id='word_1_58' title='bbox 136 965 296 1039; x_wconf 77' lang='lat' dir='ltr'>agilitatem</span> <span class='ocrx_word' id='word_1_59' title='bbox 315 970 350 1023; x_wconf 92' lang='lat' dir='ltr'>ut</span> <span class='ocrx_word' id='word_1_60' title='bbox 369 964 573 1040; x_wconf 81' lang='lat' dir='ltr'>experiretur,</span> <span class='ocrx_word' id='word_1_61' title='bbox 596 964 685 1025; x_wconf 90' lang='lat' dir='ltr'>simul</span> <span class='ocrx_word' id='word_1_62' title='bbox 706 969 740 1024; x_wconf 92' lang='lat' dir='ltr'>ut</span> <span class='ocrx_word' id='word_1_63' title='bbox 760 965 861 1025; x_wconf 86' lang='lat' dir='ltr'>omnia</span> <span class='ocrx_word' id='word_1_64' title='bbox 882 965 957 1026; x_wconf 88' lang='lat' dir='ltr'>satis</span> <span class='ocrx_word' id='word_1_65' title='bbox 979 973 1049 1041; x_wconf 90' lang='lat' dir='ltr'>apta</span> <span class='ocrx_word' id='word_1_66' title='bbox 1069 967 1108 1027; x_wconf 86' lang='lat' dir='ltr'>ad</span> 
     </span>
     <span class='ocr_line' id='line_1_10' title="bbox 136 1047 1189 1125; baseline -0.004 -17"><span class='ocrx_word' id='word_1_67' title='bbox 136 1054 288 1108; x_wconf 87' lang='lat' dir='ltr'>certamen</span> <span class='ocrx_word' id='word_1_68' title='bbox 309 1055 429 1122; x_wconf 88' lang='lat' dir='ltr'>essent,</span> <span class='ocrx_word' id='word_1_69' title='bbox 455 1054 620 1123; x_wconf 87' lang='lat' dir='ltr'>provectos</span> <span class='ocrx_word' id='word_1_70' title='bbox 641 1047 673 1108; x_wconf 93' lang='lat' dir='ltr'>in</span> <span class='ocrx_word' id='word_1_71' title='bbox 693 1049 786 1108; x_wconf 89' lang='lat' dir='ltr'>altum</span> <span class='ocrx_word' id='word_1_72' title='bbox 808 1048 944 1124; x_wconf 89' lang='lat' dir='ltr'>quotidie</span> <span class='ocrx_word' id='word_1_73' title='bbox 964 1049 1110 1125; x_wconf 84' lang='lat' dir='ltr'>remigem</span> <span class='ocrx_word' id='word_1_74' title='bbox 1186 1096 1189 1104; x_wconf 86' lang='lat'><strong>.</strong></span> 
     </span>
    </p>
   </div>
   <div class='ocr_carea' id='block_1_3' title="bbox 137 1129 1197 1207">
    <p class='ocr_par' dir='ltr' id='par_1_3' title="bbox 137 1129 1197 1207">
     <span class='ocr_line' id='line_1_11' title="bbox 137 1129 1197 1207; baseline 0.002 -14"><span class='ocrx_word' id='word_1_75' title='bbox 137 1130 320 1206; x_wconf 87' lang='lat' dir='ltr'>militemque</span> <span class='ocrx_word' id='word_1_76' title='bbox 340 1129 510 1191; x_wconf 82' lang='lat' dir='ltr'>simulacris</span> <span class='ocrx_word' id='word_1_77' title='bbox 531 1131 649 1190; x_wconf 85' lang='lat' dir='ltr'>navalis</span> <span class='ocrx_word' id='word_1_78' title='bbox 670 1147 792 1207; x_wconf 87' lang='lat' dir='ltr'>pugnae</span> <span class='ocrx_word' id='word_1_79' title='bbox 815 1132 993 1206; x_wconf 83' lang='lat' dir='ltr'>exercebat,</span> <span class='ocrx_word' id='word_1_80' title='bbox 1017 1134 1048 1192; x_wconf 92' lang='lat' dir='ltr'>in</span> <span class='ocrx_word' id='word_1_81' title='bbox 1071 1149 1109 1195; x_wconf 89' lang='lat' dir='ltr'>co</span> <span class='ocrx_word' id='word_1_82' title='bbox 1194 1172 1197 1176; x_wconf 92' lang='lat'>-</span> 
     </span>
    </p>
   </div>
   <div class='ocr_carea' id='block_1_4' title="bbox 132 1213 1111 3543">
    <p class='ocr_par' dir='ltr' id='par_1_4' title="bbox 132 1213 1111 3194">
     <span class='ocr_line' id='line_1_12' title="bbox 135 1213 1109 1291; baseline 0.002 -17"><span class='ocrx_word' id='word_1_83' title='bbox 135 1222 220 1275; x_wconf 88' lang='lat' dir='ltr'>ratus</span> <span class='ocrx_word' id='word_1_84' title='bbox 235 1213 311 1274; x_wconf 88' lang='lat' dir='ltr'>verti</span> <span class='ocrx_word' id='word_1_85' title='bbox 325 1229 413 1289; x_wconf 92' lang='lat' dir='ltr'>spem</span> <span class='ocrx_word' id='word_1_86' title='bbox 429 1214 613 1289; x_wconf 90' lang='lat' dir='ltr'>obsidionis,</span> <span class='ocrx_word' id='word_1_87' title='bbox 634 1216 662 1274; x_wconf 91' lang='lat' dir='ltr'>si</span> <span class='ocrx_word' id='word_1_88' title='bbox 683 1215 838 1291; x_wconf 88' lang='lat' dir='ltr'>praesidia</span> <span class='ocrx_word' id='word_1_89' title='bbox 851 1217 1000 1277; x_wconf 89' lang='lat' dir='ltr'>maritima</span> <span class='ocrx_word' id='word_1_90' title='bbox 1018 1217 1109 1278; x_wconf 86' lang='lat' dir='ltr'>inter-</span> 
     </span>
     <span class='ocr_line' id='line_1_13' title="bbox 135 1298 1108 1373; baseline 0.003 -15"><span class='ocrx_word' id='word_1_91' title='bbox 135 1299 286 1358; x_wconf 88' lang='lat' dir='ltr'>clusisset.</span> <span class='ocrx_word' id='word_1_92' title='bbox 309 1304 433 1373; x_wconf 89' lang='lat' dir='ltr'>praetor</span> <span class='ocrx_word' id='word_1_93' title='bbox 446 1298 641 1359; x_wconf 76' lang='lat' dir='ltr'>Achaeorum</span> <span class='ocrx_word' id='word_1_94' title='bbox 663 1300 743 1359; x_wconf 92' lang='lat' dir='ltr'>sicut</span> <span class='ocrx_word' id='word_1_95' title='bbox 761 1299 949 1360; x_wconf 89' lang='lat' dir='ltr'>terrestrium</span> <span class='ocrx_word' id='word_1_96' title='bbox 972 1301 1108 1361; x_wconf 80' lang='lat' dir='ltr'>certami</span> 
     </span>
     <span class='ocr_line' id='line_1_14' title="bbox 134 1381 1106 1458; baseline 0.004 -18"><span class='ocrx_word' id='word_1_97' title='bbox 134 1398 207 1442; x_wconf 92' lang='lat' dir='ltr'>num</span> <span class='ocrx_word' id='word_1_98' title='bbox 222 1388 286 1441; x_wconf 86' lang='lat' dir='ltr'>arte</span> <span class='ocrx_word' id='word_1_99' title='bbox 301 1381 440 1456; x_wconf 88' lang='lat' dir='ltr'>quemvis</span> <span class='ocrx_word' id='word_1_100' title='bbox 456 1382 606 1443; x_wconf 91' lang='lat' dir='ltr'>clarorum</span> <span class='ocrx_word' id='word_1_101' title='bbox 626 1383 842 1458; x_wconf 87' lang='lat' dir='ltr'>imperatorum</span> <span class='ocrx_word' id='word_1_102' title='bbox 862 1384 912 1444; x_wconf 88' lang='lat' dir='ltr'>vel</span> <span class='ocrx_word' id='word_1_103' title='bbox 926 1401 986 1456; x_wconf 89' lang='lat' dir='ltr'>usu</span> <span class='ocrx_word' id='word_1_104' title='bbox 1000 1386 1053 1445; x_wconf 81' lang='lat' dir='ltr'>vel.</span> <span class='ocrx_word' id='word_1_105' title='bbox 1064 1385 1106 1445; x_wconf 90' lang='lat' dir='ltr'>in·</span> 
     </span>
     <span class='ocr_line' id='line_1_15' title="bbox 134 1464 1105 1543; baseline 0.004 -19"><span class='ocrx_word' id='word_1_106' title='bbox 134 1465 224 1541; x_wconf 82' lang='lat' dir='ltr'>genio</span> <span class='ocrx_word' id='word_1_107' title='bbox 239 1464 405 1540; x_wconf 80' lang='lat' dir='ltr'>aequabat,</span> <span class='ocrx_word' id='word_1_108' title='bbox 421 1465 461 1526; x_wconf 91' lang='lat' dir='ltr'>ita</span> <span class='ocrx_word' id='word_1_109' title='bbox 474 1465 560 1526; x_wconf 91' lang='lat' dir='ltr'>rudis</span> <span class='ocrx_word' id='word_1_110' title='bbox 575 1467 606 1525; x_wconf 94' lang='lat' dir='ltr'>in</span> <span class='ocrx_word' id='word_1_111' title='bbox 620 1482 654 1526; x_wconf 91' lang='lat' dir='ltr'>re</span> <span class='ocrx_word' id='word_1_112' title='bbox 669 1466 768 1527; x_wconf 88' lang='lat' dir='ltr'>navali</span> <span class='ocrx_word' id='word_1_113' title='bbox 784 1475 862 1541; x_wconf 90' lang='lat' dir='ltr'>erat,</span> <span class='ocrx_word' id='word_1_114' title='bbox 879 1468 993 1543; x_wconf 85' lang='lat' dir='ltr'>Arcas,</span> <span class='ocrx_word' id='word_1_115' title='bbox 1013 1469 1105 1528; x_wconf 88' lang='lat' dir='ltr'>medi·</span> 
     </span>
     <span class='ocr_line' id='line_1_16' title="bbox 135 1548 1107 1626; baseline 0.003 -17"><span class='ocrx_word' id='word_1_116' title='bbox 135 1556 293 1609; x_wconf 89' lang='lat' dir='ltr'>terraneus</span> <span class='ocrx_word' id='word_1_117' title='bbox 307 1548 414 1623; x_wconf 90' lang='lat' dir='ltr'>homo,</span> <span class='ocrx_word' id='word_1_118' title='bbox 430 1557 624 1611; x_wconf 81' lang='lat' dir='ltr'>externorum</span> <span class='ocrx_word' id='word_1_119' title='bbox 638 1552 729 1612; x_wconf 87' lang='lat' dir='ltr'>ctiam</span> <span class='ocrx_word' id='word_1_120' title='bbox 744 1551 893 1624; x_wconf 88' lang='lat' dir='ltr'>omnium,</span> <span class='ocrx_word' id='word_1_121' title='bbox 908 1551 967 1610; x_wconf 90' lang='lat' dir='ltr'>nisi</span> <span class='ocrx_word' id='word_1_122' title='bbox 981 1552 1067 1626; x_wconf 90' lang='lat' dir='ltr'>quod</span> <span class='ocrx_word' id='word_1_123' title='bbox 1077 1551 1107 1613; x_wconf 91' lang='lat' dir='ltr'>in</span> 
     </span>
     <span class='ocr_line' id='line_1_17' title="bbox 135 1628 1108 1709; baseline 0.002 -17"><span class='ocrx_word' id='word_1_124' title='bbox 135 1632 222 1692; x_wconf 87' lang='lat' dir='ltr'>Creta</span> <span class='ocrx_word' id='word_1_125' title='bbox 242 1633 415 1707; x_wconf 85' lang='lat' dir='ltr'>praelectus</span> <span class='ocrx_word' id='word_1_126' title='bbox 437 1634 617 1695; x_wconf 87' lang='lat' dir='ltr'>auxiliorum</span> <span class='ocrx_word' id='word_1_127' title='bbox 636 1628 832 1709; x_wconf 88' lang='lat' dir='ltr'>militaverat,</span> <span class='ocrx_word' id='word_1_128' title='bbox 852 1634 987 1708; x_wconf 87' lang='lat' dir='ltr'>ignarus.</span> <span class='ocrx_word' id='word_1_129' title='bbox 1020 1634 1108 1694; x_wconf 87' lang='lat' dir='ltr'>navis</span> 
     </span>
     <span class='ocr_line' id='line_1_18' title="bbox 135 1716 1109 1794; baseline 0.002 -19"><span class='ocrx_word' id='word_1_130' title='bbox 135 1723 200 1776; x_wconf 91' lang='lat' dir='ltr'>erat</span> <span class='ocrx_word' id='word_1_131' title='bbox 212 1716 412 1792; x_wconf 86' lang='lat' dir='ltr'>quadriremis</span> <span class='ocrx_word' id='word_1_132' title='bbox 428 1726 530 1792; x_wconf 82' lang='lat' dir='ltr'>retus,</span> <span class='ocrx_word' id='word_1_133' title='bbox 552 1725 643 1794; x_wconf 85' lang='lat' dir='ltr'>capta</span> <span class='ocrx_word' id='word_1_134' title='bbox 657 1719 746 1778; x_wconf 87' lang='lat' dir='ltr'>annis</span> <span class='ocrx_word' id='word_1_135' title='bbox 760 1723 832 1776; x_wconf 89' lang='lat' dir='ltr'>ante</span> <span class='ocrx_word' id='word_1_136' title='bbox 846 1716 1014 1789; x_wconf 89' lang='lat' dir='ltr'>octoginta,</span> <span class='ocrx_word' id='word_1_137' title='bbox 1040 1732 1109 1777; x_wconf 90' lang='lat' dir='ltr'>cum</span> 
     </span>
     <span class='ocr_line' id='line_1_19' title="bbox 135 1798 1108 1875; baseline -0.002 -17"><span class='ocrx_word' id='word_1_138' title='bbox 135 1799 248 1859; x_wconf 84' lang='lat' dir='ltr'>crateri</span> <span class='ocrx_word' id='word_1_139' title='bbox 267 1817 395 1860; x_wconf 83' lang='lat' dir='ltr'>uxorem</span> <span class='ocrx_word' id='word_1_140' title='bbox 415 1798 590 1861; x_wconf 66' lang='lat' dir='ltr'>Nicaeanr&#39;a</span> <span class='ocrx_word' id='word_1_141' title='bbox 603 1801 762 1875; x_wconf 86' lang='lat' dir='ltr'>Naupacto</span> <span class='ocrx_word' id='word_1_142' title='bbox 778 1798 951 1860; x_wconf 82' lang='lat' dir='ltr'>Corindmm</span> <span class='ocrx_word' id='word_1_143' title='bbox 968 1799 1108 1861; x_wconf 67' lang='lat' dir='ltr'>venerate</span> 
     </span>
     <span class='ocr_line' id='line_1_20' title="bbox 133 1882 1109 1959; baseline 0.003 -17"><span class='ocrx_word' id='word_1_144' title='bbox 133 1883 224 1944; x_wconf 80' lang='lat' dir='ltr'>liuius</span> <span class='ocrx_word' id='word_1_145' title='bbox 245 1884 325 1943; x_wconf 87' lang='lat' dir='ltr'>lama</span> <span class='ocrx_word' id='word_1_146' title='bbox 344 1893 445 1943; x_wconf 91' lang='lat' dir='ltr'>motus</span> <span class='ocrx_word' id='word_1_147' title='bbox 458 1917 502 1929; x_wconf 90' lang='lat'><em>-</em></span> <span class='ocrx_word' id='word_1_148' title='bbox 515 1886 613 1945; x_wconf 84' lang='lat' dir='ltr'>iuerat</span> <span class='ocrx_word' id='word_1_149' title='bbox 632 1884 713 1945; x_wconf 91' lang='lat' dir='ltr'>enim</span> <span class='ocrx_word' id='word_1_150' title='bbox 734 1883 837 1943; x_wconf 86' lang='lat' dir='ltr'>nobile</span> <span class='ocrx_word' id='word_1_151' title='bbox 857 1882 887 1942; x_wconf 87' lang='lat' dir='ltr'>in</span> <span class='ocrx_word' id='word_1_152' title='bbox 909 1883 1010 1943; x_wconf 89' lang='lat' dir='ltr'>classe</span> <span class='ocrx_word' id='word_1_153' title='bbox 1025 1884 1109 1959; x_wconf 83' lang='lat' dir='ltr'>regia</span> 
     </span>
     <span class='ocr_line' id='line_1_21' title="bbox 133 1966 1108 2042; baseline 0.002 -15"><span class='ocrx_word' id='word_1_154' title='bbox 133 1966 290 2042; x_wconf 87' lang='lat' dir='ltr'>quondam</span> <span class='ocrx_word' id='word_1_155' title='bbox 304 1966 458 2039; x_wconf 82' lang='lat' dir='ltr'>navigium</span> <span class='ocrx_word' id='word_1_156' title='bbox 471 1998 514 2009; x_wconf 90' lang='lat'>·-</span> <span class='ocrx_word' id='word_1_157' title='bbox 528 1966 637 2028; x_wconf 88' lang='lat' dir='ltr'>deduci</span> <span class='ocrx_word' id='word_1_158' title='bbox 659 1966 696 2027; x_wconf 86' lang='lat' dir='ltr'>ab</span> <span class='ocrx_word' id='word_1_159' title='bbox 716 1966 815 2042; x_wconf 82' lang='lat' dir='ltr'>Aegio</span> <span class='ocrx_word' id='word_1_160' title='bbox 836 1974 955 2042; x_wconf 88' lang='lat' dir='ltr'>putrem</span> <span class='ocrx_word' id='word_1_161' title='bbox 975 1967 1034 2028; x_wconf 89' lang='lat' dir='ltr'>iam</span> <span class='ocrx_word' id='word_1_162' title='bbox 1055 1968 1108 2029; x_wconf 89' lang='lat' dir='ltr'>ad·</span> 
     </span>
     <span class='ocr_line' id='line_1_22' title="bbox 133 2048 1109 2126; baseline 0.006 -20"><span class='ocrx_word' id='word_1_163' title='bbox 133 2050 258 2109; x_wconf 89' lang='lat' dir='ltr'>modum</span> <span class='ocrx_word' id='word_1_164' title='bbox 273 2055 305 2108; x_wconf 89' lang='lat' dir='ltr'>et</span> <span class='ocrx_word' id='word_1_165' title='bbox 318 2055 467 2107; x_wconf 84' lang='lat' dir='ltr'>vetustate</span> <span class='ocrx_word' id='word_1_166' title='bbox 480 2048 662 2109; x_wconf 87' lang='lat' dir='ltr'>dilabentem</span> <span class='ocrx_word' id='word_1_167' title='bbox 676 2050 774 2110; x_wconf 90' lang='lat' dir='ltr'>iussit.</span> <span class='ocrx_word' id='word_1_168' title='bbox 807 2050 865 2110; x_wconf 89' lang='lat' dir='ltr'>hac</span> <span class='ocrx_word' id='word_1_169' title='bbox 879 2058 941 2112; x_wconf 92' lang='lat' dir='ltr'>tum</span> <span class='ocrx_word' id='word_1_170' title='bbox 956 2049 1109 2126; x_wconf 83' lang='lat' dir='ltr'>praetoria</span> 
     </span>
     <span class='ocr_line' id='line_1_23' title="bbox 134 2131 1108 2210; baseline 0.011 -22"><span class='ocrx_word' id='word_1_171' title='bbox 134 2145 213 2189; x_wconf 88' lang='lat' dir='ltr'>nave</span> <span class='ocrx_word' id='word_1_172' title='bbox 224 2131 428 2204; x_wconf 82' lang='lat' dir='ltr'>praecedente</span> <span class='ocrx_word' id='word_1_173' title='bbox 439 2131 585 2205; x_wconf 84' lang='lat' dir='ltr'>classem,</span> <span class='ocrx_word' id='word_1_174' title='bbox 600 2146 670 2190; x_wconf 92' lang='lat' dir='ltr'>cum</span> <span class='ocrx_word' id='word_1_175' title='bbox 680 2132 711 2191; x_wconf 89' lang='lat' dir='ltr'>in</span> <span class='ocrx_word' id='word_1_176' title='bbox 723 2148 760 2191; x_wconf 88' lang='lat' dir='ltr'>ca</span> <span class='ocrx_word' id='word_1_177' title='bbox 770 2133 924 2194; x_wconf 87' lang='lat' dir='ltr'>Patrensis</span> <span class='ocrx_word' id='word_1_178' title='bbox 936 2135 1007 2196; x_wconf 91' lang='lat' dir='ltr'>Tiso</span> <span class='ocrx_word' id='word_1_179' title='bbox 1021 2151 1108 2210; x_wconf 74' lang='lat' dir='ltr'>prac-</span> 
     </span>
     <span class='ocr_line' id='line_1_24' title="bbox 135 2212 1109 2294; baseline 0.007 -23"><span class='ocrx_word' id='word_1_180' title='bbox 135 2214 232 2273; x_wconf 88' lang='lat' dir='ltr'>tectus</span> <span class='ocrx_word' id='word_1_181' title='bbox 252 2213 363 2273; x_wconf 84' lang='lat' dir='ltr'>classis</span> <span class='ocrx_word' id='word_1_182' title='bbox 383 2212 559 2287; x_wconf 86' lang='lat' dir='ltr'>veheretur,</span> <span class='ocrx_word' id='word_1_183' title='bbox 581 2223 778 2276; x_wconf 87' lang='lat' dir='ltr'>occurrerunt</span> <span class='ocrx_word' id='word_1_184' title='bbox 791 2232 811 2275; x_wconf 89' lang='lat' dir='ltr'>a</span> <span class='ocrx_word' id='word_1_185' title='bbox 826 2215 938 2294; x_wconf 81' lang='lat' dir='ltr'>Gythio</span> <span class='ocrx_word' id='word_1_186' title='bbox 952 2218 1109 2278; x_wconf 87' lang='lat' dir='ltr'>Laconum</span> 
     </span>
     <span class='ocr_line' id='line_1_25' title="bbox 133 2294 1109 2373; baseline 0.005 -17"><span class='ocrx_word' id='word_1_187' title='bbox 133 2310 246 2366; x_wconf 69' lang='lat' dir='ltr'>naves,</span> <span class='ocrx_word' id='word_1_188' title='bbox 261 2303 292 2357; x_wconf 91' lang='lat' dir='ltr'>et</span> <span class='ocrx_word' id='word_1_189' title='bbox 301 2297 400 2373; x_wconf 93' lang='lat' dir='ltr'>primo</span> <span class='ocrx_word' id='word_1_190' title='bbox 411 2296 512 2357; x_wconf 87' lang='lat' dir='ltr'>statim</span> <span class='ocrx_word' id='word_1_191' title='bbox 522 2296 647 2358; x_wconf 89' lang='lat' dir='ltr'>incursu</span> <span class='ocrx_word' id='word_1_192' title='bbox 657 2298 698 2358; x_wconf 88' lang='lat' dir='ltr'>ad</span> <span class='ocrx_word' id='word_1_193' title='bbox 709 2294 820 2360; x_wconf 84' lang='lat' dir='ltr'>novam</span> <span class='ocrx_word' id='word_1_194' title='bbox 831 2306 862 2359; x_wconf 91' lang='lat' dir='ltr'>et</span> <span class='ocrx_word' id='word_1_195' title='bbox 872 2300 989 2361; x_wconf 87' lang='lat' dir='ltr'>ilrmam</span> <span class='ocrx_word' id='word_1_196' title='bbox 1000 2317 1109 2361; x_wconf 87' lang='lat' dir='ltr'>navem</span> 
     </span>
     <span class='ocr_line' id='line_1_26' title="bbox 135 2380 1109 2460; baseline 0.005 -20"><span class='ocrx_word' id='word_1_197' title='bbox 135 2388 237 2453; x_wconf 68' lang='lat' dir='ltr'>rmus,</span> <span class='ocrx_word' id='word_1_198' title='bbox 268 2396 348 2456; x_wconf 87' lang='lat' dir='ltr'>quae</span> <span class='ocrx_word' id='word_1_199' title='bbox 370 2396 427 2456; x_wconf 88' lang='lat' dir='ltr'>per</span> <span class='ocrx_word' id='word_1_200' title='bbox 451 2396 487 2441; x_wconf 91' lang='lat' dir='ltr'>se</span> <span class='ocrx_word' id='word_1_201' title='bbox 510 2380 581 2456; x_wconf 90' lang='lat' dir='ltr'>ipsa</span> <span class='ocrx_word' id='word_1_202' title='bbox 605 2382 746 2444; x_wconf 89' lang='lat' dir='ltr'>omnibus</span> <span class='ocrx_word' id='word_1_203' title='bbox 770 2383 971 2459; x_wconf 81' lang='lat' dir='ltr'>compagibus</span> <span class='ocrx_word' id='word_1_204' title='bbox 997 2400 1109 2460; x_wconf 90' lang='lat' dir='ltr'>aquam</span> 
     </span>
     <span class='ocr_line' id='line_1_27' title="bbox 133 2464 1108 2543; baseline 0.005 -19"><span class='ocrx_word' id='word_1_205' title='bbox 133 2464 301 2539; x_wconf 84' lang='lat' dir='ltr'>acciperet,</span> <span class='ocrx_word' id='word_1_206' title='bbox 317 2464 438 2525; x_wconf 89' lang='lat' dir='ltr'>divulsa</span> <span class='ocrx_word' id='word_1_207' title='bbox 450 2471 513 2538; x_wconf 91' lang='lat' dir='ltr'>est,</span> <span class='ocrx_word' id='word_1_208' title='bbox 529 2465 673 2541; x_wconf 88' lang='lat' dir='ltr'>captique</span> <span class='ocrx_word' id='word_1_209' title='bbox 688 2482 795 2527; x_wconf 91' lang='lat' dir='ltr'>omnes</span> <span class='ocrx_word' id='word_1_210' title='bbox 811 2467 908 2543; x_wconf 92' lang='lat' dir='ltr'>quiin</span> <span class='ocrx_word' id='word_1_211' title='bbox 923 2475 1108 2529; x_wconf 84' lang='lat' dir='ltr'>naucerant</span> 
     </span>
     <span class='ocr_line' id='line_1_28' title="bbox 133 2549 1109 2628; baseline 0.005 -19"><span class='ocrx_word' id='word_1_212' title='bbox 133 2555 235 2609; x_wconf 85' lang='lat' dir='ltr'>cetera</span> <span class='ocrx_word' id='word_1_213' title='bbox 255 2549 364 2609; x_wconf 86' lang='lat' dir='ltr'>classis</span> <span class='ocrx_word' id='word_1_214' title='bbox 386 2549 638 2624; x_wconf 77' lang='lat' dir='ltr'>praetorianam</span> <span class='ocrx_word' id='word_1_215' title='bbox 663 2551 778 2611; x_wconf 89' lang='lat' dir='ltr'>amissa</span> <span class='ocrx_word' id='word_1_216' title='bbox 800 2558 944 2626; x_wconf 87' lang='lat' dir='ltr'>quantum</span> <span class='ocrx_word' id='word_1_217' title='bbox 967 2568 1109 2628; x_wconf 87' lang='lat' dir='ltr'>quaeque</span> 
     </span>
     <span class='ocr_line' id='line_1_29' title="bbox 134 2632 1107 2712; baseline 0.006 -21"><span class='ocrx_word' id='word_1_218' title='bbox 134 2632 225 2692; x_wconf 89' lang='lat' dir='ltr'>remis</span> <span class='ocrx_word' id='word_1_219' title='bbox 245 2632 352 2706; x_wconf 89' lang='lat' dir='ltr'>valuit,</span> <span class='ocrx_word' id='word_1_220' title='bbox 373 2633 524 2707; x_wconf 85' lang='lat' dir='ltr'>ingerunt.</span> <span class='ocrx_word' id='word_1_221' title='bbox 551 2633 619 2709; x_wconf 90' lang='lat' dir='ltr'>ipse</span> <span class='ocrx_word' id='word_1_222' title='bbox 634 2633 853 2710; x_wconf 88' lang='lat' dir='ltr'>Philopoemen</span> <span class='ocrx_word' id='word_1_223' title='bbox 869 2635 899 2695; x_wconf 90' lang='lat' dir='ltr'>in</span> <span class='ocrx_word' id='word_1_224' title='bbox 917 2634 980 2696; x_wconf 88' lang='lat' dir='ltr'>levi</span> <span class='ocrx_word' id='word_1_225' title='bbox 996 2652 1107 2712; x_wconf 90' lang='lat' dir='ltr'>specu-</span> 
     </span>
     <span class='ocr_line' id='line_1_30' title="bbox 133 2713 1107 2795; baseline 0.008 -22"><span class='ocrx_word' id='word_1_226' title='bbox 133 2713 241 2775; x_wconf 88' lang='lat' dir='ltr'>latoria</span> <span class='ocrx_word' id='word_1_227' title='bbox 262 2730 341 2774; x_wconf 88' lang='lat' dir='ltr'>nave</span> <span class='ocrx_word' id='word_1_228' title='bbox 365 2716 455 2790; x_wconf 79' lang='lat' dir='ltr'>lugia,</span> <span class='ocrx_word' id='word_1_229' title='bbox 480 2732 538 2775; x_wconf 89' lang='lat' dir='ltr'>nec</span> <span class='ocrx_word' id='word_1_230' title='bbox 562 2724 632 2777; x_wconf 86' lang='lat' dir='ltr'>ante</span> <span class='ocrx_word' id='word_1_231' title='bbox 658 2717 749 2792; x_wconf 78' lang='lat' dir='ltr'>fugae</span> <span class='ocrx_word' id='word_1_232' title='bbox 773 2720 864 2779; x_wconf 89' lang='lat' dir='ltr'>linem</span> <span class='ocrx_word' id='word_1_233' title='bbox 889 2736 981 2795; x_wconf 90' lang='lat' dir='ltr'>quam</span> <span class='ocrx_word' id='word_1_234' title='bbox 1000 2720 1107 2781; x_wconf 89' lang='lat' dir='ltr'>Patras</span> 
     </span>
     <span class='ocr_line' id='line_1_31' title="bbox 134 2799 1111 2868; baseline 0.007 -12"><span class='ocrx_word' id='word_1_235' title='bbox 134 2805 255 2857; x_wconf 89' lang='lat' dir='ltr'>ventum</span> <span class='ocrx_word' id='word_1_236' title='bbox 280 2805 329 2859; x_wconf 85' lang='lat' dir='ltr'>est</span> <span class='ocrx_word' id='word_1_237' title='bbox 352 2799 432 2858; x_wconf 88' lang='lat' dir='ltr'>iecit.</span> <span class='ocrx_word' id='word_1_238' title='bbox 464 2799 538 2857; x_wconf 87' lang='lat' dir='ltr'>nibil</span> <span class='ocrx_word' id='word_1_239' title='bbox 558 2815 666 2868; x_wconf 86' lang='lat' dir='ltr'>cares</span> <span class='ocrx_word' id='word_1_240' title='bbox 693 2802 825 2863; x_wconf 89' lang='lat' dir='ltr'>animum</span> <span class='ocrx_word' id='word_1_241' title='bbox 844 2802 980 2863; x_wconf 85' lang='lat' dir='ltr'>militaris</span> <span class='ocrx_word' id='word_1_242' title='bbox 1002 2803 1058 2863; x_wconf 88' lang='lat' dir='ltr'>viri</span> <span class='ocrx_word' id='word_1_243' title='bbox 1076 2809 1111 2864; x_wconf 86' lang='lat' dir='ltr'>et</span> 
     </span>
     <span class='ocr_line' id='line_1_32' title="bbox 133 2879 1111 2959; baseline 0.007 -19"><span class='ocrx_word' id='word_1_244' title='bbox 133 2879 377 2956; x_wconf 82' lang='lat' dir='ltr'>multosexperti</span> <span class='ocrx_word' id='word_1_245' title='bbox 391 2897 483 2942; x_wconf 92' lang='lat' dir='ltr'>casus</span> <span class='ocrx_word' id='word_1_246' title='bbox 497 2882 652 2944; x_wconf 87' lang='lat' dir='ltr'>imminuit.</span> <span class='ocrx_word' id='word_1_247' title='bbox 680 2884 754 2959; x_wconf 89' lang='lat' dir='ltr'>quin</span> <span class='ocrx_word' id='word_1_248' title='bbox 775 2893 895 2959; x_wconf 88' lang='lat' dir='ltr'>contra,</span> <span class='ocrx_word' id='word_1_249' title='bbox 917 2886 944 2945; x_wconf 89' lang='lat' dir='ltr'>si</span> <span class='ocrx_word' id='word_1_250' title='bbox 960 2886 991 2945; x_wconf 91' lang='lat' dir='ltr'>in</span> <span class='ocrx_word' id='word_1_251' title='bbox 1005 2902 1040 2947; x_wconf 91' lang='lat' dir='ltr'>re</span> <span class='ocrx_word' id='word_1_252' title='bbox 1054 2903 1111 2946; x_wconf 80' lang='lat' dir='ltr'>na·</span> 
     </span>
     <span class='ocr_line' id='line_1_33' title="bbox 133 2965 1109 3045; baseline 0.007 -21"><span class='ocrx_word' id='word_1_253' title='bbox 133 2965 207 3038; x_wconf 87' lang='lat' dir='ltr'>vali,</span> <span class='ocrx_word' id='word_1_254' title='bbox 222 2965 310 3025; x_wconf 91' lang='lat' dir='ltr'>cuius</span> <span class='ocrx_word' id='word_1_255' title='bbox 324 2972 408 3025; x_wconf 87' lang='lat' dir='ltr'>esset</span> <span class='ocrx_word' id='word_1_256' title='bbox 421 2965 562 3040; x_wconf 84' lang='lat' dir='ltr'>ignarus,</span> <span class='ocrx_word' id='word_1_257' title='bbox 578 2965 773 3043; x_wconf 80' lang='lat' dir='ltr'>offendisset,</span> <span class='ocrx_word' id='word_1_258' title='bbox 794 2985 832 3028; x_wconf 93' lang='lat' dir='ltr'>eo</span> <span class='ocrx_word' id='word_1_259' title='bbox 847 2971 917 3045; x_wconf 84' lang='lat' dir='ltr'>plus</span> <span class='ocrx_word' id='word_1_260' title='bbox 932 2969 962 3027; x_wconf 94' lang='lat' dir='ltr'>in</span> <span class='ocrx_word' id='word_1_261' title='bbox 978 2986 1016 3030; x_wconf 88' lang='lat' dir='ltr'>cu</span> <span class='ocrx_word' id='word_1_262' title='bbox 1030 2986 1109 3045; x_wconf 84' lang='lat' dir='ltr'>quo·</span> 
     </span>
     <span class='ocr_line' id='line_1_34' title="bbox 132 3049 1107 3131; baseline 0.005 -22"><span class='ocrx_word' id='word_1_263' title='bbox 132 3064 198 3109; x_wconf 85' lang='lat' dir='ltr'>rum</span> <span class='ocrx_word' id='word_1_264' title='bbox 214 3065 274 3108; x_wconf 93' lang='lat' dir='ltr'>usu</span> <span class='ocrx_word' id='word_1_265' title='bbox 289 3049 413 3109; x_wconf 89' lang='lat' dir='ltr'>calleret</span> <span class='ocrx_word' id='word_1_266' title='bbox 426 3049 494 3123; x_wconf 89' lang='lat' dir='ltr'>spei</span> <span class='ocrx_word' id='word_1_267' title='bbox 508 3057 631 3124; x_wconf 89' lang='lat' dir='ltr'>nactus,</span> <span class='ocrx_word' id='word_1_268' title='bbox 653 3051 746 3111; x_wconf 88' lang='lat' dir='ltr'>breve</span> <span class='ocrx_word' id='word_1_269' title='bbox 763 3052 795 3113; x_wconf 91' lang='lat' dir='ltr'>id</span> <span class='ocrx_word' id='word_1_270' title='bbox 818 3059 950 3131; x_wconf 80' lang='lat' dir='ltr'>tyranno</span> <span class='ocrx_word' id='word_1_271' title='bbox 963 3053 1107 3128; x_wconf 81' lang='lat' dir='ltr'>gaudium</span> 
     </span>
     <span class='ocr_line' id='line_1_35' title="bbox 132 3131 563 3194; baseline 0 -4"><span class='ocrx_word' id='word_1_272' title='bbox 132 3147 167 3191; x_wconf 90' lang='lat' dir='ltr'>se</span> <span class='ocrx_word' id='word_1_273' title='bbox 181 3132 360 3193; x_wconf 79' lang='lat' dir='ltr'>effecturum</span> <span class='ocrx_word' id='word_1_274' title='bbox 374 3131 563 3194; x_wconf 88' lang='lat' dir='ltr'>adfirmabat.</span> 
     </span>
    </p>

    <p class='ocr_par' dir='ltr' id='par_1_5' title="bbox 132 3215 1109 3543">
     <span class='ocr_line' id='line_1_36' title="bbox 214 3215 1108 3298; baseline 0.003 -22"><span class='ocrx_word' id='word_1_275' title='bbox 214 3216 334 3276; x_wconf 83' lang='lat' dir='ltr'><strong>XXVII.</strong></span> <span class='ocrx_word' id='word_1_276' title='bbox 366 3215 547 3278; x_wconf 80' lang='lat' dir='ltr'>Nobiscum</span> <span class='ocrx_word' id='word_1_277' title='bbox 570 3220 773 3293; x_wconf 87' lang='lat' dir='ltr'>prosperare</span> <span class='ocrx_word' id='word_1_278' title='bbox 794 3220 905 3294; x_wconf 83' lang='lat' dir='ltr'>elatus,</span> <span class='ocrx_word' id='word_1_279' title='bbox 931 3228 994 3297; x_wconf 90' lang='lat' dir='ltr'>turn</span> <span class='ocrx_word' id='word_1_280' title='bbox 1019 3236 1108 3298; x_wconf 87' lang='lat' dir='ltr'>spem</span> 
     </span>
     <span class='ocr_line' id='line_1_37' title="bbox 132 3294 1109 3379; baseline 0.005 -23"><span class='ocrx_word' id='word_1_281' title='bbox 132 3294 222 3356; x_wconf 86' lang='lat' dir='ltr'>etiarn</span> <span class='ocrx_word' id='word_1_282' title='bbox 236 3298 320 3359; x_wconf 87' lang='lat' dir='ltr'>haud</span> <span class='ocrx_word' id='word_1_283' title='bbox 335 3299 458 3359; x_wconf 89' lang='lat' dir='ltr'>dubiam</span> <span class='ocrx_word' id='word_1_284' title='bbox 473 3308 580 3362; x_wconf 89' lang='lat' dir='ltr'>nactus</span> <span class='ocrx_word' id='word_1_285' title='bbox 601 3301 675 3360; x_wconf 88' lang='lat' dir='ltr'>nihil</span> <span class='ocrx_word' id='word_1_286' title='bbox 694 3302 754 3360; x_wconf 86' lang='lat' dir='ltr'>iam</span> <span class='ocrx_word' id='word_1_287' title='bbox 768 3318 787 3362; x_wconf 88' lang='lat' dir='ltr'>a</span> <span class='ocrx_word' id='word_1_288' title='bbox 801 3303 875 3376; x_wconf 82' lang='lat' dir='ltr'>mari</span> <span class='ocrx_word' id='word_1_289' title='bbox 891 3303 1016 3379; x_wconf 89' lang='lat' dir='ltr'>periculi</span> <span class='ocrx_word' id='word_1_290' title='bbox 1031 3305 1109 3376; x_wconf 87' lang='lat' dir='ltr'>lore,</span> 
     </span>
     <span class='ocr_line' id='line_1_38' title="bbox 132 3382 1107 3461; baseline 0.006 -23"><span class='ocrx_word' id='word_1_291' title='bbox 132 3386 163 3439; x_wconf 87' lang='lat' dir='ltr'>ct</span> <span class='ocrx_word' id='word_1_292' title='bbox 176 3385 337 3443; x_wconf 88' lang='lat' dir='ltr'>terrestres</span> <span class='ocrx_word' id='word_1_293' title='bbox 351 3383 452 3443; x_wconf 87' lang='lat' dir='ltr'>aditus</span> <span class='ocrx_word' id='word_1_294' title='bbox 468 3385 611 3444; x_wconf 86' lang='lat' dir='ltr'>claudere</span> <span class='ocrx_word' id='word_1_295' title='bbox 624 3391 798 3459; x_wconf 90' lang='lat' dir='ltr'>opportune</span> <span class='ocrx_word' id='word_1_296' title='bbox 819 3387 928 3461; x_wconf 91' lang='lat' dir='ltr'>positis</span> <span class='ocrx_word' id='word_1_297' title='bbox 943 3382 1107 3461; x_wconf 84' lang='lat' dir='ltr'>praesidiis</span> 
     </span>
     <span class='ocr_line' id='line_1_39' title="bbox 132 3463 1106 3543; baseline 0.006 -23"><span class='ocrx_word' id='word_1_298' title='bbox 132 3463 235 3524; x_wconf 85' lang='lat' dir='ltr'>voluit</span> <span class='ocrx_word' id='word_1_299' title='bbox 257 3466 345 3525; x_wconf 85' lang='lat' dir='ltr'>tertia</span> <span class='ocrx_word' id='word_1_300' title='bbox 359 3475 446 3541; x_wconf 88' lang='lat' dir='ltr'>parte</span> <span class='ocrx_word' id='word_1_301' title='bbox 460 3468 617 3542; x_wconf 88' lang='lat' dir='ltr'>copiarum</span> <span class='ocrx_word' id='word_1_302' title='bbox 632 3467 671 3526; x_wconf 87' lang='lat' dir='ltr'>ab</span> <span class='ocrx_word' id='word_1_303' title='bbox 685 3467 848 3529; x_wconf 89' lang='lat' dir='ltr'>obsidione</span> <span class='ocrx_word' id='word_1_304' title='bbox 857 3468 962 3543; x_wconf 77' lang='lat' dir='ltr'>Gytlrii</span> <span class='ocrx_word' id='word_1_305' title='bbox 975 3468 1106 3527; x_wconf 82' lang='lat' dir='ltr'>abducta</span> 
     </span>
    </p>
   </div>
   <div class='ocr_carea' id='block_1_5' title="bbox 0 0 1304 4000">
    <p class='ocr_par' dir='ltr' id='par_1_6' title="bbox 0 0 1304 4000">
     <span class='ocr_line' id='line_1_40' title="bbox 0 0 1304 4000; baseline 0 0"><span class='ocrx_word' id='word_1_306' title='bbox 0 0 1304 4000; x_wconf 95' lang='lat' dir='ltr'> </span> 
     </span>
    </p>
   </div>
  </div>
 </body>
</html>
