2600 4000
228 247 291 312 aro
354 247 470 310 arasa
483 205 644 308 mcxvru.
667 246 750 307 oar.
766 255 809 308 n.
823 255 867 308 aa.
889 253 926 319 [ι.
940 252 1086 319 uass]

226 405 260 461 ut
274 403 366 476 antea
378 410 501 471 semper
517 396 627 456 iactum
641 402 733 469 esset,
750 410 882 471 aequum
896 395 1073 458 censebant.
1099 396 1215 458 Petillii
1262 467 1268 474 ,

106 534 110 542 ,
226 481 415 544 nobilitatem
436 485 466 539 et
484 493 613 553 regnum
633 478 664 538 in
684 486 794 539 senatu
808 477 987 554 Scipionum
1007 479 1214 541 accusabant

229 568 259 626 L.
279 564 390 625 Furius
409 560 557 638 Purpurio
579 562 767 635 consularis,
791 562 842 638 qui
862 562 893 621 in
914 562 1021 622 decern
1042 559 1156 638 legatis
1180 563 1214 624 in

224 648 302 711 Asia
316 649 428 721 fuerat,
449 646 537 706 latius
553 645 724 720 rogandum
739 645 899 720 censebat,
914 661 975 716 non
992 657 1072 721 quac
1087 647 1128 706 ab
1144 646 1213 707 Αιι·

227 731 327 796 tiocho
341 730 433 791 modo
449 729 598 805 pecuniae
614 735 723 803 capue
737 729 846 803 forent,
862 730 918 796 sed
933 745 1013 803 quae
1025 729 1064 789 ab
1077 728 1147 789 aliis
1160 746 1212 790 re-

225 816 315 893 gibus
335 812 555 890 gentibusque,
578 813 629 873 cn.
643 812 788 873 Manlium
808 812 960 873 inimicum
982 812 1155 874 incessens.
1180 822 1212 876 et

226 902 256 961 L.
270 897 385 976 Scipio,
402 911 493 972 quem
504 897 602 972 magis
615 911 672 972 pro
684 911 719 958 sc
731 909 824 971 quam
834 896 985 957 adversus
996 898 1096 971 legem
1106 897 1226 958 dictu-—

226 1000 292 1046 rum
314 981 497 1058 apparebat,
519 980 682 1041 dissuasor
700 981 864 1055 processit.
900 979 927 1040 is
942 987 1158 1055 postmortem
1174 981 1209 1040 P.
1258 1036 1262 1043 .

228 1066 361 1132 Abicani
376 1063 486 1139 botris,
498 1063 554 1124 viri
569 1061 702 1126 omnium
717 1061 873 1125 fortissimi
888 1063 1119 1138 clarissimique,
1136 1080 1210 1126 eam

225 1156 362 1211 exortam
381 1148 571 1224 rogationem
591 1155 642 1209 est
661 1153 859 1224 conquestus.
890 1163 999 1223 parum
1013 1147 1093 1206 enim
1106 1145 1209 1208 fuisse

225 1249 284 1293 non
307 1232 424 1292 laudari
445 1247 501 1306 pro
515 1231 638 1293 Rostris
650 1232 682 1291 P.
697 1231 874 1292 Africanum
895 1236 1121 1306 postmortem,
1142 1231 1208 1291 nisi

225 1315 315 1376 etiam
334 1321 541 1375 accusaretur.
568 1322 608 1377 et
627 1315 892 1391 Carthaginienses
904 1313 1207 1376 exsilio'Hannibalis

225 1403 385 1460 contentos
405 1411 491 1457 essee
518 1400 667 1473 populum
680 1401 851 1461 Romanum
865 1414 905 1459 ne
918 1404 1016 1459 morte
1031 1398 1157 1473 quidem
1171 1397 1206 1457 P.

225 1479 379 1558 Scipionis
394 1480 548 1555 exsatiari,
563 1481 622 1542 nisi
636 1489 668 1543 et
682 1482 781 1559 ipsius
797 1483 877 1542 fama
886 1482 998 1558 sepulti
1012 1483 1166 1543 laceretur
1176 1490 1208 1543 et

226 1568 317 1629 buter
327 1564 462 1641 insuper,
478 1561 618 1625 accessio
630 1565 771 1639 invidiae,
788 1572 946 1627 mactetur.
967 1565 1007 1625 M.
1021 1566 1095 1628 Cato
1107 1564 1208 1627 suasit

225 1650 581 1734 rogationem-exstat
605 1648 702 1710 oratio
728 1648 857 1710 eiusde
882 1649 1024 1725 pecunia.
1037 1649 1119 1724 regis
1141 1651 1205 1709 Λιι-

225 1734 383 1807 tiochi-,
405 1739 436 1793 et
448 1732 610 1814 Mummios
631 1730 768 1794 tribunos
789 1732 967 1794 auctoritate
982 1732 1143 1807 deterruit,
1165 1748 1205 1792 ne

185 1811 189 1820 '
227 1819 467 1878 adversarentur
475 1816 636 1892 rogationi.
669 1816 890 1879 remittentibus
904 1832 977 1892 ergo
992 1816 1041 1877 his
1055 1817 1204 1877 interces·
1288 1845 1289 1876 1

226 1902 343 1963 sionem
368 1915 476 1962 omnes
497 1901 593 1962 tribus
613 1900 657 1962 uti
676 1903 840 1976 rogassent
858 1901 1023 1961 iusserunt.
1049 1899 1109 1959 LV.
1132 1893 1202 1960 Ser.

227 1982 362 2060 Sulpicio
385 1983 496 2045 deinde
510 1985 677 2058 referente,
701 2002 791 2061 quem
805 1984 964 2061 rogatione
978 1983 1095 2046 Petillia
1108 1999 1202 2060 quae-

226 2081 293 2128 rere
317 2067 449 2140 vellent,
471 2066 504 2142 Q.
524 2068 697 2130 Terentium
718 2069 893 2130 Culleonem
913 2076 1016 2143 patres
1037 2068 1204 2130 iusserunt

119 2215 123 2225 ,
225 2151 264 2212 od
279 2152 361 2212 hunc
375 2157 559 2227 praetorem,
581 2153 660 2214 adeo
675 2153 804 2213 amicum
820 2151 978 2213 Corneliae
992 2151 1141 2227 familiae,
1161 2160 1203 2227 ut,

226 2236 278 2311 qui
293 2236 409 2297 Romae
422 2241 574 2297 mortuum
589 2237 766 2311 elatumque
776 2235 807 2296 P.
824 2234 999 2312 Scipionem
1008 2265 1052 2276 -
1062 2241 1111 2297 est
1124 2236 1202 2296 enim

170 2384 173 2391 ,
226 2334 263 2380 ca
285 2334 410 2394 quoque
432 2319 711 2395 lama-tradunt,
732 2319 891 2393 piIeutum,
911 2318 991 2379 sicut
1004 2316 1034 2377 in
1050 2318 1202 2395 triumpho

226 2403 308 2476 ierat,
324 2400 476 2483 in-iunerc
493 2399 618 2477 quoque
632 2409 702 2463 ante
716 2404 827 2463 lectum
841 2402 904 2462 isse
918 2402 1083 2462 momoriae
1099 2403 1201 2480 prodi·

226 2485 338 2555 derint,
361 2492 392 2545 et
405 2487 444 2544 ad
468 2492 585 2560 portam
601 2485 764 2562 Capenam,
775 2487 905 2547 mulsum
923 2485 1095 2561 prosecutis
1109 2487 1204 2547 ianus

164 2644 167 2650 .
218 2566 365 2649 dedisse,
386 2568 473 2640 ‚qnod
488 2567 527 2627 ab
541 2583 578 2627 eo
594 2567 671 2628 inter
684 2567 761 2629 alios
777 2569 914 2644 captivos
930 2570 959 2628 in
974 2570 1080 2629 Africa
1095 2584 1133 2629 ex
1147 2569 1200 2631 ho·
1285 2592 1286 2599 ι

225 2648 322 2710 stibus
333 2653 475 2723 receptus
488 2655 586 2719 esset,
611 2658 663 2711 aut
677 2651 754 2713 adeo
767 2651 919 2713 inimicum
931 2654 1070 2726 eundem,
1086 2659 1121 2713 ut
1131 2669 1199 2729 pro·

226 2737 293 2806 pter
313 2730 462 2807 insignem
484 2730 666 2795 simultatem
687 2737 725 2797 ab
745 2752 783 2797 ea
803 2736 946 2811 factione,
970 2751 1051 2812 quae
1071 2736 1199 2807 adversa

226 2813 420 2891 Scipionibus
436 2825 508 2893 erat,
524 2817 661 2880 delectus
677 2818 717 2880 sit
731 2819 923 2896 potissimum
937 2823 977 2880 ad
992 2820 1199 2897 quaestionem

226 2901 429 2962 exercendam
439 2927 497 2973 -3
521 2908 664 2963 ceterum·
676 2904 716 2963 ad
734 2904 815 2964 hunc
829 2903 919 2965 nimis
933 2919 1064 2980 aequum
1080 2910 1133 2964 aut
1147 2903 1200 2963 ini-

227 2999 320 3057 quum
336 2991 507 3059 praetorem
521 2994 594 3047 reus
610 2988 762 3057 extemplo
778 2988 874 3048 iactus
886 2988 919 3046 L.
931 2985 1045 3063 Scipio.
1068 2988 1157 3047 simul
1171 2989 1201 3047 et
1276 3016 1285 3035 a

191 3104 195 3111 ⁴
227 3065 328 3127 delata
343 3075 373 3128 et
392 3076 518 3145 recepta
532 3070 655 3144 nomina
669 3072 833 3145 legatorum
852 3072 933 3143 eius,
954 3072 992 3132 A.
1010 3079 1041 3132 et
1053 3072 1086 3130 L.
1101 3071 1198 3130 Hosti-

227 3147 334 3210 liorum
353 3150 515 3227 Catonum,
537 3159 568 3213 et
582 3154 612 3214 C.
627 3154 709 3214 Furii
722 3155 890 3217 Aculeonis
910 3154 1099 3230 quaestoris,
1119 3160 1150 3213 et
1168 3163 1200 3214 ut

227 3232 328 3294 omnia
354 3241 492 3297 contacta
517 3236 663 3297 societate
688 3241 845 3314 peculatus
866 3236 1056 3311 viderentur,
1083 3237 1200 3298 scribae

228 3333 351 3393 quoque
366 3317 426 3379 duo
442 3326 472 3380 et
486 3334 647 3385 accensus.
668 3321 700 3381 L.
714 3323 862 3383 Hostilius
877 3328 907 3383 et
922 3323 1042 3383 scribae
1055 3327 1198 3381 etaccen·

227 3414 290 3474 sus,
308 3401 486 3478 priusquam
502 3403 541 3464 da
552 3402 697 3481 Scipione
712 3406 854 3467 indicium
867 3408 962 3481 lieret,
978 3404 1110 3468 absoluti
1122 3410 1199 3477 sunt,

149 3532 154 3540 .
184 3487 186 3493 ’
227 3480 331 3560 Scipio
352 3493 383 3546 ct
396 3487 432 3546 A.
447 3488 593 3551 Hostilius
614 3490 731 3565 legatus
747 3489 822 3550 et'c.
836 3489 946 3551 Furius
967 3488 1115 3550 damnatis
1138 3503 1198 3563 quo
