2600 4000
199 197 262 263 cto
359 195 479 257 traua
492 195 641 257 xxxva.
664 195 747 255 aar.
764 205 806 258 11.
826 194 864 272 [a.
877 199 910 252 υ.
923 196 1023 275 ssa]

199 349 338 430 gnesiam
359 348 412 422 [ad
427 346 582 426 Sipylum]
598 346 742 421 missum,
764 361 940 422 perpaucas
956 362 1051 407 naves
1066 346 1192 408 subdu·

200 443 265 498 ctas
280 448 353 495 esse
368 438 399 492 et
412 431 533 493 navalia
545 430 615 505 tegi,
632 446 798 507 numquam
812 429 956 490 intentius
967 444 1033 490 rem
1043 431 1192 490 navalem

200 515 440 581 administratam
454 529 536 576 esse.
557 515 635 575 haec
648 529 687 573 ne
699 530 756 589 pro
767 515 850 574 veris
861 511 1048 585 audirentur,
1065 513 1191 574 animus

200 617 305 664 errore
318 609 349 662 et
362 616 421 677 spe
433 615 514 659 vana
529 604 774 674 praeoccupatus
789 598 868 659 lecit.
890 597 1099 676 Polyxenidas
1109 598 1190 658 satis

201 687 343 750 omnibus
360 683 560 760 comparatis,
581 688 674 743 nocte
687 680 804 756 remige
817 698 837 740 a
850 680 1011 756 Magnesia
1024 682 1190 756 arcessito,

201 770 406 845 deductisque
425 769 536 843 raptim
557 782 637 842 quae
657 764 828 826 subductae
845 771 933 826 erant
946 764 1093 840 navibus,
1116 781 1188 826 curn

201 855 280 915 diem
296 870 359 916 non
373 859 435 913 tam
448 851 479 911 in
497 858 649 928 apparatu
662 848 891 924 absumpsisset
905 866 998 926 quam
1013 850 1098 926 quod
1112 863 1189 910 con·

201 937 280 1015 spici
294 936 542 1014 proticiscentem
555 936 689 995 classem
702 933 840 1006 nolebat,
861 941 934 1008 post
947 933 1024 994 solis
1039 948 1190 994 occasum

202 1022 360 1099 prolectas
373 1019 568 1095 septuaginta
581 1019 711 1079 navibus
727 1017 830 1091 tectis,
846 1025 939 1079 vento
954 1018 1099 1093 adverso,
1115 1025 1189 1079 ante

202 1106 300 1165 lucem
313 1103 430 1180 Pygela
443 1110 565 1178 portum
580 1102 685 1165 tenuit.
713 1099 755 1162 ibi
770 1116 840 1162 cum
854 1101 986 1163 interdiu
1000 1102 1041 1164 ob
1055 1099 1190 1162 eandem

202 1203 328 1249 causam
343 1187 489 1262 quiesset,
505 1194 595 1249 nocte
610 1189 640 1247 in
655 1185 798 1262 proxima
808 1183 930 1246 Samiae
943 1191 1044 1245 terrae
1056 1184 1183 1246 uaiecit

201 1271 273 1332 hinc
285 1270 439 1332 Nicandro
455 1271 589 1345 quodam
603 1269 788 1346 archipirata
802 1270 938 1346 quinque
952 1269 1082 1329 navibus
1096 1269 1187 1331 tectis

201 1354 376 1415 Palinurum
394 1355 480 1415 iusso
495 1363 615 1429 petere,
636 1361 728 1430 atque
744 1354 815 1414 inde
831 1360 980 1429 armatos,
1002 1370 1064 1428 qua
1080 1352 1174 1428 proxi

201 1454 284 1499 mum
298 1453 355 1518 per
368 1452 461 1513 agros
475 1437 533 1498 iter
548 1446 640 1511 essct,
653 1437 859 1498 Panhormum
872 1437 913 1497 ad
924 1444 1043 1516 tergum
1050 1437 1187 1498 hostiurn

201 1523 331 1597 ducere,
352 1521 422 1597 ipse
442 1519 560 1582 interim
580 1523 682 1583 classe
705 1521 820 1597 divisa,
841 1529 875 1583 ut
895 1536 935 1582 ex
953 1527 1084 1597 utraque
1098 1529 1187 1597 parte

202 1608 308 1668 lauces
336 1614 444 1681 portus
472 1612 604 1680 teneret,
631 1604 836 1666 Panhormum
860 1605 944 1681 petit
978 1605 1189 1667 Pausistratus

202 1692 317 1768 primo,
339 1690 421 1751 utin
441 1705 477 1751 re
495 1690 694 1764 necopinata,
714 1689 855 1750 turbatus
870 1705 1051 1765 parumper,
1072 1688 1188 1749 deindo
1292 1723 1293 1762 i

202 1782 291 1836 vetus
311 1772 400 1835 miles
422 1773 561 1837 celeriter
580 1775 710 1835 collecto
725 1772 842 1848 animo,
865 1780 947 1835 terra
961 1774 1072 1834 melius
1088 1772 1187 1833 arceri

204 1875 296 1935 quam
310 1860 386 1918 mari
395 1858 503 1920 hostes
515 1873 611 1934 posse
621 1865 717 1932 ratus,
733 1863 865 1919 armatos
878 1858 1001 1919 duobus
1013 1856 1186 1933 agminibus

202 1943 242 2003 ad
263 1942 489 2018 promunturia,
511 1958 592 2019 quac
614 1940 759 2004 cornibus
781 1942 909 2004 obiectis
930 1941 969 2002 ab
987 1942 1047 2003 alto
1062 1947 1186 2018 portum
1291 1999 1292 2003 ,

202 2026 331 2100 iaciunt,
354 2026 451 2101 ducit,
473 2027 545 2087 inde
564 2027 654 2088 lacite
673 2027 742 2088 telis
763 2027 946 2102 ancipitibus
967 2026 1088 2087 bostem
1104 2041 1186 2086 sum·

201 2116 349 2171 moturus.
381 2110 413 2172 id
433 2110 587 2188 inceptum
607 2112 677 2173 eius
690 2109 843 2172 Nicander
863 2127 882 2170 a
902 2116 984 2171 terra
1005 2111 1092 2171 visus
1117 2125 1187 2171 cum

201 2193 370 2267 turbasset,
398 2201 527 2271 repente
554 2201 670 2256 mumto
697 2194 825 2257 consilio
850 2210 946 2255 naves
974 2193 1188 2255 conscendere

202 2278 302 2340 omnis
323 2276 415 2340 iubet
448 2284 511 2339 tum
528 2293 602 2339 vero
616 2278 725 2355 ingens
741 2278 853 2355 pariter
869 2278 995 2339 militum
1009 2286 1186 2339 nautarum·

206 2378 264 2438 que
285 2363 447 2439 trepidatio
469 2370 550 2435 orta,
571 2369 602 2423 et
620 2365 705 2423 velut
717 2364 791 2438 luga
804 2362 835 2422 in
851 2377 947 2422 naves
962 2363 1041 2437 lieri,
1065 2377 1136 2422 cum
1151 2377 1188 2423 se

201 2446 278 2505 mari
291 2453 434 2520 terraque
449 2443 538 2506 simul
553 2452 714 2504 cernerent
724 2446 956 2507 circumventos.
978 2446 1186 2507 Pausistratus

203 2542 294 2588 unam
308 2528 390 2587 viam
411 2528 518 2587 salutis
539 2542 611 2587 esse
632 2534 733 2603 ratus,
755 2528 782 2589 si
801 2529 863 2590 vim
884 2529 986 2591 iacere
1007 2545 1063 2605 per
1077 2529 1186 2590 lauces
1291 2560 1292 2615 ζ

201 2614 311 2687 portus
323 2615 416 2684 atquc
427 2623 589 2685 erumpere
600 2611 631 2671 in
642 2627 727 2672 mare
738 2619 876 2688 apertum
887 2622 1005 2688 posset,
1017 2619 1186 2690 postquam
1291 2618 1292 2625 ’

203 2691 425 2753 conscendisse
440 2708 516 2753 suos
530 2693 614 2770 vidit,
630 2695 720 2771 sequi
732 2696 842 2758 ceteris
853 2697 947 2758 iussis
959 2695 1103 2773 princeps
1115 2696 1187 2771 lpse

202 2777 353 2837 concitata
371 2793 451 2838 nave
470 2777 564 2840 remis
586 2779 625 2840 ad
640 2779 752 2841 ostium
771 2788 880 2856 portus
895 2782 1000 2843 tendit.
1034 2795 1186 2857 superan-

201 2867 262 2921 tem
281 2860 340 2920 iam
361 2861 467 2924 lauces
488 2876 598 2923 navem
612 2863 679 2925 eius
696 2862 905 2942 Polyxenidas
919 2864 1016 2926 tribus
1033 2865 1185 2941 quinque-

201 2943 335 3006 remibus
352 2944 556 3011 circumsistit.
579 2947 668 3008 navis
682 2948 792 3010 rostris
804 2949 865 3010 icta
876 2949 1091 3027 supprimam
1114 2948 1185 3009 telis
1290 2986 1291 3003 ,

202 3027 372 3090 obruuntur
393 3038 653 3107 propugnatores,
676 3032 754 3093 inter
769 3047 848 3107 quos
863 3039 893 3093 et
906 3031 1113 3093 Pausistratus
1127 3031 1185 3092 im·
1290 3090 1291 3093 ,

201 3111 289 3188 pigre
309 3129 451 3188 pugnans
472 3115 657 3177 interficitur.
689 3115 811 3178 navium
825 3116 1012 3192 reliquarum
1026 3124 1096 3177 ante
1111 3131 1185 3191 por-

203 3205 264 3257 tum
279 3196 366 3270 aliae,
382 3198 459 3260 aliae
471 3199 501 3259 in
513 3207 605 3274 portu
615 3200 804 3274 deprensam
828 3201 979 3276 quaedam
991 3216 1009 3260 a
1019 3199 1185 3275 Nicandro,
1290 3226 1291 3229 ¹

201 3279 274 3341 dum
288 3277 452 3343 moliuntur
466 3288 592 3356 eterra,
609 3291 727 3358 captae.
763 3285 900 3361 quinque
914 3291 1028 3345 tanturn
1043 3282 1186 3345 Rhodiae

167 3383 178 3402 ·
201 3378 297 3425 nares
319 3380 389 3426 curn
410 3365 529 3428 duabus
544 3366 615 3429 Cois
631 3367 819 3443 effugerunt,
839 3376 957 3430 terrore
970 3368 1114 3428 flammae
1127 3367 1190 3427 ml-

201 3446 299 3509 cantis
317 3447 369 3509 via
388 3446 446 3509 sibi
467 3449 545 3511 inter
568 3453 722 3540 consertas
743 3467 839 3512 naves
858 3452 954 3513 lacta:
987 3450 1086 3513 contis
1100 3450 1183 3512 eninr
