2600 4000
300 238 416 300 usna
429 237 563 299 mcxvi.
587 238 669 299 cnr.
684 246 786 300 mco.
808 239 844 315 [a.
859 243 892 297 c.
908 239 968 315 m]
1062 236 1125 299 atr

145 387 300 449 Nicander
320 401 358 447 eo
374 387 444 462 ipso
464 392 604 462 tempore
619 388 658 447 ab
672 404 745 463 rege
760 387 912 449 Antiocho
927 389 1056 448 veniens
1070 387 1123 449 irn-

147 471 242 548 plevit
255 469 486 545 exspectatione
501 486 581 531 vana
595 470 825 546 multitudinem,
840 479 921 532 terra
930 473 1068 547 marique
1082 473 1126 531 in·

146 571 225 630 gens
236 551 471 630 pararibellum.
493 554 688 615 duodecumo
700 554 727 615 is
738 554 789 614 die
801 571 893 630 quam
904 556 1145 616 conscenderat

148 653 269 708 navem,
288 636 319 695 in
333 635 487 697 Aetoliam
501 639 638 712 perlecta
651 636 804 713 legatione
817 637 941 698 rediens
954 637 1082 698 Phalara
1095 638 1125 697 in

147 720 219 783 sinu
232 720 360 780 Maliaco
381 720 485 781 tenuit.
518 720 590 781 inde
603 720 741 781 Lamiam
761 720 923 796 pecuniam
943 738 1012 783 cum
1033 721 1123 782 deve·

144 803 260 879 xissct,
280 802 349 878 ipse
370 819 439 863 cum
460 803 613 880 expeditis
630 804 729 880 prima
744 821 876 880 vespera
889 805 968 864 inter
981 804 1122 865 Macedo-

146 904 219 947 num
233 889 435 962 Romanaque
449 896 551 948 castra
564 887 666 948 medio
682 902 772 962 agro,
787 888 860 948 dum
874 888 1027 965 Hypatam
1043 886 1121 950 notis

147 969 276 1031 callibus
291 970 374 1045 petit
390 970 420 1030 in
435 972 597 1032 stationem
611 970 718 1032 incidit
730 970 943 1044 Macedonum,
959 971 1125 1032 deductus·

147 1071 207 1130 que
228 1055 269 1115 ad
287 1069 393 1129 regem
413 1063 462 1116 est
481 1055 617 1116 nondum
637 1053 781 1115 convivio
802 1053 939 1115 dimisso.
974 1054 1058 1130 quod
1073 1051 1127 1114 ubi

147 1137 316 1199 nuntiatum
336 1145 398 1211 est,
419 1139 503 1199 velut
515 1137 664 1213 hospitis,
685 1155 747 1200 non
761 1137 861 1198 hostis
875 1138 1010 1199 adventu
1023 1147 1126 1199 motus

146 1221 306 1296 Philippus
320 1220 502 1282 accumbere
516 1238 587 1283 eum
601 1221 781 1297 epularique
795 1222 928 1295 iussum,
946 1231 1040 1297 atque
1054 1220 1126 1281 inde

146 1303 283 1365 dimissis
297 1303 366 1365 aliis
381 1307 481 1366 solum
496 1314 656 1379 retentum,
671 1305 772 1381 ipsum
785 1305 910 1381 quidem
921 1305 961 1366 de
972 1322 1007 1366 se
1019 1306 1127 1366 timere

147 1387 312 1464 quicquam
328 1388 430 1459 vetuit
445 1391 626 1450 Aetolorum
639 1405 736 1465 prava
750 1388 880 1450 consilia
894 1399 987 1464 atque
998 1390 1027 1449 in
1039 1389 1125 1464 ipso·

145 1488 213 1532 rum
228 1478 322 1547 caput
341 1487 465 1548 semper
477 1473 643 1533 recidentia
658 1472 829 1546 accusavit,
853 1473 905 1549 qui
920 1473 1051 1548 primum
1064 1473 1126 1533 Ro-

146 1572 271 1630 manos,
292 1556 404 1617 deinde
417 1556 603 1618 Antiochum
617 1556 647 1616 in
664 1557 821 1618 Graeciam
835 1557 1047 1617 adduxissent
1069 1555 1126 1616 sed

146 1640 391 1715 praeteritorum,
414 1656 494 1715 quae
507 1642 606 1717 magis
620 1640 805 1717 reprehendi
821 1655 913 1715 quam
927 1639 1038 1713 corrigi
1052 1654 1125 1713 pos·

147 1723 221 1795 sint,
243 1722 369 1785 oblitum
389 1740 424 1785 se
438 1741 501 1787 non
522 1725 672 1787 iacturum
690 1731 724 1785 ut
736 1724 861 1784 insultet
874 1721 1015 1781 adversis
1030 1722 1125 1782 rebus

146 1822 262 1867 eorum.
295 1810 425 1869 Aetolos
448 1826 573 1885 quoque
593 1807 682 1868 linire
698 1806 822 1867 tandem
836 1805 988 1865 adversus
1004 1821 1039 1867 se
1055 1805 1126 1867 odiu

146 1891 274 1963 debere,
296 1898 327 1951 et
340 1890 524 1951 Nicandrum
537 1891 680 1966 privatim
694 1889 761 1949 eius
776 1886 852 1961 diei,
874 1905 936 1964 quo
952 1897 1093 1950 servatus
1107 1904 1125 1949 a

146 1989 182 2034 se
202 1973 297 2046 toret,
318 1972 504 2034 meminisse.
539 1974 581 2034 ita
601 1972 681 2035 datis
702 1970 754 2048 qui
775 1969 805 2030 in
822 1979 919 2035 tutum
934 1989 1003 2033 eum
1016 1987 1123 2049 prose-

147 2062 324 2131 querentur,
334 2056 488 2133 Hypatam
498 2056 651 2116 Nicander
666 2055 908 2117 consultantibus
923 2058 962 2118 de
978 2073 1054 2132 pace
1063 2057 1124 2117 Ro·

146 2154 237 2198 mana
250 2137 438 2212 supervenit.

230 2220 321 2282 XXX.
342 2221 392 2280 Μ’.
413 2220 531 2281 Acilius
550 2220 675 2282 vendita
696 2232 748 2283 aut
768 2237 919 2284 concessa
939 2221 1026 2283 militi
1045 2223 1126 2282 circa

146 2307 325 2368 Heracleam
340 2305 464 2380 praeda,
481 2312 646 2381 postquam
657 2322 714 2366 nec
724 2307 867 2384 Hypatae
877 2314 987 2382 pacata
999 2305 1126 2366 consilia

146 2405 233 2462 esse,
254 2398 284 2450 et
299 2389 491 2463 Naupactum
511 2391 707 2450 concurrisse
727 2392 871 2465 Aetolos,
891 2399 926 2451 ut
944 2389 1016 2449 inde
1030 2396 1127 2450 totum

146 2472 292 2549 impetum
306 2473 378 2534 belli
392 2472 587 2547 sustinerent,
602 2473 728 2547 audivit,
743 2475 914 2549 praemisso
924 2475 986 2548 Ap.
999 2473 1125 2535 Claudio

144 2574 217 2618 cum
238 2565 380 2634 quattuor
399 2557 522 2618 milibus
541 2558 668 2618 militum
688 2558 728 2618 ad
748 2559 932 2634 occupanda
951 2557 1037 2632 iuga,
1065 2573 1127 2633 qua

146 2640 289 2703 difficiles
311 2639 458 2702 transitus
478 2643 625 2702 montium
646 2651 746 2714 erant,
769 2643 837 2719 ipse
853 2642 957 2703 Oetam
978 2641 1127 2715 escendit,

146 2725 332 2797 Herculique
343 2722 527 2784 sacrificium
539 2724 610 2785 lecit
620 2726 651 2785 in
664 2742 702 2786 co
714 2726 793 2799 loco,
806 2743 896 2801 quem
907 2726 1027 2803 Pyram,
1041 2726 1125 2800 quod

147 2806 189 2866 ibi
202 2808 330 2867 mortale
345 2822 458 2881 corpus
474 2807 540 2869 eius
555 2807 605 2867 dei
620 2807 660 2868 sit
674 2818 849 2883 crematum,
864 2810 1029 2885 appeNant.
1054 2808 1126 2869 inde

147 2898 211 2951 toto
232 2889 370 2951 exercitu
390 2892 548 2965 protectus
569 2890 720 2967 reliquum
740 2892 797 2952 iter
817 2892 892 2953 satis
913 2892 1057 2968 expedito
1073 2909 1126 2966 ag·

146 2975 229 3034 naine
248 2975 329 3035 iecit
360 2982 394 3036 ut
407 2974 449 3035 ad
463 2975 608 3035 coracem
629 2984 677 3035 est
690 2984 812 3035 ventum
823 3007 867 3019 -
877 2991 967 3036 mons
982 2985 1030 3036 est
1043 2976 1126 3036 altis·

146 3061 243 3120 simus
268 3058 347 3119 inter
366 3057 525 3133 callipolin
547 3067 577 3120 et
595 3058 852 3134 Naupactum-,
877 3059 918 3120 ibi
943 3068 973 3119 et
993 3062 1125 3121 iumenta

147 3145 241 3204 mirlta
260 3158 302 3203 ex
322 3142 442 3217 agmine
463 3143 661 3219 praecipitata
676 3158 745 3204 cum
759 3142 836 3219 ipsis
851 3143 996 3204 oneribus
1011 3151 1083 3204 sunt
1097 3154 1127 3204 et

148 3227 288 3286 homines
301 3225 413 3287 vexati.
433 3235 464 3285 et
474 3226 562 3287 lacile
573 3227 743 3303 apparebat
754 3243 845 3302 quam
857 3244 926 3289 cum
937 3227 1025 3288 inerti
1037 3227 1127 3289 hoste

149 3325 200 3369 res
214 3317 313 3380 esset,
335 3310 388 3386 qui
408 3319 470 3373 tam
483 3309 662 3386 impeditum
677 3311 787 3372 saltum
801 3310 887 3373 nullo
901 3310 1073 3388 praesidio,
1093 3319 1128 3370 ιιι

149 3392 304 3454 clauderet
317 3394 485 3466 transitum,
501 3394 677 3454 insedisset.
696 3402 760 3455 tum
775 3412 901 3471 quoque
915 3404 1027 3455 vexato
1039 3408 1125 3453 exer·

150 3475 211 3535 citu
231 3476 272 3535 ad
288 3476 478 3557 Naupactum
499 3476 674 3550 descendit,
697 3487 727 3538 et
745 3495 806 3539 uno
827 3481 954 3539 casteNo
975 3477 1127 3537 adversus
