2600 4000
310 232 555 295 curamur.
577 232 949 320 amaranchini
1065 238 1109 307 aa
1142 213 1145 218 ’
1195 331 1198 336 ¹

131 392 162 451 in
175 388 317 461 Euboea,
339 383 517 448 Corinthum
530 382 562 446 in
575 384 694 447 Achaia
713 403 769 448 rex
784 395 916 463 teneret,
937 407 999 452 non
1013 409 1111 468 posse

130 472 257 533 liberam
271 469 431 530 Graeciam
452 484 539 542 esse,
562 477 593 530 ct
611 471 715 545 ipsum
729 470 902 547 Philippum
921 490 983 535 non
1004 484 1095 543 contu

129 553 288 615 mehosirrs
305 568 396 627 quam
410 553 513 614 verius
530 554 697 629 compedes
712 569 766 614 eas
783 555 930 617 Graeciae
943 560 1106 633 appellare

130 637 221 714 legati
240 636 352 697 deinde
368 636 450 712 regis
470 635 653 707 Intromissi3
675 638 788 714 quibus
805 639 974 714 longiorem
989 646 1110 704 exorsis

128 722 296 783 orationem
309 719 414 782 brevis
428 719 641 796 interrogatio,
664 737 852 784 cessurusne
865 722 903 783 iis
917 723 1014 786 tribus
1028 726 1110 786 urbi-

130 806 188 867 bus
200 812 294 880 esset,
306 819 480 865 sermonem
490 804 604 881 incidit,
617 820 687 867 cum
698 806 831 867 mandati
842 806 901 867 sibi
912 807 952 868 de
963 808 1001 869 iis
1014 809 1110 871 nomi·

128 889 220 950 natirn
239 895 389 965 negarent
405 888 578 964 quicquam.
613 889 659 950 sic
673 889 785 952 inlecta
798 905 876 965 pace
890 890 966 967 regii
981 891 1109 968 dimissi,

128 972 267 1047 Quinctio
282 973 411 1042 liberum
422 971 578 1034 arbitrium
588 973 675 1048 pacis
687 989 723 1034 ac
733 974 804 1035 belli
814 973 1009 1050 permissum.
1025 977 1110 1052 quod

130 1063 161 1118 ol
174 1056 250 1117 satis
265 1056 410 1132 apparuit
422 1072 484 1117 non
500 1057 624 1119 medere
638 1057 710 1118 belli
725 1065 871 1132 senatum,
888 1065 918 1120 et
932 1059 1001 1135 ipse
1014 1059 1109 1121 victo-

126 1141 191 1201 riae
206 1156 298 1216 quam
311 1140 397 1216 pacis
409 1140 527 1202 avidior
537 1156 640 1217 neque
651 1142 836 1219 colloquium
847 1149 958 1220 postea
967 1140 1108 1222 Philippo

127 1224 224 1299 dedit,
246 1239 349 1300 neque
362 1222 545 1299 legationem
558 1225 663 1299 eham,
685 1242 777 1302 quam
792 1244 871 1304 quac
885 1229 967 1290 omni
982 1230 1109 1291 Graecia

127 1308 236 1369 decedi
250 1307 409 1381 nuntiaret,
424 1307 630 1371 admissurum
645 1308 730 1370 dixit.

211 1391 372 1451 XXXVIII.
392 1389 552 1468 Philippus
574 1407 643 1454 cum
664 1392 730 1454 acie
747 1394 977 1457 decernendum
990 1397 1109 1458 videret

128 1478 160 1534 et
172 1474 308 1549 undique
322 1475 361 1536 ad
375 1491 412 1537 se
425 1475 649 1539 contrahendas
663 1477 757 1553 vires,
771 1479 903 1540 maxime
917 1480 957 1540 de
970 1479 1108 1542 Achaiae

128 1556 273 1632 urbibus,
294 1558 427 1633 regionis
442 1560 481 1620 ab
496 1577 531 1622 se
545 1560 702 1637 diversae,
724 1569 755 1623 et
768 1564 867 1637 magis
881 1571 981 1625 tamen
997 1563 1037 1623 de
1049 1564 1107 1623 Ar·

126 1641 176 1716 gis
201 1657 292 1716 quam
311 1642 351 1702 de
370 1643 513 1707 corintho
534 1645 700 1719 sollicitus,
727 1644 876 1721 optimum
894 1653 978 1707 ratus
998 1646 1108 1707 Nabidi

126 1740 194 1785 eam
212 1724 525 1794 Lacedaemoniorum
548 1734 681 1807 tyranno
706 1731 791 1790 velut
810 1729 1002 1790 fiduciariam
1023 1729 1106 1804 dare,

124 1815 158 1869 ut
171 1808 278 1870 victori
296 1810 356 1871 sibl
370 1812 556 1886 restitueret,
578 1813 608 1873 si
622 1813 697 1888 quid
711 1812 835 1874 adversi
849 1812 1024 1887 accidisset,
1038 1811 1107 1887 ipse

124 1891 258 1969 haberet,
272 1892 415 1970 Philocli,
430 1896 482 1970 qui
498 1896 639 1957 corintho
654 1897 810 1971 Argisque
826 1903 975 1973 praeerat,
991 1896 1106 1970 scribit

125 1983 158 2038 ut
169 1981 331 2056 iwannum
343 1974 412 2053 ipse
424 1978 608 2041 convenIret.
623 1979 784 2055 Philocles,
792 1987 1008 2058 praeterquam
1021 1980 1105 2055 quod

124 2060 185 2121 iam
198 2061 344 2122 veniebat
358 2076 426 2121 cum
440 2077 582 2136 munere,
602 2062 709 2137 adicit,
723 2065 765 2125 ad
778 2065 891 2139 pignus
906 2067 1026 2126 futurae
1039 2064 1104 2139 regi

122 2159 193 2205 cum
205 2149 339 2219 tyranno
354 2142 503 2204 amicitiae
517 2143 596 2203 filias
612 2159 687 2204 suas
700 2160 805 2220 regem
815 2146 942 2207 Nabidis
957 2148 1027 2207 liliis
1041 2162 1104 2205 ma·

122 2226 269 2287 trimonio
291 2221 478 2300 coniungere
492 2226 580 2286 velle.
612 2233 764 2303 tyrannus
779 2227 878 2302 primo
892 2244 1005 2302 negare
1020 2228 1106 2288 aliter

122 2308 232 2371 orbem
253 2323 321 2369 earn
337 2322 373 2369 se
392 2309 606 2386 accepturum,
627 2308 687 2369 nisi
700 2310 885 2385 Argivorum
898 2313 1037 2387 ipsorum
1052 2311 1102 2372 de·

120 2400 206 2455 creto
226 2392 393 2455 arcessitus
414 2394 455 2454 od
476 2393 622 2456 auxilitim
641 2393 727 2454 urbis
749 2400 848 2455 essen
873 2395 986 2456 deinde
998 2402 1032 2455 ut
1046 2396 1102 2455 lie

120 2476 227 2552 quenti
252 2475 395 2538 contione
419 2494 481 2540 non
507 2483 690 2554 aspernatos
714 2479 807 2541 modo
834 2479 892 2539 sed
912 2478 1104 2541 abomInotos

119 2558 211 2622 etiam
236 2576 348 2623 nornen
371 2562 493 2639 tyranni
513 2562 643 2637 audivit,
671 2577 796 2624 causam
816 2578 852 2624 se
873 2563 1026 2639 spoliandi
1047 2578 1103 2626 eoa

119 2650 243 2707 nocturn
262 2649 363 2719 ratus,
385 2646 507 2707 tradere
527 2647 580 2708 ubi
599 2647 692 2708 vellet
704 2647 811 2708 urbem
824 2646 990 2709 Philoclem
1004 2645 1102 2709 iussit

119 2734 211 2789 nocte
231 2727 345 2805 ignaris
367 2728 508 2791 omnibus
530 2736 679 2807 acceptus
693 2730 724 2789 in
738 2731 846 2792 urbem
866 2738 915 2792 est
934 2738 1101 2809 tyrannum

120 2812 219 2889 prima
228 2810 297 2873 luce
308 2820 461 2889 occupem
471 2815 573 2875 omnia
582 2814 745 2890 superiora
754 2816 824 2875 loca
834 2820 1006 2891 portaeque
1018 2816 1100 2876 clau-

120 2910 185 2957 sae.
212 2895 320 2971 paucis
341 2896 525 2972 principium
548 2898 627 2958 inter
647 2896 775 2971 primum
796 2900 955 2960 tumultum
975 2898 1100 2973 elapsis,

117 2993 227 3040 eorum
241 2979 414 3041 absentium
434 2980 573 3056 direptae
584 2983 739 3052 fortunae;
764 2981 978 3056 praesentibus
993 2997 1100 3044 aurum

118 3067 213 3138 atque
238 3069 397 3138 argentum
418 3065 566 3139 ablatum,
592 3062 743 3142 pecunIae
763 3064 931 3140 imperatae
950 3065 1100 3141 ingentes.

119 3145 172 3220 qui
191 3161 255 3207 non
276 3153 454 3208 cunctanter
468 3150 639 3224 contulere,
660 3148 727 3209 sine
742 3148 927 3209 contumelia
940 3157 971 3209 et
983 3150 1098 3210 lacera-

112 3228 202 3289 tione
217 3244 381 3305 corporum
402 3230 537 3303 dimissi;
560 3249 638 3309 quos
654 3233 797 3295 occidere
811 3237 863 3292 aut
875 3232 1030 3294 retrahere
1044 3231 1099 3292 ali·

117 3310 194 3388 quid
215 3314 352 3389 suspicio
368 3315 436 3387 luit,
458 3316 489 3377 in
503 3317 645 3378 servilem
660 3316 785 3377 modum
799 3315 924 3378 lacerati
939 3325 1031 3389 atque
1044 3330 1100 3375 en-

116 3396 197 3457 torti.
230 3398 373 3460 contione
401 3399 474 3460 iude
501 3402 652 3463 advocata
678 3400 869 3475 rogationem
896 3397 1101 3474 promulgavit

115 3495 210 3542 unam
223 3478 263 3541 de
278 3480 389 3544 obuia
404 3484 502 3559 novIs,
518 3487 643 3546 alteram
653 3482 694 3545 de
707 3498 783 3559 agro
795 3481 906 3544 dmum
921 3480 1088 3541 dividendo

159 3580 187 3623 r.
200 3578 263 3623 trvr
276 3579 353 3627 rius
368 3567 421 3626 IV.
871 3572 889 3623 ⁶
934 3598 938 3605 ⁴
