2600 4000
258 263 388 325 xLIBER
401 262 548 323 XXXVII.
570 260 653 322 cAP.
667 269 695 324 3.
708 269 735 324 4.
758 268 795 336 [a.
808 269 841 321 0.
855 266 917 335 190]
1023 261 1089 326 263

106 415 198 478 nonis
212 413 345 475 Lucinae
360 416 506 488 templum
524 413 564 473 de
586 412 672 472 caelo
693 417 807 472 tactum
827 417 893 471 erat
911 411 967 484 ite,
988 421 1021 474 ut
1041 413 1085 472 la·

106 499 230 574 stigium
243 498 414 578 valvaeque
429 498 681 557 deformarentur.
703 494 838 555 Puteolis
852 494 991 569 pluribus
1008 495 1085 556 locis

106 598 213 644 murus
234 588 265 642 et
287 587 377 656 porta
396 579 521 641 fulmine
542 580 602 640 icta
622 586 653 640 et
673 579 735 639 duo
757 577 896 639 homines
913 577 1085 638 exanimati.

106 666 236 727 Nursiae
248 679 358 725 sereno
370 665 445 726 satis
458 663 618 723 constabat
630 661 765 723 nimbum
777 669 891 731 ortum,
907 660 948 721 ibi
960 677 1085 737 qaoque

7 783 8 816 t
109 750 187 811 duos
201 748 315 809 liberos
327 747 467 809 homines
482 746 682 807 exanimatos.
702 752 785 807 terra
798 746 882 820 apud
896 759 932 805 se
945 745 1085 819 pluvisse

7 821 8 848 ¹
108 832 270 894 Tusculani
284 831 477 906 nuntiabant,
499 837 529 891 et
541 829 662 891 Reatini
683 830 795 890 mulam
814 828 846 888 in
868 844 942 904 agro
958 844 1015 890 suo
1031 845 1084 904 pe-

108 916 236 992 perisse.
258 931 296 976 ea
310 922 480 989 procurata,
496 913 683 989 Latinaeque
698 915 893 985 instauratae,
910 914 993 988 quod
1007 913 1083 974 Lau-

107 1000 242 1059 rentibus
258 997 374 1073 carnis,
397 1013 476 1074 quae
496 997 562 1057 dari
582 997 689 1072 debet,
712 997 784 1057 data
802 1012 864 1058 non
880 997 986 1056 luerat.
1010 1013 1083 1072 sup-

106 1083 228 1159 plicatio
246 1097 371 1158 quoque
386 1097 490 1142 earum
503 1081 685 1156 religionum
696 1096 792 1141 causa
805 1080 874 1153 luit,
898 1080 1009 1155 quibus
1024 1080 1083 1141 diis

107 1165 270 1228 decemviri
290 1181 330 1225 ex
349 1166 434 1227 libris
455 1172 488 1226 ut
507 1165 594 1225 fleret
618 1164 787 1225 ediderunt.
818 1163 925 1224 decem
948 1163 1080 1239 ingenui

106 1250 213 1310 decem
231 1248 381 1325 virgines,
403 1249 524 1325 patrimi
539 1263 646 1309 omnes
661 1248 866 1323 matrimique,
888 1247 974 1307 adid
989 1248 1079 1308 sacri·

106 1333 208 1395 licium
223 1332 365 1402 adhibiti3
387 1341 418 1394 et
431 1331 596 1393 decemviri
616 1339 707 1393 nocte
726 1330 908 1393 lactentibus
927 1346 993 1391 rem
1007 1330 1080 1393 divi·

105 1432 176 1476 narn
189 1418 336 1478 lecerunt.
363 1416 396 1476 P.
413 1416 570 1478 cornelius
592 1415 696 1492 Scipio
715 1416 880 1476 Africanus
900 1415 1083 1491 priusquam

105 1500 368 1577 proficisceretur,
390 1501 537 1562 fornicem
551 1500 580 1560 in
596 1500 744 1575 capitolio
760 1500 911 1560 adversus
926 1499 1007 1559 viam
1022 1514 1083 1574 qua

104 1584 136 1643 in
157 1583 335 1659 Capitolium
356 1585 543 1659 escenditur,
570 1601 639 1645 cum
661 1584 757 1660 signis
779 1589 898 1657 septem
918 1582 1032 1642 auratis
1053 1589 1083 1643 et

105 1668 193 1742 equis
219 1667 355 1744 duobus,
388 1675 419 1730 et
448 1683 618 1729 marmorea
642 1669 704 1731 duo
731 1667 817 1726 labra
841 1671 910 1725 ante
935 1664 1082 1725 fornicem

105 1753 216 1825 posuit.

187 1835 246 1895 Per
256 1851 311 1896 eos
324 1836 389 1897 dies
402 1836 558 1912 principes
564 1835 744 1894 Aetolorum
755 1839 817 1891 tres
829 1836 859 1890 et
870 1829 1081 1905 quadraginta,

103 1919 181 1979 inter
196 1935 275 1994 quos
285 1920 478 1979 Damocritus
490 1924 520 1977 et
531 1917 624 1977 trater
639 1916 706 1975 eius
722 1919 822 1985 erant,
838 1912 877 1972 ab
892 1913 1012 1974 duabus
1029 1930 1080 1975 co-

102 2002 242 2065 hortibus
256 2003 360 2062 missis
375 2018 394 2060 a
406 2002 456 2059 Μ’.
470 1999 570 2060 Acilio
585 2001 712 2060 Romam
735 1996 858 2059 deducti
879 2004 910 2058 et
923 1997 953 2057 in
967 1997 1080 2060 Lauta·

102 2088 180 2146 mias
206 2083 335 2143 coniecti
360 2090 441 2144 sunt.
473 2082 615 2143 cohortes
637 2082 709 2141 inde
730 2082 770 2141 ad
788 2081 954 2142 exercitum
980 2082 1080 2143 redire

102 2170 136 2228 L.
152 2167 311 2227 Cornelius
326 2167 434 2226 consui
447 2164 546 2226 iussit.
568 2166 659 2239 legati
674 2164 712 2224 ab
724 2164 898 2225 Ptolemaeo
913 2169 943 2223 et
954 2164 1080 2239 cleopa-

104 2258 151 2313 tra
165 2250 290 2325 rogibus
304 2250 454 2328 Aegypti,
476 2250 662 2323 gratulantes
679 2248 762 2323 quod
776 2248 827 2306 Μ’.
840 2247 958 2308 Acilius
974 2250 1080 2309 consul

6 2320 7 2339 ³
101 2333 288 2394 Antiochum
301 2348 404 2408 regem
418 2332 545 2394 Graecia
558 2332 742 2408 expulisset,
759 2337 907 2391 venerunt
917 2330 1077 2391 adhortan-

102 2426 228 2493 tesque,
245 2424 279 2479 ut
291 2418 323 2477 in
334 2417 441 2478 Asiam
452 2417 617 2478 exercitum
628 2418 805 2476 traicerent:
824 2414 926 2475 omnia
940 2416 1082 2490 perculsa

6 2558 7 2563 ,
102 2509 185 2562 metu
201 2517 261 2563 non
281 2501 312 2562 in
326 2501 404 2561 Asia
422 2502 514 2562 modo
536 2501 593 2561 sed
613 2501 704 2561 etiarn
724 2500 755 2559 in
770 2497 863 2577 Syria
880 2513 968 2568 esse;
990 2513 1080 2574 reges

102 2586 238 2662 Aegypti
252 2586 292 2646 ad
307 2600 345 2645 ea
360 2600 439 2660 quae
454 2585 628 2646 censuisset
641 2590 767 2646 senatus
778 2590 904 2657 paratos
916 2582 991 2643 lore.
1012 2598 1080 2658 gra-

101 2669 162 2729 tiae
176 2669 300 2743 regibus
316 2675 418 2738 actam
440 2668 548 2742 legatis
561 2684 690 2729 munera
703 2667 769 2726 dari
784 2666 883 2742 iussa,
898 2666 929 2726 in
941 2666 1080 2742 singulos

105 2758 283 2827 quaternum
300 2751 414 2811 milium
431 2752 521 2811 aeris.
758 2761 763 2770 ·

186 2834 238 2893 IV.
260 2833 460 2895 L.Cornelius
473 2836 580 2895 consul
596 2833 738 2908 peractis,
747 2849 826 2909 quae
832 2836 949 2895 Romae
961 2834 1078 2907 agenda

103 2924 204 2989 erant,
227 2933 283 2992 pro
300 2918 440 2978 contione
454 2917 562 2991 edixit,
583 2925 617 2977 ut
629 2916 755 2990 milites,
778 2933 857 2992 quos
878 2917 990 2992 ipsein
1007 2933 1079 2992 sup-

103 3002 287 3078 plementum
303 3000 482 3077 scripsisset
496 3002 610 3077 quique
624 2999 655 3060 in
667 3000 791 3061 Bruttiis
806 3016 876 3061 cunr
888 3002 926 3060 Α.
940 3000 1079 3062 Cornelio

103 3092 305 3162 propraetore
317 3091 435 3159 essent,
452 3091 484 3145 ut
495 3085 527 3145 hi
541 3100 648 3146 omnes
661 3085 762 3146 idibus
775 3083 973 3159 Quinctilibus
983 3086 1079 3144 Brun-

104 3168 216 3230 disium
230 3170 436 3231 convenirent.
459 3169 531 3229 item
542 3176 604 3230 tres
616 3171 736 3245 legatos
748 3169 927 3240 nominavit,
944 3167 1016 3229 Sex.
1029 3168 1080 3227 bi-

103 3251 207 3326 gitium
225 3254 258 3312 L.
273 3253 438 3329 Apustium
458 3251 490 3313 G.
503 3253 675 3314 Fabricium
694 3253 874 3326 Luscinum,
900 3252 952 3328 qui
972 3269 1011 3313 ex
1026 3269 1080 3313 ora

103 3334 251 3396 maritima
264 3337 400 3414 undique
414 3337 502 3397 navis
513 3337 709 3397 Brundisium
722 3337 949 3407 contraherent,
974 3344 1005 3396 et
1016 3352 1079 3397 om-

102 3416 195 3478 nibus
214 3418 274 3479 iam
294 3421 409 3497 paratis
430 3421 594 3496 paludatus
616 3420 655 3481 ab
675 3419 752 3480 urbe
772 3427 820 3482 est
840 3423 1006 3496 protectus.
1039 3413 1094 3476 ad*

6 3576 7 3591 χ
103 3501 239 3579 quinque
253 3504 335 3564 milia
348 3505 603 3579 voluntariorum,
618 3504 747 3564 Romani
762 3504 915 3578 sociique,
932 3502 984 3580 qui
997 3514 1078 3561 eme
