2600 4000
325 231 440 294 LIBER
450 231 583 293 XXXIII.
606 232 688 292 CAP.
705 240 804 295 1213.
827 240 864 307 [a.
876 241 908 293 C.
925 242 986 308 197]
1098 236 1139 300 93

157 381 386 460 colloquiisque
407 382 448 443 de
466 382 699 444 condicionibus
714 382 801 458 pacis
817 398 955 460 semper,
976 400 1038 446 non
1052 392 1086 447 ut
1099 388 1139 449 ad

157 466 397 533 internecionem
408 465 581 540 bellaretur,
594 467 791 542 disseruisse,
804 473 835 527 et
840 467 1006 541 Romanos,
1018 477 1140 544 praeter

102 608 106 616 .
157 551 398 616 vetustissimum
418 564 535 634 mororn
553 550 644 611 victis
667 550 831 625 parcendi,
859 550 1058 627 praecipuum
1079 556 1138 614 cle
1163 600 1165 604 Α

157 637 289 699 montiae
309 634 527 697 documentum
547 634 673 695 dedisse
694 649 771 709 paee
784 633 949 694 Hannibali
970 642 1000 696 et
1015 634 1138 696 Cartha·

157 719 348 797 giniensibus
364 719 445 779 data
481 717 619 779 omittere
634 733 670 779 se
686 717 967 793 cariliaginiensesr
988 734 1056 779 oum
1070 717 1138 780 Phi·

157 806 243 882 lippo
258 805 328 879 ipso
345 801 486 879 quotiens
501 808 627 862 ventum
639 800 672 863 in
686 801 895 878 colloquium?
915 816 973 862 nec
983 818 1137 878 umquam

156 895 189 949 ut
203 888 327 950 cederet
336 900 442 961 regno,
459 891 558 946 actum
570 900 651 948 esse.
674 901 713 945 an
725 886 798 960 quia
807 886 906 947 victus
919 886 1037 960 proelio
1050 887 1137 963 foret,

157 969 342 1048 inexpiabile
366 970 479 1029 bellum
505 970 639 1030 lactum?
671 984 741 1030 cum
767 976 883 1031 armato
904 969 994 1030 hoste
1017 969 1137 1031 infestis

156 1056 266 1116 annuis
277 1052 419 1115 concurri
426 1053 554 1113 debere:
569 1053 721 1114 adversus
727 1051 1137 1130 viotosmitissinrumquem·

158 1155 220 1215 que
240 1138 373 1198 animum
393 1136 559 1198 maximum
578 1136 702 1198 habere·
735 1137 864 1199 libertati
879 1137 1026 1199 Graeciae
1038 1138 1136 1198 videri

157 1238 267 1298 graves
287 1220 491 1281 Macedonum
510 1236 609 1296 reges.
646 1222 675 1282 si
694 1236 822 1297 regnum
842 1236 982 1298 gensque
1003 1223 1135 1298 tollatur,

156 1306 290 1366 Thracas
303 1304 434 1384 illyrios,
447 1303 550 1367 Gallos
566 1306 686 1379 deinde,
701 1311 809 1381 gentes
825 1307 906 1366 ieras
918 1311 949 1366 et
962 1305 1134 1380 indomitas,

159 1390 190 1449 in
203 1389 414 1449 Macedoniam
433 1403 469 1449 se
490 1389 564 1449 etin
580 1390 737 1450 Gmeciam
750 1388 914 1451 effusuas.
942 1405 982 1450 ne
996 1390 1136 1465 proxima

160 1486 302 1548 quaeque
320 1471 493 1535 arnoliendo
513 1473 680 1536 maioribus
694 1473 951 1550 gravioribusque
966 1474 1081 1536 aditum
1096 1474 1136 1534 ad

159 1571 196 1617 se
217 1555 357 1617 lacerent
392 1556 543 1618 interfanti
565 1558 676 1619 deinde
688 1556 849 1618 Phaeneae
865 1558 998 1633 praetori
1010 1559 1134 1618 Aetolo·

157 1655 232 1713 nun,
245 1637 487 1718 testificanlique‚
500 1643 527 1702 si
541 1644 668 1718 elapsus
681 1657 718 1702 eo
731 1649 867 1717 tempore
877 1640 1035 1715 Philippus
1048 1642 1134 1716 toret,

156 1739 228 1784 mox
241 1724 364 1798 gravius
377 1739 447 1786 eum
460 1725 686 1799 rebellaturum,
701 1725 861 1799 „desistite
871 1725 1076 1798 tumultuari,“
1089 1725 1135 1784 in·

157 1809 222 1883 quit
235 1808 308 1882 „ubi
322 1809 558 1870 consultandum
571 1816 628 1871 est.
661 1824 722 1868 non
738 1808 775 1869 iis
791 1806 1023 1870 condicionibus
1038 1807 1134 1884 illiga·

154 1890 234 1951 bitur
248 1908 319 1966 pax,
334 1898 368 1952 ut
381 1906 505 1952 movere
520 1892 631 1954 bellum
645 1892 776 1968 possit.“

237 1975 316 2035 Xlll.
337 1975 405 2036 Hoc
419 1974 547 2036 dimisso
559 1976 689 2037 coneilio
701 1984 826 2051 postero
837 1976 887 2037 die
896 1991 953 2037 rex
965 1976 1005 2037 ad
1016 1976 1132 2049 fauces,

155 2074 235 2134 uuae
256 2059 357 2117 lerunt
375 2057 406 2115 in
419 2057 586 2130 Tempe-
596 2058 624 2117 is
639 2059 729 2118 datus
743 2067 809 2119 erat
821 2062 910 2120 loeus
925 2061 1080 2135 colloquio
1091 2091 1134 2104 -

154 2140 248 2211 venit,
259 2139 348 2198 tertio
361 2138 410 2198 die
422 2138 511 2198 datur
522 2139 550 2198 ei
556 2140 764 2200 Romanorum
774 2155 811 2200 ac
822 2141 976 2201 sociorum
987 2143 1133 2216 trequens

152 2220 327 2282 concilium.
349 2220 391 2281 ibi
404 2220 563 2297 Philippus
578 2236 727 2298 perquam
741 2222 907 2297 prudenter
920 2222 967 2296 iis,
984 2223 1051 2283 sine
1066 2224 1133 2299 qui·

154 2305 213 2367 bus
221 2320 283 2380 pax
295 2304 449 2382 impetrari
459 2320 521 2365 non
533 2311 662 2382 poterat,
670 2322 727 2367 sua
736 2306 839 2382 potius
847 2306 1002 2367 voluntate
1009 2306 1133 2369 omissis

153 2404 253 2465 quam*
265 2389 442 2451 altercando
463 2396 732 2466 extorqueantur,
754 2406 834 2466 quae
853 2390 958 2466 priore
978 2390 1132 2467 colloquio

152 2479 204 2534 aut
223 2471 372 2549 imperata
392 2490 412 2534 a
431 2475 576 2536 Romanis
597 2482 650 2536 aut
668 2476 823 2552 postulata
842 2474 881 2535 ab
902 2475 996 2536 sociis
1017 2482 1131 2551 essent,

155 2556 256 2618 omnia
280 2573 315 2618 se
340 2555 527 2630 concedere,
557 2560 597 2619 de
622 2559 732 2622 ceteris
760 2557 881 2621 senatui
908 2559 1132 2635 permissurum

132 2639 236 2701 -dixit
267 2657 452 2718 quamquam
468 2643 518 2702 vel
532 2642 749 2705 inimicissimis
765 2642 906 2705 omnibus
922 2644 1130 2719 praeclusisse

153 2738 260 2785 rocem
273 2724 450 2800 videbatur,
462 2725 621 2787 Phaeneas
637 2732 737 2788 tamen
750 2728 879 2789 Aetolus
895 2727 1012 2789 cunctis
1026 2734 1129 2788 tacen-

153 2807 233 2868 tibus
254 2809 371 2883 „quidl
395 2809 506 2870 nobis“
525 2810 624 2886 inquit
641 2809 815 2888 „Philippa
840 2811 988 2873 reddisne
1007 2811 1130 2871 tandem

151 2889 330 2952 Pharsalum
349 2898 380 2952 et
398 2891 537 2973 Larisam
552 2893 726 2954 Cremasten
748 2901 777 2954 et
795 2894 944 2956 Echinum
965 2900 995 2956 et
1009 2893 1129 2954 'lhcbas

151 2973 315 3034 Phthiasr“
337 2991 407 3038 eum
420 2975 578 3053 Philippus
592 2977 667 3037 nihil
681 2977 793 3040 morari
808 2978 932 3054 diceret,
951 2992 1013 3055 quo
1028 2977 1128 3038 minus

150 3057 337 3134 reciperent,
364 3059 545 3136 disceptatio
570 3059 649 3123 inter
673 3063 887 3139 imperatorem
907 3065 1078 3125 Romanum
1099 3066 1129 3121 et

149 3142 279 3203 Aetolos
301 3149 369 3203 ortu
381 3149 431 3204 est
443 3142 482 3205 do
495 3144 624 3206 Thebis=
646 3164 718 3207 nam
732 3161 787 3207 eas
801 3146 908 3223 populi
920 3146 1048 3209 Romani
1062 3145 1128 3205 iure

150 3223 222 3283 belli
242 3226 340 3287 iactas
361 3242 433 3289 esse
447 3228 605 3302 Quinctius
625 3230 761 3305 dicebat,
785 3232 869 3306 quod
884 3230 1009 3306 integris
1023 3229 1125 3299 rebus,

150 3305 288 3370 exercitu
302 3310 392 3381 abse
408 3312 546 3387 admoto,
562 3314 662 3374 vocati
677 3313 707 3373 in
722 3315 891 3388 amicitiam,
906 3330 975 3375 eum
989 3318 1127 3390 potestas

150 3388 247 3451 libera
266 3393 460 3455 desciscendi
482 3396 521 3456 ab
535 3412 609 3471 rego
625 3402 723 3472 esset,
745 3399 860 3474 regiam
874 3398 1052 3459 societatem
1065 3396 1126 3455 Ro

150 3489 261 3536 manae
280 3479 543 3554 praeposuissent.
572 3478 731 3542 Phaeneas
751 3488 782 3542 et
801 3496 859 3558 pro
880 3480 1025 3542 societate
1048 3475 1127 3546 belli,
