2600 4000
258 211 373 272 ιιιιιιιι
386 211 546 271 ιιιιιιιιι.
569 212 653 271 ιιι.
669 220 710 302 ra.
724 222 766 273 n.
789 219 824 285 [a.
837 172 945 286 egrae]
978 191 982 199 ’
1036 212 1099 275 ιιι
1144 291 1146 296 .

120 362 319 426 auxiliaribus
334 371 401 424 orta
415 370 477 439 est,
494 364 577 439 quod
592 365 731 426 Romano
746 371 861 426 tanturn
876 367 959 427 militi
974 375 1097 443 pactum
1183 369 1186 375 ’

122 446 304 509 Antiochum
325 453 358 509 ιιι
377 448 697 522 dareturlrumenturn
711 448 859 510 Seleucus
875 448 1005 525 dicebat.
1034 452 1096 512 dis·
1162 489 1167 498 -

4 556 8 596 ι
119 547 214 593 cussa
239 545 276 592 ca
296 546 421 607 quoque
440 539 488 593 est
513 532 687 593 constantia
713 531 865 607 consulis,
892 532 944 609 qui
970 533 1097 596 diutisso
1185 575 1187 578 .

4 641 7 681 ι
118 614 240 676 tribuno
257 615 364 689 edixit,
387 630 426 675 ne
439 616 567 686 Romani
582 616 692 677 milites
707 617 896 692 acciperent,
917 613 1096 692 priusquam

4 727 6 766 ι
100 709 102 712 ’
117 698 211 759 Attali
225 699 338 760 auxilia
352 698 554 775 accepissent.
575 700 649 776 inde
663 701 704 760 ad
715 700 930 762 Gordiutichos
944 701 1029 775 quod
1043 716 1096 761 vo-

4 837 5 846 ,
117 788 189 842 cant
208 797 391 858 processum
411 789 467 843 est
499 789 539 844 ex
560 800 597 845 eo
618 784 688 846 loco
709 784 749 844 ad
763 785 863 846 Tabas
878 784 973 845 tertiis
989 786 1098 845 castris
1185 834 1188 840 .

118 874 306 941 perventum.
339 866 369 926 ιιι
390 866 502 927 linibus
519 867 691 928 Pisidarum
711 868 811 943 posita
831 869 905 929 urbs
926 874 988 943 est,
1008 868 1098 934 inea

4 981 5 1014 ;
115 957 204 1025 parte
225 966 305 1025 quae
326 951 422 1025 vergit
436 952 476 1011 ad
489 950 702 1029 Pamphylium
716 967 809 1012 mare.
841 952 967 1027 integris
982 946 1097 1012 viribus
1138 957 1141 962 '

116 1033 251 1109 regionis
271 1034 352 1109 eius,
375 1036 494 1096 feroces
516 1036 556 1096 ad
575 1036 752 1097 bellandum
765 1034 899 1097 habebat
911 1036 1005 1096 viros.
1034 1042 1098 1097 tum

117 1133 242 1193 quoquc
257 1115 376 1193 equites
392 1119 422 1178 in
437 1134 545 1194 agmen
560 1120 730 1180 Romanurn
744 1120 905 1195 eruptione
921 1121 1000 1181 lacta
1014 1118 1104 1180 haud·

116 1199 238 1262 modice
258 1201 494 1278 primo'impetu
508 1204 687 1264 turbaverat
709 1203 821 1265 deinde
834 1211 869 1265 ut
882 1203 1026 1281 apparuit
1039 1218 1097 1265 neo
1164 1247 1167 1253 -
1272 1253 1274 1257 »

116 1300 244 1346 numero
269 1298 305 1344 so
325 1300 383 1346 nec
408 1288 517 1347 virtute
536 1302 629 1364 pares
649 1302 736 1359 esse,
762 1288 793 1348 in
814 1289 921 1349 urbem
945 1289 1095 1385 compulsi
1174 1297 1197 1353 s

4 1427 6 1446 ,
115 1369 237 1430 veniam
252 1371 367 1431 erroris
387 1371 544 1447 petebant,
565 1371 680 1432 dedere
698 1372 804 1432 urbem
818 1373 926 1448 parati
960 1372 1096 1447 quinque

4 1449 6 1516 ἒ
116 1460 148 1514 et
162 1452 268 1528 viginti
281 1455 395 1515 talenta
409 1455 533 1530 argenti,
550 1461 581 1516 et
595 1455 702 1516 decem
715 1456 796 1516 milia
810 1456 997 1550 medimnum
1007 1455 1095 1516 tritici

4 1523 6 1576 ὲ
76 1583 78 1586 ,
116 1536 273 1612 imparata
295 1538 359 1598 ita'
351 1555 381 1598 ιιι
397 1539 582 1600 deditionem
597 1540 726 1615 accepti

199 1621 279 1681 xlv.
300 1623 400 1684 Tertio
420 1623 491 1683 inde
511 1624 561 1685 die
575 1625 615 1684 ad
629 1624 740 1685 Casum
760 1639 879 1683 amnem
900 1577 1097 1697 perventum;
1149 1647 1153 1653 ·
1221 1597 1223 1600 ’

79 1717 82 1723 ·
116 1704 188 1763 inde
209 1706 339 1781 proiecti
352 1707 472 1768 Erizam
493 1709 599 1769 urbem
621 1708 718 1783 primo
739 1707 855 1779 impetu
876 1712 1054 1779 ceperunt
1057 1705 1095 1764 ad

4 1795 6 1806 ²
117 1786 289 1851 Thabusion
311 1792 497 1852 castellum
489 1791 649 1851 trnmincns
671 1788 788 1849 flumini
803 1788 878 1848 lndo
899 1794 1022 1847 ventum
1039 1796 1095 1860 est,

104 1872 164 1931 cui
178 1872 294 1933 lecerat
308 1890 418 1935 nomen
430 1876 524 1935 lndus
536 1875 575 1933 ab
587 1873 749 1946 elephanto
762 1871 908 1931 deiectus
930 1870 1012 1930 haud
1023 1886 1093 1945 pro-

116 1962 165 2016 cul
179 1972 199 2015 a
213 1955 325 2034 Cibyra
339 1957 479 2030 aberant,
500 1971 558 2016 nec
573 1955 684 2029 legatio
699 1955 761 2016 ulla
775 1970 795 2014 a
807 1953 949 2031 Moagete
963 1962 1095 2033 tyranno

121 2037 247 2097 ivitatis
269 2039 353 2112 eius,
374 2038 497 2098 homine
516 2039 557 2098 ad
578 2039 679 2101 omnia
692 2038 787 2099 inlldo
803 2044 895 2115 atque
909 2040 1093 2114 importuno,
1164 2077 1167 2081 -

116 2117 277 2179 veniebat..
298 2122 339 2181 ad
358 2123 577 2197 temptandum
587 2122 653 2182 eius
674 2122 853 2182 animumc
868 2123 1008 2183 Helvium
1026 2139 1095 2182 cum

4 2264 5 2293 ¹
117 2195 258 2278 quattuor
278 2204 399 2265 milibus
422 2206 558 2282 peditum
579 2212 609 2265 et
623 2207 796 2285 qulng'entis
818 2205 970 2282 equitibus
985 2207 1095 2266 consul

115 2287 286 2363 praemittit.
322 2288 393 2351 huic
417 2289 561 2365 agmini·
554 2305 613 2350 tam
637 2288 743 2366 primis
764 2291 835 2350 linis
854 2289 1095 2385 ingredientibus

115 2371 206 2446 legati
221 2379 419 2451 occurrerunt
434 2375 607 2434 nuntiantes
622 2382 761 2449 paratum
776 2389 848 2434 esse
862 2380 1025 2451 tyrannum
1040 2371 1094 2432 irn-
1181 2404 1195 2433 .·

116 2460 222 2530 perata
236 2457 352 2517 lacere:
375 2457 518 2533 orabant,
538 2464 572 2518 ut
586 2463 713 2533 pacatus
728 2458 798 2518 finis
812 2457 909 2533 iniret,
925 2455 1094 2537 cohiberet·
1131 2483 1135 2489 ·

4 2566 5 2601 ς
86 2534 88 2539 ’
116 2554 177 2616 que
190 2555 210 2598 a
223 2540 423 2617 populatione
438 2543 503 2617 agri
513 2542 656 2615 'militem3
670 2549 709 2603 et
722 2542 752 2601 in
768 2557 884 2603 corona
899 2555 993 2601 nitrea
1008 2539 1095 2615 quin·

115 2622 215 2683 decim
228 2626 342 2686 talenta
356 2625 543 2686 adserebant.
565 2627 693 2688 Helvius
707 2624 846 2701 integros
862 2624 1095 2720 apopulatione
1132 2690 1136 2697 ,
1157 2663 1161 2671 ·

98 2760 103 2770 .
115 2721 207 2780 agros
219 2713 410 2768 servaturum
422 2709 595 2784 pollicitus
587 2725 631 2769 ιιι
642 2710 683 2769 ad
694 2712 852 2770 consulem
863 2710 983 2784 legatos
994 2708 1094 2768 iussit.

117 2788 228 2863 quibus
243 2790 352 2849 eadem
365 2791 567 2852 referentibus
580 2793 689 2853 consul
703 2807 824 2868 neque
835 2792 983 2853 Romam
997 2791 1095 2866 inquit

116 2871 235 2947 „bonae
255 2874 419 2937 voluntatis
440 2875 535 2934 ullum
556 2874 678 2950 signum
698 2890 772 2950 erga
792 2891 850 2936 nos
865 2867 986 2953 tyranm
1001 2873 1093 2935 babe-

65 2952 67 2956 ’
114 2970 191 3031 muS,
207 2957 258 3016 οι·
251 2973 354 3055 ipsum
365 2960 454 3017 talem
466 2973 537 3018 esse
548 2958 625 3019 inter
636 2974 743 3020 omnes
756 2965 884 3031 constat,
893 2963 931 3018 ιιι
942 2958 981 3017 de
994 2973 1095 3033 poena

115 3039 180 3100 cius
195 3041 293 3116 magis
309 3058 401 3117 quam
416 3041 456 3102 de
469 3040 600 3103 amichia
614 3042 703 3103 nohis
719 3041 912 3123 cogitandum
927 3041 995 3101 sit.“
1026 3056 1092 3116 per-
1121 3040 1123 3043 ’

115 3123 223 3186 turbati
243 3124 302 3185 hac
321 3120 400 3186 voce
420 3126 511 3201 legati
531 3125 605 3187 nihil
625 3126 707 3186 aliud
729 3132 835 3202 petere
852 3142 943 3202 quam
958 3130 991 3186 ιιι
1005 3140 1094 3185 coro·

95 3222 184 3291 'nam
203 3210 372 3285 acciperet,
395 3208 599 3286 veniendique
620 3211 660 3271 ad
680 3226 749 3270 eum
764 3216 895 3288 tyranno
911 3214 1093 3286 potestatem

116 3296 146 3350 et
158 3291 278 3367 copiam
292 3294 438 3368 loquendi
453 3309 490 3354 ac
501 3295 653 3370 purgandi
665 3310 700 3355 se
711 3295 834 3356 laceret
856 3294 1009 3369 permissu
1020 3307 1094 3352 con·

116 3371 191 3433 salis
207 3382 332 3450 postero
347 3376 398 3438 die
411 3378 444 3437 in
457 3385 557 3439 castra
571 3384 722 3455 tyrannus
737 3379 834 3452 venit,
855 3378 984 3438 vestitus
999 3372 1093 3434 romi·
1160 3422 1162 3425 .

15 3524 19 3533 ,
116 3463 255 3534 latusque
277 3460 335 3520 vix-
355 3461 395 3521 ad
419 3461 530 3537 privati
552 3460 673 3520 modice
697 3460 860 3536 locupletis
883 3459 1034 3529 habitum,
1064 3477 1094 3515 er
1167 3542 1170 3549 Ι
