2600 4000
282 251 398 315 ιιιιιιιι
411 252 570 313 xxxvio.
595 231 679 312 cnr.
693 260 792 315 ease.
815 257 970 335 [nomm]
1053 255 1116 322 ιιι
1210 279 1214 284 ·

9 427 18 486 5·
136 406 176 466 de
188 404 384 467 restituendis
399 405 437 465 iis
458 405 571 465 lactum
584 412 642 465 est.
664 412 694 464 et
706 403 859 465 mentione
872 405 956 467 illata
969 413 1114 473 externos

9 517 11 540 ι
135 488 298 550 auxiliares
319 487 462 550 dimissos
488 503 525 548 ac
544 485 797 548 Lacedaemoniis
818 487 1055 564 adscriptos—
1074 492 1117 568 ita

8 603 29 634 ι.
133 572 215 633 enim
235 571 386 634 vocabant
407 572 460 648 qai
478 569 516 631 ab
536 571 675 647 tyrannis
689 570 807 632 liberati
819 579 955 631 erant—
970 571 1047 634 urbe
1061 591 1139 635 err·
1240 581 1243 588 '

133 655 270 717 cessisse
278 655 313 715 in
327 671 421 733 agros
435 655 588 731 dilapsos,
607 654 788 730 priusquam
809 654 1007 718 dimitteretur
1026 672 1111 717 exer·

133 740 226 815 citus,
249 739 293 800 ire
313 746 486 815 praetorem
506 754 575 799 cum
595 736 748 815 expeditis
765 745 795 800 et
808 739 1069 815 comprehendere
1082 741 1114 802 id

131 837 230 898 genus
254 823 410 885 hominum
433 828 464 882 et
483 822 618 883 vendere
637 822 704 901 iure
723 822 858 898 praedae
878 823 1001 899 placuit
1030 824 1114 886 multi

132 906 347 983 comprehensi
359 906 529 967 venierunt
556 905 694 980 porticus
716 920 757 965 ex
772 921 809 967 ea
828 906 960 982 pecunia
979 906 1113 982 Megalo-

119 990 196 1067 poli
210 989 365 1067 permissu
376 989 569 1052 Achaeorum
579 989 695 1051 relecta
705 995 762 1064 est,
778 1006 869 1064 quam
880 989 1113 1051 Lacedaemonii

131 1074 297 1135 diruerant.
319 1080 350 1135 et
364 1089 437 1149 ager
449 1073 634 1147 Belbinates,
656 1087 747 1148 quem
760 1071 870 1133 iniuria
883 1073 1005 1149 tyranni
1018 1075 1112 1135 Lace-

84 1169 86 1172 ·
133 1157 363 1220 daemoniorum
387 1158 601 1233 possederant,
629 1156 787 1218 restitutus
812 1156 912 1217 eidem
937 1157 1048 1220 civitati
1073 1174 1112 1218 ex

131 1243 255 1303 decreto
281 1247 383 1302 vetere
405 1239 612 1315 Achaeorum,
638 1239 723 1315 quod
747 1241 857 1301 famum
883 1247 948 1302 erat
971 1241 1111 1318 Philippo

130 1326 284 1403 Amyntae
304 1324 367 1387 illio
386 1331 542 1401 regnante.
570 1339 627 1401 per
645 1325 723 1384 haec
743 1323 827 1385 velut
846 1331 990 1386 enervata
1003 1324 1112 1387 civitas

27 1428 31 1434 ·
131 1407 440 1470 Lacedaemoniorum
459 1408 512 1470 diu
525 1406 659 1469 Achaeis
680 1407 814 1469 obnoxia
827 1408 891 1469 luit.
913 1410 996 1470 nuda
1010 1416 1111 1471 tamen

130 1505 181 1551 res
201 1497 285 1553 tanto
305 1499 371 1554 erat
389 1492 501 1554 damno
523 1507 614 1568 quam
633 1491 795 1568 disciplina
814 1492 961 1572 Lycurgi,
987 1494 1036 1554 cui
1056 1509 1113 1568 per

105 1573 107 1578 “
131 1574 341 1651 septingentos
354 1591 453 1637 annos
467 1576 639 1648 adsuerant,
656 1576 785 1637 sublata.
933 1599 935 1602 ·

6 1697 7 1704 1
214 1658 333 1720 XXXV.
356 1660 385 1719 A
404 1659 548 1738 concilio,
572 1659 626 1722 ubi
646 1660 687 1721 ad
701 1655 881 1721 consulem
873 1666 952 1718 mter
966 1656 1123 1754 Achaeos¹

6 1771 7 1782 ι
130 1742 451 1820 Lacedaemoniosque
465 1744 668 1843 disceptatum
683 1751 739 1816 est,
753 1742 794 1801 Μ.
809 1739 943 1811 Fulvius,
966 1740 1038 1815 quia
1051 1740 1111 1801 iam

129 1824 159 1886 in
175 1825 259 1888 exitu
271 1843 372 1890 annus
386 1835 466 1901 erat,
489 1828 680 1890 comitiorum
701 1840 797 1885 cansa
809 1824 967 1898 proiectus
982 1825 1110 1884 ltomam

129 1910 243 1970 creavit
257 1914 401 1972 consules
415 1912 456 1968 Μ.
470 1908 627 1970 Valerium
639 1906 817 1967 Messallam
831 1913 861 1967 et
875 1907 906 1967 c.
921 1906 1039 1968 Livium
1055 1903 1110 1967 Sa.-

129 1993 296 2066 linatorem,
304 1992 424 2053 cumM.
436 1992 598 2053 Aemilium
608 1989 923 2067 Lepiduminimicum
934 2008 972 2055 eo
984 2008 1110 2070 quoque

129 2090 209 2134 anno
221 2082 373 2148 petentem
385 2073 558 2136 deiecisset
574 2081 732 2150 praetores
743 2075 814 2136 inde
825 2073 964 2151 creatio.
975 2076 1110 2137 Marcius

128 2156 286 2232 Philippus
307 2157 347 2217 Μ.
360 2157 504 2219 claudius
520 2158 684 2219 Marcellus
705 2160 736 2220 0
755 2158 916 2220 Stertinius
939 2159 969 2220 C.
987 2158 1108 2219 Atinius

76 2248 80 2253 ’
128 2240 160 2298 Ρ.
175 2239 318 2303 claudius
336 2241 466 2303 Pulcher
479 2242 512 2301 L.
527 2242 660 2304 Manlius
673 2242 833 2304 Acidinus.
862 2241 992 2304 comitiis
1010 2242 1108 2318 perle-

5 2350 6 2361 ι
129 2323 186 2385 ctis
207 2327 364 2386 consulem
377 2325 418 2386 Μ.
432 2324 569 2387 Fulvium
590 2327 619 2386 in
641 2326 832 2402 provinciam
846 2334 876 2387 et
890 2327 929 2387 ad
944 2325 1110 2387 exercitum

130 2406 230 2469 redire
250 2406 379 2484 placuit,
404 2410 495 2486 eique
516 2417 546 2472 et
560 2409 698 2486 collegae
710 2410 762 2471 Co.
777 2410 891 2472 Manlio
906 2408 1065 2486 imperium
1077 2408 1108 2471 ιιι

129 2507 239 2553 annum
255 2501 453 2570 prorogatum
467 2503 523 2558 est.
546 2509 585 2557 eo
600 2511 680 2557 anuo
695 2495 727 2556 ln
742 2494 820 2555 aede
833 2492 974 2570 Herculis
988 2493 1107 2569 signum

89 2584 91 2587 ’
127 2574 178 2636 dei
192 2575 292 2652 ipsius
308 2593 346 2638 ex
361 2577 602 2641 decemviromm
614 2594 779 2678 responso,
794 2586 825 2641 et
837 2580 960 2654 seiuges
975 2579 1005 2637 in
1021 2576 1108 2677 capi·

126 2659 201 2718 tolio
221 2662 355 2721 auratis
384 2663 417 2721 Ρ.
439 2662 579 2724 Cornelio
596 2662 705 2739 positi
735 2664 896 2724 consulem
916 2661 1072 2723 dedisse
1062 2678 1108 2721 ιιι-

129 2741 276 2817 scriptum
296 2751 354 2804 est.
380 2751 411 2804 et
424 2745 585 2806 duodecim
603 2747 704 2821 clipea
716 2755 824 2808 aurata
838 2747 877 2807 ab
891 2745 1042 2807 aedilibus
1057 2760 1108 2805 cu·

127 2824 244 2886 nulibus
268 2825 300 2885 Ρ.
323 2826 447 2888 Claudio
467 2820 597 2887 Pulchro
624 2835 655 2889 et
672 2827 738 2889 Ser
760 2827 898 2905 Sulpicio
919 2826 1015 2889 Galba
1038 2834 1109 2890 sunt

127 2908 230 2984 posita
252 2924 291 2969 ex
308 2912 456 2985 pecnnia,
482 2926 544 2986 qua
563 2912 777 2972 numentanos
798 2912 839 2973 ob
860 2926 1012 2971 annonam
1027 2927 1106 2972 com
1154 2989 1158 2994 .

128 3006 267 3069 pressam
287 2993 477 3055 damnarunt.
505 3001 536 3056 et
556 2994 664 3055 aedilis
681 2994 764 3071 plebi
785 2994 819 3070 Q.
833 2992 959 3056 Fulvius
978 2993 1107 3056 Flaccus

127 3077 190 3137 duo
205 3076 294 3153 signa
311 3084 417 3139 aurata
433 3095 495 3139 uno
509 3094 563 3140 reo
579 3077 777 3141 damnato-
793 3095 863 3139 nam
878 3077 1044 3177 separatim
1058 3094 1108 3139 ac

128 3167 366 3223 cusaverant-
324 3162 492 3238 -posuit
519 3159 638 3238 collega
658 3163 777 3224 eiusA.
793 3163 942 3224 Caecilius
956 3161 1107 3224 neminem

128 3245 350 3308 condemnavit.
370 3247 434 3307 ludi
448 3245 578 3308 Romani
592 3255 647 3321 ter,
669 3247 780 3323 plebeii
796 3245 979 3324 quinquiens
994 3246 1048 3308 toti
1062 3246 1106 3357 ιιι

129 3328 262 3388 staurati.

211 3410 251 3469 Μ.
262 3411 405 3474 Valerius
418 3413 564 3475 Messalla
577 3412 650 3472 inde
664 3420 694 3473 et
709 3414 740 3474 c
751 3413 856 3475 Livius
867 3413 1020 3474 Salinator
1034 3426 1105 3471 con·

131 3492 258 3554 sulatum
273 3495 374 3557 idibus
387 3496 503 3558 Martiis
518 3511 586 3556 cum
600 3494 744 3568 inissent,
769 3497 809 3557 de
820 3513 855 3556 re
869 3495 992 3571 publica
1006 3494 1106 3571 deque
