2600 4000
290 237 406 299 crana
419 237 537 299 xxxu.
561 238 940 321 cAP.34.35.[a.c.1at]
1073 241 1112 305 rs

133 404 162 455 et
183 390 377 466 respondere
402 389 538 465 placet“
579 396 717 450 extrema
742 388 809 450 eius
838 390 935 453 oratio
959 393 1111 457 adversus

132 475 275 537 Achaeos
285 471 388 547 tuitio
400 489 462 549 qua
472 472 761 548 orsusabAntigoni
768 471 908 549 primum,
921 475 987 537 suis
999 477 1111 540 deinde

131 575 205 635 erga
225 564 349 634 gentem
368 572 437 617 earn
456 554 586 630 meritis,
608 554 730 618 recitari
750 558 875 619 decreta
896 573 1002 620 eorum
1022 559 1112 623 iussit

134 640 233 705 omnis
248 639 371 701 divinos
385 640 598 717 humanosque
611 640 748 702 honores
764 643 941 717 complexa;
957 650 1050 718 atque
1065 643 1110 705 eis

132 722 244 786 adiecit
253 740 363 786 recens
376 724 540 799 decretum,
554 741 615 801 quo
626 724 666 785 ab
678 740 714 786 se
721 724 941 786 descivissent:
956 724 1109 788 invectus·

132 825 193 886 que
207 807 339 884 graviter
353 806 384 868 in
399 807 560 884 perfidiam
574 825 690 881 eorum,
705 810 808 885 Argos
823 816 925 870 tamen
939 826 975 872 se
989 808 1027 871 iis
1041 812 1110 870 red-

132 893 262 955 diturum
283 890 375 965 dixit,
396 892 435 953 de
457 891 599 955 corintho
621 909 692 953 cum
705 890 888 968 imperatore
902 894 1042 955 Romano
1058 894 1111 954 de

131 976 327 1038 liberaturum
349 991 435 1049 esse,
464 975 736 1052 quaesiturumque
755 978 794 1038 ab
815 993 854 1038 eo
880 975 985 1051 simul,
1009 985 1111 1039 utrum

130 1059 209 1122 iisne
229 1058 357 1121 urbibus
378 1060 531 1121 decedere
552 1076 587 1121 se
610 1076 743 1135 aequum
758 1068 898 1134 censeat,
925 1077 1004 1137 quas
1019 1061 1058 1122 ah
1074 1077 1110 1121 se

131 1143 201 1221 ipso
216 1152 323 1220 captas
338 1142 404 1204 iure
418 1143 490 1204 belli
504 1144 624 1218 haheat,
640 1160 680 1203 an
694 1142 733 1206 iis
746 1143 846 1218 etiam,
863 1161 941 1220 quas
955 1162 975 1205 a
988 1143 1109 1206 maiori-

130 1229 187 1290 bus
203 1226 270 1290 suis
281 1226 465 1303 accepisset.

211 1313 332 1374 XXXV.
367 1310 547 1372 Parentibus
569 1311 704 1373 Achaeis
724 1310 909 1388 Aetolisque
933 1313 974 1372 ad
998 1328 1037 1373 ea
1060 1328 1104 1373 re·

130 1398 287 1472 spondere
302 1411 371 1456 cum
385 1411 485 1471 prope
501 1410 646 1456 occasum
662 1396 711 1457 sol
730 1403 829 1470 esset,
850 1395 943 1457 dilato
958 1394 989 1455 in
1003 1402 1104 1472 poste

130 1494 197 1541 rum
212 1477 293 1539 diem
307 1478 462 1555 colloquio
477 1477 636 1554 Philippus
650 1477 682 1539 in
698 1477 876 1553 stationem,
898 1496 938 1541 ex
959 1495 1021 1555 qua
1035 1495 1105 1555 pro-

130 1563 229 1624 iectus
241 1571 312 1639 erat,
324 1562 454 1625 Romani
465 1561 604 1639 sociique
615 1561 646 1623 in
660 1571 761 1624 eastra
770 1562 935 1624 redierunt.
951 1561 1109 1637 Quinctius

128 1653 254 1723 postero
269 1646 319 1710 die
333 1648 373 1707 ad
386 1647 530 1708 Nicaeam
543 1679 587 1692 -
600 1646 627 1708 is
642 1646 724 1709 enim
738 1648 827 1708 loeus
841 1649 1001 1723 placuerat
1011 1679 1054 1689 —-
1068 1645 1106 1706 ad

129 1730 325 1792 constitutum
345 1739 468 1808 tempus
488 1730 587 1793 venit:
612 1730 773 1807 Philippus
787 1730 889 1792 nullus
904 1745 1037 1805 usquam
1051 1743 1109 1790 nee

128 1813 251 1876 nuntius
265 1816 305 1875 ab
318 1830 357 1876 eo
372 1832 429 1891 per
442 1814 559 1891 aliquot
572 1816 667 1877 horas
686 1813 844 1885 veniebam
865 1820 896 1874 et
915 1811 976 1873 iam
997 1813 1108 1888 despe-

126 1896 265 1962 rantibus
275 1906 437 1961 renturum
447 1907 575 1975 repente
589 1905 800 1976 apparuerunt
811 1914 918 1960 naves.
933 1904 1027 1974 atque
1039 1896 1108 1973 ipse

127 1980 252 2060 quiden,
267 1999 337 2046 cum
350 1990 412 2046 tam
426 1982 533 2058 gravia
546 1990 577 2045 et
589 1981 717 2058 indigna
730 1981 967 2060 imperarentur,
981 1981 1108 2059 inopem

126 2067 248 2128 consilii
260 2067 342 2127 diem
353 2064 587 2139 consumpsisse
598 2066 796 2128 deliberando
808 2066 923 2129 aiebat:
934 2069 1028 2142 vulgo
1042 2082 1107 2126 cre-

125 2151 241 2212 debant
255 2151 294 2210 de
309 2147 459 2209 industria
473 2163 538 2206 rem
551 2147 581 2206 in
594 2164 698 2208 serum
709 2156 843 2222 tractam,
857 2165 897 2209 ne
907 2159 1030 2225 tempus
1043 2147 1107 2207 dari

124 2239 239 2310 posset
261 2230 396 2292 Achaeis
420 2227 603 2305 Aetolisque
623 2231 664 2290 ad
684 2232 945 2306 respondendum.
988 2238 1019 2291 et
1040 2247 1109 2290 eam

125 2312 306 2392 opinionem
319 2313 389 2391 ipse
403 2312 576 2376 adfirmavit
589 2314 735 2390 petendo,
751 2322 784 2375 ut
798 2312 959 2376 summotis
974 2312 1053 2387 aliis,
1069 2329 1108 2374 ne

124 2408 249 2477 tempus
263 2399 440 2461 altercando
455 2404 604 2459 tereretur
618 2404 649 2459 et
659 2396 754 2474 aliqui
765 2396 835 2459 linis
846 2397 892 2460 rei
905 2396 1022 2473 imponi
1034 2414 1107 2474 pos-

125 2492 183 2559 set,
198 2501 268 2545 cum
281 2482 352 2559 ipso
366 2480 551 2560 imperatore
563 2483 704 2544 Romano
718 2481 825 2544 liceret
840 2482 899 2544 sihi
914 2480 1059 2558 colloqui.
1074 2479 1107 2541 id

124 2566 224 2643 primo
240 2584 302 2629 non
316 2574 489 2643 acceptum,
502 2582 542 2627 ne
557 2566 680 2628 excludi
692 2566 848 2644 colloquio
863 2566 1041 2628 viderentru
1055 2581 1106 2627 so·

125 2649 180 2723 cii;
196 2649 268 2712 dein
283 2667 353 2712 cum
366 2650 449 2712 haud
463 2647 628 2712 absisteret
643 2659 758 2727 petere,
774 2668 814 2714 ex
828 2649 963 2713 omnium
974 2648 1105 2712 consilio

122 2736 282 2797 Romanus
307 2735 474 2811 imperator
499 2750 568 2794 curn
591 2736 650 2810 Ap.
678 2733 804 2795 Claudio
830 2733 952 2796 tribuno
978 2732 1104 2796 militum

123 2817 236 2880 ceteris
257 2816 416 2880 summotis
434 2818 475 2879 ad
490 2825 658 2879 extremum
679 2817 749 2880 litus
771 2817 937 2894 processit:
958 2834 1015 2878 rex
1036 2833 1106 2877 cum

123 2901 248 2963 duobus
271 2919 351 2979 quos
372 2901 472 2978 pridie
496 2900 677 2963 adhibuerat
695 2899 726 2961 in
747 2909 858 2963 terram
879 2909 927 2962 est
946 2916 1104 2976 egressus.

122 2984 167 3047 ihi
183 3001 252 3047 eum
266 2985 455 3062 aliquamdiu
471 2993 591 3048 secreto
607 2983 701 3046 locuti
716 2993 837 3059 essent,
859 3001 939 3061 quae
953 2991 1022 3045 acta
1036 2981 1104 3043 Phi-

122 3068 227 3145 lippus
242 3070 282 3131 ad
293 3086 369 3132 suos
382 3068 540 3144 rettulerit,
551 3067 653 3130 ninus
664 3077 853 3145 compertum
865 3075 922 3130 est.
945 3065 1104 3142 Quinctius

122 3153 200 3215 haec
214 3152 329 3216 rettulit
342 3154 383 3214 ad
397 3152 517 3227 socios,
537 3153 685 3216 Romanis
700 3169 770 3215 eum
786 3154 898 3213 cedere
913 3159 976 3213 tota
990 3148 1104 3229 lllyrici

122 3253 194 3312 ora,
214 3239 361 3314 perfugas
375 3237 528 3300 remittere
543 3253 580 3297 ae
595 3236 622 3299 si
638 3235 692 3313 qui
707 3236 767 3298 sint
782 3234 910 3312 captivis
931 3235 1033 3296 Attalo
1049 3251 1103 3293 na-

121 3337 180 3382 ves
200 3327 231 3382 et
246 3338 315 3384 curn
329 3320 368 3383 iis
383 3329 492 3398 captos
510 3320 628 3382 navalis
650 3320 772 3391 socios;
794 3317 924 3381 Rhodiis
944 3316 1101 3393 regionem

120 3421 215 3481 quarn
228 3405 364 3468 Peraean
379 3412 492 3466 vocant
504 3405 645 3477 reddere,
661 3405 732 3464 Iaso
745 3411 776 3464 et
785 3399 938 3480 Bargyliis
953 3416 1016 3461 non
1033 3415 1101 3459 ces-

119 3506 245 3553 surumr
271 3487 389 3551 herotis
403 3488 581 3549 Pharsalum
593 3485 794 3562 Larisamque
813 3486 958 3557 reddere,
979 3483 1100 3540 Thebas
