2600 4000
224 213 246 273 2
396 201 512 263 LIBER
526 200 630 261 XXXI.
654 201 737 260 CAP.
750 209 776 260 1.
787 204 813 259 Ξ.
837 202 872 275 [a.
886 204 921 256 U.
934 221 958 256 c.
971 199 1033 275 551]

229 357 386 419 niensibus
402 354 509 429 intulit
523 355 583 417 iarn
598 354 747 429 provideo
763 353 880 427 animo,
896 353 978 412 velut
992 352 1044 427 qui
1058 353 1205 428 proximis

229 440 320 504 littori
334 440 423 499 vadis
438 438 554 499 inducti
568 438 656 519 marey
666 434 799 515 pedibus
814 435 1033 510 ingrediuntur,
1056 436 1205 513 quidquid

229 524 426 601 progredior,
442 523 474 582 in
488 520 654 582 vastiorem
667 536 717 580 me
731 520 919 580 altitudinem
933 536 970 579 ac
984 521 1068 580 velut
1080 521 1205 595 prolun-

229 610 300 670 dum
314 607 425 679 invehi,
441 614 471 666 et
485 621 626 666 crescere
639 619 740 680 paene
751 619 840 681 opus,
857 603 942 680 quod
954 603 1052 678 prima
1064 619 1207 680 quaeque

229 690 418 769 perficiendo
433 689 527 750 minui
542 687 712 749 videbatur.

270 776 380 836 Pacem
394 773 539 833 Punicam
553 773 667 832 bellurn
676 771 908 833 Macedonicum
923 770 1054 846 excepit,
1070 770 1206 846 periculo

229 860 468 934 haudquaquam
483 856 724 932 comparandum
735 863 787 916 aut
800 855 911 916 virtute
921 853 1008 914 ducis
1020 862 1072 914 aut
1082 854 1208 914 militum

229 943 350 1015 robore,
366 941 501 1001 claritate
514 955 621 1014 regum
636 939 828 1014 antiquorum
843 945 1026 1014 vetustaque
1040 939 1122 998 lama
1136 952 1208 1011 gen—

229 1027 267 1087 tis
282 1034 313 1086 et
326 1024 533 1097 magnitudine
547 1023 674 1098 imperii,
699 1040 761 1098 quo
775 1025 869 1084 multa
884 1022 1039 1098 quondam
1052 1021 1209 1100 Europae,

230 1109 374 1169 maiorem
389 1115 508 1183 partem
518 1107 613 1167 Asiae
628 1107 819 1168 obtinuerant
833 1106 935 1181 armis,
951 1121 1051 1180 prope
1065 1105 1209 1166 nobilius.

232 1200 364 1253 aeterum
375 1197 518 1266 coeptum
529 1189 642 1249 bellum
651 1191 803 1251 adversus
810 1190 983 1266 Philippum
996 1189 1103 1250 decern
1114 1190 1210 1248 ferma

230 1283 299 1337 ante
320 1273 408 1335 annis
430 1273 560 1334 triennio
581 1274 668 1348 prius
690 1275 863 1350 depositum
881 1282 962 1346 erat,
983 1288 1052 1333 oum
1065 1272 1167 1333 Aetoli
1182 1280 1211 1332 et

230 1358 302 1420 belli
321 1365 352 1418 et
366 1358 454 1434 pacis
469 1355 602 1417 fuissent
617 1373 721 1417 causa.
744 1375 861 1418 vacuos
876 1357 988 1418 deinde
1002 1372 1080 1432 pace
1094 1355 1208 1417 Punica

229 1443 289 1503 iam
297 1443 455 1503 Romanos
471 1447 502 1500 et
514 1440 654 1500 infensos
665 1439 805 1516 Philippo
822 1457 890 1501 curn
905 1441 945 1501 ob
960 1440 1084 1501 infidam
1101 1439 1211 1500 adver·

230 1543 285 1587 sus
296 1526 425 1586 Aetolos
440 1525 581 1599 aliosque
593 1523 729 1598 regionis
745 1525 882 1585 eiusdem
899 1524 1003 1584 socios
1015 1539 1133 1600 pacem,
1148 1531 1212 1584 turn

230 1611 270 1671 ob
285 1609 399 1671 auxilia
413 1624 482 1669 cum
497 1608 629 1683 pecunia
642 1624 742 1682 nuper
755 1608 786 1667 in
799 1608 933 1668 Africam
944 1608 1039 1669 missa
1048 1607 1210 1668 Hannibali

229 1694 402 1768 Poenisque
416 1707 525 1768 preces
540 1691 787 1767 Atheniensium,
804 1708 884 1766 quos
899 1708 973 1767 agro
989 1699 1165 1767 pervastato
1181 1691 1211 1751 in

230 1779 337 1839 urbem
359 1778 562 1851 compulerat,
584 1776 794 1836 excitaverunt
807 1776 846 1835 ad
863 1777 1074 1837 renovandum
1089 1776 1210 1837 bellum.

230 1863 266 1922 11.
290 1862 348 1921 sub
369 1862 450 1920 idem
476 1860 540 1919 iera
566 1865 689 1933 tempus
710 1868 741 1920 et
761 1861 799 1920 ab
820 1861 922 1919 Attalo
943 1876 1018 1934 rege
1039 1864 1069 1919 et
1081 1858 1212 1920 Rhodiis

230 1944 321 2020 legati
340 1949 496 2014 venerunt,
513 1942 686 2005 nuntiantes
698 1944 793 2005 Asiae
808 1959 933 2021 quoqne
948 1943 1084 2005 civitates
1099 1942 1213 2004 sollici·

230 2028 295 2089 tari.
318 2027 366 2088 his
380 2027 586 2102 legationibus
600 2044 787 2103 responsum
801 2038 849 2090 est
863 2044 956 2089 curae
967 2044 1034 2088 earn
1045 2045 1110 2088 rem
1121 2044 1212 2089 sena·

234 2112 276 2174 tui
292 2113 367 2173 iore.
390 2111 573 2173 consultatio
589 2112 629 2173 de
642 2113 845 2174 Macedonico
859 2114 940 2173 bello
955 2113 1073 2186 integra
1086 2113 1126 2172 ad
1137 2128 1213 2172 con·

232 2197 331 2270 eules,
353 2196 406 2271 qui
427 2204 499 2257 tunc
523 2196 555 2257 in
569 2195 739 2272 provinciis
755 2206 854 2272 erant,
878 2197 992 2256 reiecta
1006 2205 1061 2256 est.
1093 2196 1213 2257 interim
1285 2251 1286 2264 ,

231 2282 270 2341 ad
284 2279 491 2342 Ptolemaeum
505 2281 641 2359 Aegypti
661 2298 765 2356 regern
780 2280 870 2356 legati
884 2288 947 2340 tres
961 2279 1057 2350 missi,
1075 2281 1105 2340 C.
1125 2280 1213 2340 Clau·

232 2365 300 2425 dius
313 2364 394 2424 Nero
408 2364 449 2423 M.
461 2364 609 2425 Aemilius
625 2364 760 2438 Lepidus
775 2364 806 2422 Ρ.
820 2363 1020 2436 Sempronius
1031 2363 1212 2437 Tuditanus,

232 2455 264 2508 nt
291 2448 465 2506 nuntiarent
485 2446 597 2508 victum
617 2446 818 2505 Hannibalem
831 2445 1031 2517 Poenosque,
1054 2452 1084 2503 et
1097 2446 1212 2519 gratias

232 2534 358 2603 agerent
367 2528 442 2601 regi,
456 2529 541 2601 quod
551 2529 582 2587 in
593 2527 686 2587 rebus
699 2528 809 2602 dubiis,
822 2543 891 2587 cum
903 2527 1019 2587 finitimi
1031 2529 1121 2588 etiarn
1133 2532 1213 2592 socii

231 2613 387 2672 Romanos
409 2610 602 2684 desererent,
623 2612 655 2668 in
670 2610 731 2670 lida
746 2612 928 2680 mansisset;
951 2618 981 2671 et
994 2618 1140 2687 peterent,
1168 2623 1212 2689 ut,

232 2695 259 2756 si
271 2695 368 2754 coacti
383 2693 500 2754 iniuriis
511 2694 624 2754 bellum
639 2695 791 2754 adversus
802 2694 974 2769 Philippum
987 2698 1211 2773 suscepissent,

232 2778 393 2854 prIstinum
408 2777 540 2837 animum
556 2793 629 2851 erga
643 2779 791 2852 populum
805 2781 977 2840 Romanum
992 2790 1200 2842 conservaret.

314 2862 431 2921 Eodem
446 2862 510 2921 lere
523 2867 662 2936 ternpore
675 2862 707 2920 P.
723 2864 831 2924 Aelius
845 2867 954 2925 consul
968 2866 999 2925 in
1015 2867 1119 2939 Gallia,
1142 2882 1210 2927 cum

233 2946 371 3008 audisset
385 2945 497 3006 aBoiis
513 2953 582 3005 ante
594 2962 684 3006 suum
695 2949 859 3009 adventurn
870 2947 1062 3011 incursiones
1074 2950 1105 3010 in
1117 2966 1209 3026 agros

233 3035 387 3092 sociorum
408 3030 521 3102 factae,
548 3031 668 3090 duabus
692 3031 865 3105 legionibus
887 3033 1042 3094 subitariis
1062 3036 1208 3095 tumultus

233 3115 299 3174 eius
315 3129 410 3174 causa
423 3112 556 3190 scriptis,
573 3113 749 3190 additisque
762 3117 801 3176 ad
813 3132 867 3176 eas
879 3124 1021 3191 quattuor
1033 3116 1210 3178 cohortibus

234 3200 272 3258 de
283 3199 418 3258 exercitu
429 3215 497 3273 suo,
511 3199 542 3258 C.
549 3198 693 3273 Ampium
703 3201 891 3274 praelectum
902 3202 1021 3262 socium
1031 3200 1090 3262 hac
1101 3203 1210 3262 tumul-

234 3282 330 3342 tuaria
343 3298 433 3341 manu
449 3297 504 3357 per
515 3282 678 3355 Umbriam,
695 3300 787 3359 quarn
802 3284 910 3345 tribum
923 3284 1079 3361 Sapiniam
1089 3294 1211 3360 vocant,

233 3381 340 3440 13111111
350 3366 496 3430 Boiorum
510 3366 656 3428 invadere
666 3367 770 3428 iussit=
785 3368 854 3444 ipse
864 3369 974 3429 eodem
986 3377 1091 3444 aperto
1104 3369 1210 3430 itinere

234 3466 289 3525 per
302 3456 424 3512 montes
439 3450 535 3510 duxit.
555 3452 685 3530 Ampius
699 3454 860 3531 ingressus
875 3452 1008 3515 hostiurn
1022 3456 1100 3513 hnes
1112 3457 1209 3530 primo
