2600 4000
225 286 267 348 40
416 285 530 345 LIBER
541 284 644 346 XXXI.
668 284 750 345 CAP.
763 292 806 345 45.
830 289 866 358 [a.
879 288 913 342 U.
926 306 950 342 e.
962 289 1026 350 552]

226 437 361 512 mallent,
381 443 545 511 postquam
564 433 720 510 praesidio
741 432 826 508 regio
848 449 949 495 arcem
969 435 1065 495 teneri
1085 451 1143 496 nec
1164 451 1200 497 ec

224 518 385 596 potestatis
401 534 476 579 suae
487 533 559 578 esse
573 517 810 592 respondebant,
826 517 975 592 expositis
990 519 1089 594 copiis
1103 534 1197 594 appa·
1296 581 1298 590 ,

223 609 353 679 natuque
368 602 449 664 omni
469 602 589 662 urbium
610 600 886 676 oppugnandarum
906 598 1038 662 diversis
1060 601 1198 678 partibus

222 703 278 746 rex
294 689 452 762 allegatus
464 686 620 746 Romanus
631 685 672 743 ad
683 684 789 744 urbem
801 683 941 743 subeunt.
964 685 1198 761 plusaliquanto

224 772 361 836 Graecos
375 771 514 829 Romana
534 784 618 828 arma
637 767 787 842 signaque
801 783 862 827 non
879 772 949 827 ante
961 767 1030 827 visa
1044 769 1199 844 animique

224 855 349 914 militum
370 860 431 912 tam
452 858 593 927 prompte
613 850 843 911 succedentium
858 867 963 912 muros
977 857 1122 911 terruere.
1143 853 1199 912 ita·

225 953 285 1013 que
300 937 371 1010 tuga
386 936 538 1009 extemplo
554 934 584 993 in
599 950 701 994 arcem
714 935 793 994 lacta
806 940 870 1004 est;
892 935 968 995 urbe
981 934 1089 995 hostes
1101 935 1200 1010 potiti.

222 1027 252 1081 et
266 1019 296 1079 in
312 1034 383 1078 arce
398 1034 467 1078 oum
482 1018 606 1078 biduum
620 1017 681 1078 loci
696 1034 731 1078 se
745 1018 841 1093 magis
855 1034 946 1092 quam
957 1034 1109 1079 armorum
1120 1018 1199 1079 fldu·

222 1104 269 1163 cia
285 1101 463 1174 tenuissent,
476 1101 565 1163 tertio
580 1102 630 1160 die
645 1102 734 1175 pacti,
748 1102 808 1177 ipsi
821 1101 1069 1177 praesidiumque
1083 1108 1117 1161 ut
1130 1117 1200 1161 cum

222 1186 350 1259 singulis
379 1184 568 1246 vestimentis
595 1184 713 1244 Delium
742 1185 887 1246 Boeotiae
920 1184 1200 1259 transveherentur,

221 1268 328 1329 urbem
348 1285 514 1345 arcemque
527 1267 725 1328 tradiderunt.
754 1285 791 1328 ea
804 1269 841 1329 ab
856 1269 1002 1328 Romanis
1016 1268 1082 1342 regi
1095 1268 1198 1329 Attalo

222 1368 390 1413 concessae
411 1352 558 1428 praedam
579 1357 818 1427 ornamentaque
837 1351 923 1412 urbis
943 1351 1003 1426 ipsi
1021 1358 1200 1411 avexerunt

221 1437 342 1496 Attalus
357 1451 396 1496 ne
411 1437 562 1496 desertam
576 1434 703 1494 haberet
717 1435 856 1510 insulam,
873 1443 904 1495 et
917 1435 1120 1495 Macedonum
1136 1436 1202 1495 iere

222 1519 363 1580 omnibus
376 1526 406 1580 et
419 1519 601 1594 quibusdam
607 1517 801 1593 Andriorum,
813 1526 847 1579 ut
856 1525 1022 1593 manerent,
1035 1518 1200 1594 persuasit.

223 1608 332 1679 postea
346 1611 377 1664 el
391 1605 430 1664 ab
445 1600 546 1673 Delio,
569 1601 621 1678 qui
634 1617 673 1661 ex
688 1608 778 1676 pacto
793 1601 920 1662 travecti
934 1617 971 1663 eo
987 1603 1114 1676 fuerant,
1130 1618 1200 1678 pro·

222 1686 324 1746 missis
345 1687 443 1762 regis,
466 1702 533 1747 curm
548 1685 735 1746 desiderium
750 1701 875 1761 quoque
895 1686 1010 1762 patriae
1024 1685 1144 1746 facilius
1160 1684 1199 1746 ad

222 1771 410 1831 credendum
424 1770 581 1830 inclinaret
594 1768 722 1843 animos,
737 1769 883 1830 revocati.

305 1855 353 1913 Ab
369 1854 474 1914 Andro
490 1854 641 1932 Cythnum
655 1854 847 1914 traiecerunt.
874 1853 914 1913 ibi
930 1852 997 1913 dies
1012 1852 1130 1926 aliquot
1146 1868 1201 1927 op·

222 1936 388 2015 pugnanda
402 1937 478 1998 urbe
492 1937 679 2013 nequiquam
692 1937 861 2012 absumptia
887 1944 918 1998 et
932 1936 1004 2013 quia
1018 1936 1072 1996 vix
1086 1951 1202 2013 operae

223 2020 353 2098 pretium
368 2025 442 2095 erat,
457 2022 649 2082 abscessere.
686 2021 727 2080 ad
741 2021 863 2081 Prasias
874 2054 918 2067 —
928 2022 1110 2082 continentis
1125 2021 1200 2082 Atti·

222 2119 278 2166 oae
293 2104 319 2165 is
340 2106 428 2165 loeus
451 2107 735 2166 est—Issaeorum
755 2104 861 2180 viginti
875 2104 965 2165 lembi
981 2105 1073 2165 classi
1089 2106 1201 2165 Roma·

222 2205 331 2250 norum
346 2189 480 2250 adiuncti
495 2197 573 2251 sunt.
596 2190 616 2249 ii
631 2189 718 2250 missi
729 2190 769 2249 ad
783 2189 980 2264 populandos
992 2188 1201 2264 Carystiorum

222 2289 332 2348 agros3
362 2280 463 2333 cetera
481 2275 590 2335 elassis
606 2274 800 2344 Geraestum,
823 2271 955 2332 nobilem
969 2272 1114 2334 Euboeae
1129 2288 1200 2348 por·

221 2366 293 2431 tum,
309 2357 381 2418 dum
397 2358 436 2417 ab
452 2356 580 2435 Carysto
595 2357 692 2416 Issaei
705 2357 847 2428 redirent,
861 2356 965 2416 tenuit.
996 2356 1068 2415 inde
1083 2370 1202 2430 omnes,

223 2441 297 2500 velis
312 2439 342 2498 in
357 2441 449 2500 altum
465 2441 559 2513 datis,
580 2440 656 2498 mari
670 2438 771 2498 medio
787 2446 909 2512 praeter
923 2439 1054 2517 Scyrum
1069 2439 1201 2500 insulam

221 2525 304 2582 lcum
319 2536 497 2595 pervenere.
527 2521 569 2580 ibi
584 2537 701 2595 paucos
717 2521 783 2580 dies
798 2523 953 2583 saeviente
966 2524 1068 2583 Borea
1081 2523 1199 2595 retenti,
1297 2573 1298 2576 ,

221 2604 273 2665 ubi
287 2604 385 2679 prima
397 2604 599 2679 tranquillitas
611 2604 683 2663 data
694 2610 749 2677 est,
762 2604 917 2666 Sciathum
929 2607 1083 2680 traiecere,
1098 2613 1201 2666 vasta·
1297 2629 1298 2634 ¹

222 2695 283 2748 lam
307 2686 414 2746 urbem
443 2687 654 2762 direptamque
679 2703 778 2762 nuper
798 2705 817 2748 a
835 2688 985 2766 Philippo.
1025 2700 1083 2764 per
1107 2705 1201 2765 agros
1297 2739 1298 2744 ,

221 2769 315 2845 palati
335 2769 445 2830 milites
465 2771 663 2846 trumentum,
684 2772 755 2831 etsi
770 2789 831 2847 qua
852 2773 912 2833 alia
924 2773 994 2834 usui
1009 2788 1080 2834 esse
1094 2774 1134 2833 ad
1147 2788 1201 2831 ve·
1297 2767 1298 2846 ἶ

138 2865 143 2877 “
222 2854 370 2914 scendum
391 2861 547 2929 poterant,
568 2854 608 2913 ad
628 2870 724 2914 naves
738 2858 890 2916 rettulere.
914 2858 1048 2932 praedae
1062 2872 1120 2917 nec
1134 2862 1201 2916 erat
1297 2849 1298 2858 ’

222 2937 401 3012 quicquam,
424 2953 481 2997 neo
495 2945 667 2999 meruerant
680 2938 803 3014 Graeci,
819 2955 874 3000 cur
888 2940 1101 3015 diriperentur.
1128 2939 1203 3000 inde

224 3020 448 3081 Cassandream
466 3027 605 3096 petentes
626 3022 724 3098 primo
747 3025 786 3082 ad
800 3023 998 3097 Mendaeum,
1019 3024 1202 3085 maritimum

222 3104 351 3165 civitatis
367 3105 433 3165 eius
448 3105 557 3180 vicum,
571 3111 706 3166 tenuere.
728 3106 799 3167 inde
814 3123 881 3169 cum
896 3114 1042 3184 superato
1055 3123 1201 3183 proruun-

221 3187 299 3248 turio
322 3189 360 3248 ad
381 3189 452 3265 ipsa
470 3190 591 3250 moenia
610 3190 696 3250 urbis
711 3192 918 3266 circumagere
932 3194 1064 3253 classem
1078 3192 1200 3263 vellent,

222 3287 316 3332 saeva
331 3280 437 3333 coorta
451 3279 633 3348 tempestate
648 3285 751 3349 prope
762 3275 860 3335 obruti
875 3276 1033 3348 fluctibus,
1049 3275 1201 3350 dispersi;

221 3371 331 3430 magna
345 3372 385 3416 ex
399 3364 485 3433 parte
500 3358 621 3418 amissis
636 3360 829 3418 armamentis
843 3360 874 3419 in
888 3366 1000 3419 terram
1018 3359 1200 3434 effugerunt

221 3455 310 3499 omen
326 3457 451 3516 quoque
474 3457 511 3500 ea
523 3442 672 3502 maritima
684 3448 851 3516 tempestas
865 3444 905 3503 ad
918 3457 982 3503 rem
997 3450 1079 3503 terra
1093 3458 1201 3519 geren-

221 3523 290 3582 dam
306 3525 370 3584 tuit.
393 3542 462 3584 nam
477 3526 611 3586 collectis
626 3526 657 3584 in
671 3542 764 3587 unum
778 3526 907 3587 navibus
923 3528 1139 3602 expositisque
1148 3540 1188 3586 oo
