2600 4000
249 279 363 340 LIBER
374 279 478 340 xxxi.
501 280 660 342 CAP.2.3.
674 291 699 342 4.
721 288 755 354 [a.
769 287 875 354 0.le
1043 281 1063 343 3

101 434 299 508 populationes
315 433 392 495 satis
407 449 559 510 prospere
573 449 610 493 ac
624 441 689 495 tuto
705 433 785 493 iecit.
817 433 936 493 delecto
952 434 1063 495 deinde

101 516 134 575 ad
147 524 272 580 castrum
285 517 424 579 Mutilum
444 518 519 578 satis
534 518 647 578 idoneo
666 518 736 578 loeo
753 516 794 576 ad
808 516 989 577 demetenda
1003 518 1061 577 iru-

99 609 188 660 menta
199 601 313 661 -iam
334 602 414 661 enim
433 607 571 661 maturae
591 607 680 662 erant
704 606 827 674 segetes
840 630 885 642 -
898 601 1063 676 proiectus,

99 697 187 758 neque
201 685 360 760 explorato
376 685 466 759 circa,
489 700 547 745 nec
562 684 747 745 stationibus
762 682 839 743 satis
854 682 960 758 firmis,
984 700 1064 759 quae

98 773 216 828 armatae
235 766 370 828 inermes
391 775 484 844 atque
499 768 586 844 operi
600 767 733 828 intentos
747 773 931 842 tutarentur,
953 766 1063 843 positis

30 866 31 871 ¹
96 848 249 926 improviso
271 851 386 927 impetu
401 853 556 913 Gallorum
571 866 640 911 cum
659 850 928 912 frumentatoribus
944 858 993 912 est
1007 850 1064 911 air·

96 945 272 996 cumventus.
300 936 372 995 inde
387 951 484 1009 pavor
499 936 635 1010 iugaque
649 935 740 996 etiam
754 940 887 995 armatos
904 936 994 1011 cepit.
1023 936 1062 996 ad

94 1024 200 1094 septem
224 1019 309 1080 milia
332 1019 489 1080 hominum
515 1020 618 1094 palata
638 1035 695 1094 per
715 1026 837 1093 segetes
860 1024 932 1080 sunt
953 1035 1063 1089 caesa3

94 1098 160 1162 inter
179 1120 258 1179 quos
280 1103 348 1178 ipse
369 1103 400 1163 c.
418 1102 550 1177 Ampius
571 1103 760 1177 praelectusc
795 1103 889 1164 ceteri
909 1104 939 1163 in
960 1110 1063 1164 eastra

92 1192 163 1249 metu
181 1186 343 1263 compulsi.
378 1186 451 1246 inde
472 1186 540 1246 sine
560 1193 643 1247 certo
665 1188 744 1247 duce
765 1202 923 1248 consensu
942 1187 1062 1248 militari

91 1270 219 1342 proxima
232 1275 326 1332 nocte
339 1269 446 1330 relicta
459 1284 571 1344 magna
585 1277 673 1345 parte
686 1286 789 1331 rerum
800 1286 926 1331 suarum
938 1272 978 1332 ad
989 1287 1061 1331 con-

91 1353 178 1415 sulem
198 1372 257 1431 per
278 1354 376 1414 saltus
391 1369 491 1428 prope
505 1352 604 1414 invios
618 1370 798 1430 pervenere.
835 1354 888 1429 qui
902 1353 962 1415 nisi
977 1355 1062 1430 quod

90 1439 245 1513 popidatus
269 1443 318 1498 est
336 1437 482 1498 Boiorum
501 1437 570 1497 finis
592 1446 623 1498 et
643 1454 712 1498 cum
732 1438 878 1513 Ingaunis
898 1437 1060 1514 Liguribus

92 1519 192 1582 loedus
214 1522 303 1596 lecit,
325 1520 399 1580 nihil
421 1522 505 1596 quod
524 1528 609 1582 esset
628 1522 825 1583 memorabile
846 1522 930 1582 aliud
944 1523 975 1583 in
989 1540 1059 1598 pro

88 1602 179 1666 vincia
193 1622 265 1667 cum
279 1604 438 1681 gessisset,
456 1606 584 1666 Romam
598 1604 698 1667 rediit.

160 1689 209 1748 lIl.
232 1691 309 1750 Cum
323 1689 454 1764 primum
468 1695 608 1750 senatum
621 1689 729 1750 habirit
738 1688 892 1749 universis
905 1690 1062 1764 postulan-

89 1769 174 1847 tibus,
195 1790 235 1834 ne
251 1789 344 1849 quam
358 1774 444 1848 prius
459 1789 524 1833 rem
539 1789 630 1849 quam
645 1774 685 1834 de
698 1773 839 1848 Philippo
855 1789 892 1832 ao
907 1772 1062 1834 sociorum

88 1858 213 1928 querelis
236 1863 354 1932 ageret,
375 1859 504 1918 relatum
525 1859 679 1933 extemplo
701 1864 766 1930 est;
789 1857 988 1933 decrevitque
1002 1858 1061 1919 lre·

88 1953 179 2013 quens
202 1946 400 2016 senatus,‚‚ut
420 1940 452 1999 Ρ.
467 1941 575 2003 Aelius
596 1943 720 2013 consul,
746 1957 837 2019 quem
852 1941 1009 2003 videretur
1023 1943 1061 2018 ei,

85 2037 148 2084 oum
161 2026 292 2101 imperio
306 2026 445 2099 mitteret,
461 2025 514 2100 qui
529 2027 630 2086 classe
644 2033 782 2101 accepta,
799 2043 891 2101 quam
906 2043 946 2087 ex
958 2025 1062 2088 Sicilia

85 2104 131 2165 Cn.
148 2106 294 2169 Octavius
308 2108 481 2181 reduceret
496 2109 527 2166 in
541 2108 754 2169 Macedoniam
766 2111 917 2170 traiceret.
941 2110 983 2168 Μ.
998 2112 1060 2169 Va·

83 2190 172 2252 lerius
186 2191 342 2250 Laevinus
357 2196 540 2263 propraetor
553 2188 669 2251 missus
684 2192 767 2250 circa
777 2191 931 2249 Vibonem
945 2192 1062 2251 duode

83 2272 286 2348 quadraginta
305 2271 434 2332 novibus
456 2272 495 2332 ab
512 2271 563 2331 cn.
581 2270 707 2333 Octavio
722 2273 859 2347 acceptis
874 2273 905 2331 in
918 2272 1061 2334 Macedo·

81 2359 159 2419 niarn
174 2356 352 2419 transmisit.
375 2356 416 2415 ad
430 2370 521 2431 quem
536 2371 604 2416 cum
615 2356 655 2417 Μ.
668 2357 813 2417 Aurelius
827 2358 946 2433 legatus
960 2358 1062 2418 venis·

82 2448 139 2516 set,
170 2440 413 2516 edocuissetque
441 2455 512 2500 eum
547 2448 680 2515 quantos
707 2440 877 2516 exercitus,
915 2448 1061 2518 quantum

82 2525 201 2587 namium
215 2540 374 2585 numerum
385 2531 598 2600 comparasset
606 2541 672 2597 rex,
689 2526 967 2602 quemadmodum
979 2526 1060 2588 circa

83 2610 177 2671 omnis
193 2625 256 2671 non
272 2609 454 2669 continentis
465 2608 558 2669 modo
569 2609 663 2669 urbes
675 2609 732 2670 sed
746 2609 835 2669 etiam
846 2610 973 2685 insulas,
988 2629 1057 2688 par·

82 2691 129 2751 tim
142 2693 214 2769 ipse
229 2692 371 2753 adeundo
385 2693 496 2769 partim
507 2708 563 2767 per
577 2694 705 2768 legatos,
721 2693 856 2754 conciret
866 2693 1007 2757 homines
1019 2696 1059 2756 ad

82 2791 177 2848 armac
206 2775 324 2837 maiore
347 2782 459 2837 conatu
478 2776 624 2837 Romanis
646 2777 679 2837 id
698 2778 924 2851 capessendum
944 2779 1057 2839 bellum

82 2873 158 2935 esse,
172 2876 213 2921 ne
229 2861 440 2920 cunctantibus
454 2860 492 2919 iis
506 2859 633 2921 auderet
643 2860 812 2936 Philippus,
830 2862 1057 2940 quodPyrrhus

47 2949 53 2954 ’
82 2944 163 3017 prius
183 2959 280 3005 ausus
302 2959 341 3003 ex
355 2944 511 3019 aliquanto
527 2944 644 3004 minore
658 2960 754 3019 regno
770 2950 869 3005 esset=
891 2946 968 3006 haee
983 2947 1058 3006 scri·

82 3024 150 3087 bere
165 3028 276 3088 eadem
289 3027 447 3087 Aurelium
462 3029 640 3088 consulibus
657 3028 840 3103 senatuique
854 3029 978 3105 placuit.

156 3112 210 3171 lV.
233 3111 325 3171 Exitu
346 3111 437 3172 huius
459 3112 529 3172 anni
545 3129 613 3173 cum
628 3111 668 3173 de
682 3112 765 3187 agris
779 3119 917 3173 veterum
931 3114 1058 3174 militum

81 3197 205 3256 relatum
226 3202 324 3270 esset,
347 3195 400 3271 qui
422 3195 515 3256 ductu
535 3203 631 3272 atque.
648 3195 788 3272 auspicio
802 3195 834 3254 P.
850 3195 1005 3271 Scipionis
1027 3198 1058 3257 in

81 3276 181 3340 Airica
194 3278 310 3340 bellum
324 3278 536 3355 perfecissent,
559 3280 762 3340 decreverunt
777 3287 891 3355 patres,
906 3288 940 3341 ut
952 3281 993 3339 M.
1008 3281 1057 3342 Iu·

80 3364 146 3423 nius
161 3369 286 3438 praetor
300 3363 395 3438 urbis,
410 3362 437 3423 si
451 3363 479 3424 ei
492 3363 655 3437 videretur,
672 3363 864 3425 decemviros
879 3379 954 3438 agro
970 3361 1056 3424 Sam-

80 3441 130 3506 niti
145 3448 322 3523 Apuioque
345 3447 430 3522 quod
444 3447 511 3508 eius
526 3448 682 3523 publicum
697 3448 805 3522 populi
818 3446 949 3507 Romani
964 3452 1058 3515 esset,

78 3530 231 3591 metiendo
256 3531 485 3604 dividendoque
512 3538 637 3591 crearet.
672 3531 765 3590 creati
788 3527 996 3669 Pi*Servitius
1022 3524 1056 3592 0.
