2600 4000
287 226 535 344 curamur.
559 265 641 362 chr.
658 248 756 328 uri.
771 270 852 338 [ac.
867 265 928 341 192]
1035 264 1096 327 aro

119 435 221 495 regem
235 427 282 494 ut,
303 419 463 494 quoniam,
484 417 568 494 quod
588 417 753 475 maximum
774 416 877 490 luerit,
898 416 967 490 ipse
981 416 1096 477 vindex

119 502 265 563 Graeciae
279 502 412 576 venerit,
427 502 535 577 copias
550 516 676 577 quoque
687 498 839 560 terrestris
855 499 1037 573 navalisque
1049 516 1095 559 ar·

119 594 229 646 cessat.
258 592 405 646 armatum
425 600 529 660 regem
549 584 665 661 aliquid
686 583 929 659 impetraturum
951 581 1096 642 inermem

119 684 181 729 non
195 686 250 745 pro
263 669 382 730 Aetolis
398 668 506 742 modo,
532 670 589 729 sed
608 683 648 727 ne
663 684 725 742 pro
747 680 782 728 se
803 666 927 743 quidem
947 666 1017 742 ipso
1032 683 1095 729 mo·

118 753 211 814 menti
224 753 315 813 ullius
329 754 462 814 tutorum
476 753 561 827 apud
570 753 737 813 Romanos.
756 750 834 812 haec
844 750 917 811 vicit
929 751 1095 822 sententia,

118 836 394 912 imperatoremque
413 851 518 912 regem
538 836 755 912 appellandum
776 841 976 910 censuerunt,
998 840 1029 895 ot
1044 834 1095 894 tn·-

117 919 202 994 ginta
225 919 397 995 principes,
424 935 502 980 cunr-
519 920 631 995 quibus
657 919 684 979 si
706 935 766 995 qua
786 921 876 980 vellet
899 921 1094 993 consultaret,

118 1004 305 1078 delegerunt.
683 1060 685 1064 Α
1085 1012 1087 1016 ·

196 1087 305 1148 XLVI.
327 1088 371 1147 lta
385 1087 512 1149 dimisso
534 1086 663 1148 concilio
683 1084 842 1147 multitudo
861 1085 961 1147 omnis
975 1086 1006 1147 in
1021 1102 1095 1148 suas

117 1170 255 1232 civitates
268 1170 389 1246 dilapsa
399 1178 456 1232 est.
470 1186 525 1231 rex
537 1177 663 1245 postero
675 1169 725 1231 die
737 1185 805 1230 cum
817 1169 967 1245 apocletis
979 1185 1095 1247 eorum,

15 1327 19 1332 ¹
118 1254 200 1314 uude
213 1254 326 1315 bellum
342 1254 506 1330 ordiretur,
528 1252 729 1315 consultabat.
759 1253 906 1328 optimum
925 1253 1026 1315 visum
1048 1261 1096 1316 est

118 1337 306 1413 Chalcidem,
328 1338 440 1398 trustra
454 1339 493 1399 ab
507 1338 626 1400 Aetolis
639 1353 739 1413 nuper
752 1344 942 1413 temptatam,
964 1338 1094 1413 primum
1109 1336 1111 1338 ’
1159 1401 1163 1408 ,

117 1421 259 1496 adgredi=
292 1427 322 1482 et
347 1421 499 1483 celeritate
523 1423 621 1498 magis
646 1422 677 1481 in
698 1437 766 1482 eam
786 1437 851 1483 rem
872 1438 964 1498 quarn
982 1438 1094 1499 magno

119 1511 230 1566 conatu
248 1512 278 1566 et
292 1511 443 1580 apparatu
458 1521 537 1581 opus
549 1521 629 1567 esse.
653 1506 836 1580 itaquecum
846 1506 928 1566 mille
940 1506 1093 1581 peditibus
1174 1551 1176 1555 .

116 1603 187 1662 rex,
201 1585 254 1664 qui
266 1587 305 1647 ab
316 1588 512 1649 Demetriade
523 1586 622 1649 secuti
631 1593 732 1661 erant,
751 1589 910 1663 profectus
921 1601 978 1661 per
986 1581 1094 1645 Phoci·

118 1671 187 1731 dem
203 1678 266 1743 est,
291 1678 322 1732 et
339 1670 400 1733 alio
419 1670 527 1734 itinere
537 1670 694 1748 principes
705 1670 808 1731 Aetoli
820 1667 972 1730 iuniorum
985 1667 1094 1742 paucis

110 1753 254 1816 evocatis
266 1757 306 1816 ad
320 1756 529 1819 Chaeroneam
541 1761 749 1828 occurrerunt,
767 1760 799 1813 et
809 1754 917 1814 decem
929 1747 1094 1812 constratis

106 1835 244 1894 'natibus
260 1838 355 1894 secuti
371 1845 451 1895 sunt.
472 1852 528 1894 rex
542 1836 582 1893 ad
598 1835 751 1908 Salganea
764 1832 873 1902 castris
891 1831 1017 1907 posiliS,
1039 1848 1092 1891 na-

117 1916 204 1977 vibus
219 1917 372 1992 ipse'cum
395 1918 583 1992 principibus
598 1915 777 1976 Aetolorum
791 1913 937 1990 Euripum
958 1915 1092 1987 traiecit;

115 2008 146 2060 et
166 2017 235 2060 cum
255 2001 338 2060 haud
358 2002 465 2074 procul
491 2006 582 2074 portu
606 2014 753 2075 egressus
766 2006 872 2072 esset,
898 1999 1092 2076 magistratus

116 2098 241 2157 quoque
257 2081 501 2162 Chalcidensium
515 2087 547 2142 et
559 2084 714 2156 principes
736 2089 805 2144 ante
826 2089 944 2157 portam
966 2099 1090 2159 proces·

117 2172 231 2225 serunt
262 2164 353 2240 pauci
376 2164 528 2238 utrimque
552 2165 592 2224 ad
616 2166 802 2239 colloquium
827 2166 986 2240 congressi
1012 2173 1091 2226 sunt.

58 2255 62 2261 '
117 2247 217 2308 Aetoli
231 2262 419 2323 magnopere
433 2248 578 2321 suadere,
594 2255 627 2310 ul
642 2249 729 2317 salva
741 2249 949 2309 Romanorum
963 2248 1093 2310 amicitia

115 2347 219 2407 regem
235 2347 360 2408 quoque
374 2332 570 2392 adsumerent
584 2331 702 2392 socium
716 2339 808 2407 atque
826 2331 970 2393 amicumz
992 2347 1093 2408 neque

117 2415 198 2475 enim
212 2430 282 2477 eum
296 2416 445 2476 inferendi
460 2415 532 2476 belli
542 2416 599 2476 sed
609 2416 786 2476 liberandae
797 2415 944 2477 Graeciae
956 2431 1051 2476 causa
1061 2416 1091 2475 in

67 2524 73 2531 ·
116 2499 270 2575 Europam
285 2499 459 2571 reiecisse,
485 2505 516 2559 et
535 2500 712 2560 liberandae
730 2514 780 2573 re,
805 2517 868 2562 non
882 2500 986 2560 vorbis
1007 2507 1037 2561 et
1051 2500 1088 2560 si·
1126 2549 1129 2554 .

116 2584 294 2659 mutatione,
321 2584 405 2658 quod
430 2583 577 2644 iecissent
595 2583 735 2646 Romani.
768 2583 842 2645 nihil
868 2590 968 2645 aulem
988 2583 1090 2666 utilius

117 2666 262 2728 Graeciae
277 2666 449 2728 civitatibus
464 2681 535 2728 esse
551 2684 642 2743 quam
657 2673 818 2743 utramque
840 2668 1000 2743 complecti
1018 2668 1091 2728 ami-

116 2749 231 2811 citiamz
253 2751 294 2810 ita
308 2748 388 2810 enim
403 2749 442 2810 ab
455 2748 616 2826 utriusque
635 2750 745 2811 iniuria
758 2756 852 2820 tutam
867 2752 991 2812 alterius
1012 2767 1091 2812 sem-

115 2848 172 2907 per
185 2832 339 2907 praesidio
355 2839 386 2893 el
399 2833 512 2893 fiducia
527 2835 602 2894 lore.
624 2851 694 2894 nam
714 2835 741 2893 si
759 2850 824 2900 ¹nou
839 2836 1031 2910 recepissent
1044 2851 1091 2894 re-

115 2931 200 2991 gem,
221 2916 376 2989 viderent,
398 2916 472 2992 quid
493 2916 669 2992 patiendum
688 2917 725 2976 iis
741 2919 894 2993 extemplo
909 2919 1002 2993 foret,
1024 2934 1091 2979 cun.

116 3000 323 3062 Romanorum
337 3001 446 3074 procul
460 3000 619 3074 auxihum,
635 3000 733 3062 hostis
747 3001 934 3076 Antiochus,
952 3002 1001 3062 cui
1016 3002 1092 3062 resi·

116 3090 198 3144 stere
212 3084 278 3145 suis
292 3084 409 3144 viribus
422 3099 485 3145 non
497 3092 639 3159 possent,
654 3091 725 3146 ante
735 3093 840 3160 portas
853 3092 944 3147 esset.
964 3085 1092 3146 adhaec

115 3166 277 3245 Micythio,
298 3185 379 3230 unus
400 3184 441 3229 ex
460 3167 667 3244 principibus,
689 3167 790 3229 mirari
810 3185 846 3230 se
866 3168 943 3229 dixit
957 3170 997 3230 ad
1012 3185 1092 3245 quos

117 3249 292 3313 liberandos
302 3252 473 3313 Antiochus
488 3252 593 3314 relicto
607 3267 703 3328 regno
719 3269 776 3332 suo
791 3253 822 3313 in
832 3253 988 3329 Europam
1003 3252 1091 3313 traie-

117 3331 225 3394 cissetz
246 3336 359 3396 nullam
373 3335 453 3396 enim
474 3335 625 3397 civitatem
640 3352 676 3397 se
691 3337 722 3395 iu
738 3336 866 3398 Graecia
880 3353 991 3413 nosse,
1013 3350 1092 3411 quae

117 3423 169 3475 cut
182 3418 369 3490 praesidium
382 3418 508 3495 habeat,
529 3427 582 3480 aut
601 3418 785 3494 stipendium
800 3421 947 3483 Romanis
969 3420 1091 3495 pendat,
1128 3487 1130 3493 Α

70 3497 72 3502 ’
118 3503 170 3559 uu
183 3498 308 3561 loedere
322 3502 427 3578 iniquo
443 3503 577 3577 adligata
591 3518 669 3578 ques
686 3504 762 3564 nolit
775 3503 860 3579 leges
874 3504 1013 3580 patiatur.
1036 3502 1087 3563 ita·
1133 3519 1136 3522 ·
