2600 4000
186 342 188 347 ,
224 273 287 338 arc
380 272 623 332 benamu
647 271 831 332 caraem
857 271 1046 352 [numam]

224 428 282 488 bus
303 425 370 486 aliis
391 423 503 484 laetitia
518 402 619 483 effusa
632 422 822 498 significatur
836 421 928 498 vulgi.
959 422 1064 482 XLIV.
1078 422 1119 486 iu
1134 439 1208 485 cou-

225 512 326 573 cilium
340 516 374 570 ut
387 515 511 570 ventum
525 512 588 581 est,
610 522 703 582 aegre
716 521 735 566 a
748 504 891 566 Phaenea
905 513 1046 581 praetore
1060 505 1206 584 principi·

225 592 347 670 busque
361 593 428 653 aliis
440 591 659 667 [introductus‚
675 590 757 663 inde]
770 591 851 652 lacto
864 588 985 651 silentio
998 590 1102 650 dicere
1114 607 1206 654 orsus

223 695 290 759 reu.
313 677 411 753 prima
424 677 492 738 eius
507 675 604 737 oratio
620 674 675 735 luit
688 675 882 748 excusantis,
904 674 989 748 quod
1008 680 1093 736 tanto
1109 676 1207 739 mino·

224 763 309 824 ribus
326 777 384 837 spe
398 768 492 837 atque
503 759 649 836 opinione
660 758 795 819 omnium
806 758 906 834 copiis
919 757 1063 820 venisset.
1087 759 1121 819 id
1132 777 1207 822 suae

225 848 383 924 impensae
397 861 471 919 erga
485 860 541 906 eos
557 841 721 905 voluntatis
741 842 907 904 niaximum
928 843 1042 903 debere
1061 843 1206 906 indicium

225 947 312 1005 esse,
334 929 419 1005 quod
434 943 492 988 nec
508 935 634 1003 paratus
651 927 727 988 satis
740 928 804 988 ulla
818 943 853 988 re
867 933 898 988 et
911 932 1051 1002 tempore
1066 928 1106 988 ad
1121 929 1208 1001 navi·

224 1013 358 1088 gandurn
373 1011 533 1074 immaturo
546 1011 729 1074 vocantibus
744 1011 852 1086 legatis
864 1026 971 1071 eorum
983 1011 1067 1072 haud
1078 1020 1208 1087 gravate

104 1120 107 1125 ·
205 1108 206 1111 ’
224 1098 391 1157 obsecutus
407 1102 507 1172 esset,
523 1096 784 1171 credidissetque,
799 1111 869 1156 curn
883 1111 918 1156 se
931 1094 1082 1156 vidissent
1096 1099 1207 1175 Aetoli,

224 1180 327 1242 onmia
340 1182 390 1242 vel
403 1180 433 1240 in
450 1195 485 1241 se
498 1196 561 1242 uno
582 1181 686 1255 posita
706 1179 862 1255 praesidia
878 1179 1107 1242 existimaturos
1123 1196 1207 1243 esse.

224 1272 480 1326 ceterum-eorum
496 1280 621 1340 quoque
635 1279 686 1340 se,
708 1279 839 1339 quorum
853 1265 1045 1339 exspectatio
1061 1264 1208 1326 destituta

223 1351 254 1410 in
276 1349 452 1423 praesentia
472 1348 626 1421 videatur,
648 1364 737 1423 spem
758 1348 880 1408 abunde
901 1349 1101 1422 expleturum.
1133 1365 1207 1410 nam

224 1432 314 1493 simul
328 1431 459 1508 primum
474 1431 545 1491 anni
565 1438 687 1511 tempus
708 1431 880 1507 navigabile
900 1431 1094 1506 praebuisset
1107 1448 1206 1511 mare,

224 1532 345 1577 omnem
359 1532 394 1577 se
410 1514 569 1576 Graeciam
582 1516 675 1575 armis
690 1516 765 1580 uiris
779 1516 884 1592 equis,
906 1531 1027 1579 ornnem
1040 1532 1128 1579 oraru
1141 1532 1207 1577 ma-

223 1600 353 1662 ritimam
369 1599 521 1661 classibus
536 1599 775 1675 completurum,
790 1616 848 1660 nec
859 1599 1019 1675 impensae
1033 1616 1091 1661 nec
1105 1601 1205 1661 labori

225 1701 282 1746 nec
296 1685 434 1760 periculo
448 1699 626 1759 parsurum,
645 1682 745 1744 donec
760 1684 891 1759 depulso
907 1683 1081 1745 cervicibus
1096 1699 1205 1747 eorum

223 1769 351 1845 imperio
362 1769 504 1829 ‘Romano
519 1768 645 1829 liberam
660 1782 734 1827 vere
745 1766 904 1828 Graeciam
916 1775 1009 1845 atque
1023 1769 1054 1828 in
1067 1783 1107 1828 ea
1121 1770 1205 1845 prin·
1294 1780 1295 1801 ³

224 1854 310 1928 cipes
324 1854 453 1913 Aetolos
469 1853 602 1912 lecisset.
625 1868 694 1912 cum
715 1851 899 1913 exercitibus
920 1858 1109 1913 commeatus
1126 1870 1204 1928 quo·

224 1951 285 2011 que
300 1936 399 1997 omnis
415 1936 537 2011 generis
552 1952 592 1997 cx
606 1935 683 1996 Asia
697 1942 852 1997 venturos.
874 1936 904 1995 in
920 1937 1097 2013 praesentia
1110 1951 1202 1998 curae

223 2035 295 2079 esse
308 2020 426 2082 Aetolis
443 2021 571 2094 debere,
586 2027 620 2081 ut
634 2020 725 2096 copia
738 2020 879 2081 frumenti
895 2020 961 2082 suis
976 2026 1007 2082 et
1019 2036 1143 2083 annona
1157 2028 1198 2083 to

221 2103 357 2165 lerabilis
371 2121 473 2165 rerum
487 2105 615 2166 aliarum
630 2104 853 2182 suppeditetur.
877 2104 968 2173 XLV.
990 2105 1021 2165 in
1035 2104 1117 2166 hanc
1132 2120 1198 2166 sen·

223 2187 346 2250 tentiam
355 2206 412 2251 rex
423 2206 492 2250 cum
501 2205 612 2266 magno
625 2190 759 2251 omniurn
771 2189 908 2250 adsensu
918 2191 1039 2251 locutus
1047 2190 1203 2252 discessit

221 2281 293 2348 post
316 2274 489 2335 discessum
513 2274 596 2350 regis
621 2274 700 2336 inter
725 2275 804 2335 duos
833 2272 989 2349 principes
1013 2274 1201 2351 Aetolorum

220 2357 393 2419 Phaeneam
407 2365 438 2418 et
450 2357 633 2432 Thoantem,
654 2358 808 2419 contentio
830 2357 893 2419 luit.
920 2356 1078 2420 Phaeneas
1091 2373 1202 2421 recon-

221 2441 357 2502 ciliatore
371 2441 458 2516 pacis
473 2447 503 2500 et
518 2441 725 2515 disceptatore
739 2441 778 2501 de
795 2441 833 2501 iis
850 2458 929 2517 quac
944 2442 974 2501 in
990 2443 1204 2506 controversia

221 2540 291 2585 curn
311 2525 428 2598 populo
449 2524 587 2584 Romano
608 2530 726 2597 essent,
751 2524 897 2586 utendum
923 2526 1025 2601 potius
1046 2526 1203 2589 Antiocho

222 2606 368 2668 censebat
382 2622 473 2682 quam
490 2606 568 2666 duce
581 2606 664 2666 belli.
691 2608 856 2670 adveutum
873 2609 939 2671 eius
960 2615 991 2670 et
1011 2610 1203 2672 maiestatem

220 2690 261 2749 ad
281 2690 497 2751 verecundiam
519 2689 690 2751 taciendam
704 2692 851 2754 Romanis
870 2694 931 2754 vim
952 2694 1098 2755 maiorem
1114 2692 1202 2755 habi·

219 2783 317 2835 turam
333 2790 423 2850 quarn
438 2791 532 2834 arma.
554 2776 649 2835 nrulta
661 2775 817 2852 homines,
833 2793 871 2838 ne
881 2778 998 2839 bellare
1008 2793 1138 2840 necesse
1150 2778 1201 2854 sit,

221 2861 375 2921 voluntate
388 2857 555 2935 remittere,
572 2875 653 2935 quae
666 2860 747 2921 bello
762 2866 794 2921 et
807 2861 899 2922 armis
914 2861 984 2938 cogi
995 2880 1057 2925 non
1068 2862 1202 2939 possint.

219 2940 321 3003 Th0as
337 2960 451 3019 negare
465 2943 535 3019 paci
550 2945 675 3006 studere
689 2943 876 3020 Phaeneam,
898 2947 956 3007 sed
977 2947 1131 3008 discutere
1144 2963 1201 3022 ap·

218 3033 359 3103 paratum
369 3028 441 3088 belli
451 3029 539 3103 velle,
550 3036 584 3089 ut
595 3028 696 3090 taedio
708 3035 738 3090 et
748 3029 879 3105 impetus
890 3031 1106 3105 relanguescat
1116 3031 1201 3106 regis

218 3118 249 3173 et
262 3111 391 3173 Romani
406 3118 527 3186 tempus
542 3111 582 3171 ad
596 3112 836 3187 comparandum
849 3112 990 3174 habeant.
1024 3114 1097 3175 nihil
1118 3114 1200 3176 enim

219 3192 309 3271 aequi
329 3194 369 3255 ab
388 3195 534 3256 Romanis
555 3195 708 3269 impetrari
729 3212 840 3273 posse,
860 3197 972 3259 totiens
993 3195 1199 3274 legationibus

217 3277 321 3340 missis
347 3278 490 3353 Romam,
515 3279 627 3340 totiens
649 3295 717 3341 curn
737 3281 807 3356 ipso
829 3281 967 3357 Quinctio
994 3282 1200 3358 disceptando

217 3363 293 3425 satis
308 3371 468 3438 expertum
483 3378 572 3432 esse;
595 3378 654 3424 nec
668 3364 727 3425 nisi
742 3365 865 3427 abscisa
879 3366 962 3426 omni
977 3382 1035 3442 spe
1050 3366 1198 3427 auxilium

216 3446 360 3508 Antiochi
380 3445 594 3522 imploraturos
610 3446 718 3508 luisse.
749 3465 810 3524 quo
833 3449 961 3511 celerius
983 3465 1042 3525 spe
1061 3450 1198 3511 omnium

217 3530 320 3593 oblato
341 3545 403 3590 nou
424 3546 497 3591 esse
517 3531 813 3605 elanguescendum,
840 3533 897 3592 sed
919 3533 1067 3594 orandum
1092 3533 1199 3610 potius
