2600 4000
228 226 291 291 lto
362 226 478 288 LIBER
491 224 626 286 xxlltV.
649 225 733 285 cap.
747 232 847 288 susa
870 226 907 302 [ι.
922 230 958 283 υ.
973 245 998 283 ο.
1012 222 1077 300 sse]

226 387 427 442 maturaretur
440 393 501 452 res,
517 375 674 453 proficisci
689 376 729 436 ad
744 375 886 436 dilectum
901 376 999 437 iussit.
1021 375 1129 438 Fulvio
1141 376 1208 438 l'la-
1295 356 1297 437 ἶ

226 463 382 538 minioque
395 468 483 523 terna
497 461 579 521 milia
591 461 800 522 Romanorum
813 458 963 534 peditum,
988 460 1107 520 centeni
1123 462 1210 537 equi·
1296 502 1297 505 ,

226 555 273 609 tes
287 549 319 608 in
330 547 585 622 supplementum,
600 550 631 604 et
641 543 735 620 quina
745 541 828 602 milia
838 542 956 604 socium
966 542 1065 604 Latini
1076 543 1211 605 nominis
1295 550 1297 573 ³

225 640 256 692 et
270 630 381 693 duceni
402 629 522 704 equites
537 627 668 698 decreti;
689 626 927 702 mandatumque
942 627 1153 702 praetoribus,
1177 635 1211 689 ut
1296 634 1297 637 ’

225 722 346 776 veteres
361 713 545 774 dimitterent
558 712 684 784 milites,
707 726 776 771 cum
789 710 819 769 in
835 708 1025 786 provinciam
1039 711 1211 772 venissent.

226 814 296 860 curn
316 797 426 859 milites
450 797 501 872 qui
521 797 552 856 in
573 794 746 870 legionibus
766 793 893 854 urbanis
907 801 1008 867 erant,
1030 795 1211 871 trequentes

225 883 364 946 tribunos
380 879 481 956 plebei
496 879 648 951 adissent,
665 878 708 940 uti
723 892 835 940 causas
850 885 1077 952 cognoscerent
1090 894 1210 952 eorum,
1295 912 1297 979 3

227 966 340 1042 quibus
361 969 415 1024 aut
434 961 561 1023 emerita
582 961 736 1038 stipendia
757 967 809 1023 aut
821 960 948 1021 morbus
964 976 1079 1022 causae
1093 972 1211 1037 essent,
1295 982 1297 1043 p

227 1065 289 1125 quo
314 1044 415 1107 minus
440 1047 613 1121 militarent,
640 1061 708 1106 eam
732 1061 796 1105 rem
822 1043 940 1105 litterae
963 1044 1007 1104 Ti.
1034 1043 1211 1121 Sempronii
1295 1054 1297 1089 ³

226 1132 453 1204 discusserunt,
479 1129 510 1190 in
535 1130 646 1205 quibus
673 1128 820 1205 scriptum
845 1134 911 1189 erat
929 1127 1075 1204 Ligurum
1100 1130 1211 1191 decem
1295 1108 1297 1175 ἶ

225 1213 309 1274 milia
332 1213 363 1273 in
384 1229 491 1288 agrum
509 1213 718 1274 Placentinum
739 1212 879 1286 venisse,
905 1219 1025 1274 etcum
1047 1228 1146 1289 usque
1167 1216 1211 1276 ad

225 1298 296 1373 ipsa
317 1297 458 1358 coloniae
478 1296 601 1358 moenia
619 1304 650 1357 et
663 1295 739 1357 Padi
758 1297 842 1372 ripas
864 1310 934 1356 cum
955 1297 1103 1358 caedibus
1118 1298 1210 1358 etin·

226 1381 344 1442 cendiis
364 1381 588 1456 perpopulatos
609 1396 699 1451 esse;
724 1380 870 1442 Boiorum
892 1395 1017 1455 quoque
1030 1386 1150 1457 gentem
1166 1384 1210 1443 ad

224 1465 422 1525 rebellionem
436 1471 588 1540 spectare.
621 1464 662 1525 ob
677 1480 732 1525 eas
745 1479 796 1524 res
810 1465 970 1525 tumultum
984 1479 1057 1525 esse
1072 1465 1212 1527 decrevit
1295 1522 1296 1529 ,

225 1555 370 1619 senatus;
403 1547 543 1610 tribunos
568 1547 671 1623 plebei
697 1564 761 1608 non
784 1548 908 1622 placere
934 1563 1046 1609 causas
1070 1548 1209 1611 militaris
1295 1594 1296 1597 η

225 1646 424 1709 cognoscere,
441 1631 618 1708 quominus
634 1630 674 1690 ad
689 1631 821 1691 edictum
836 1631 1061 1692 conveniretur.
1086 1632 1210 1694 adiece-
1295 1646 1297 1685 3

224 1723 294 1780 runt
308 1718 407 1791 etiam,
422 1722 456 1777 ut
469 1716 547 1776 socii
561 1713 693 1776 nominis
704 1714 810 1789 Latini,
826 1715 923 1790 quiin
937 1716 1075 1777 exercitu
1088 1714 1120 1774 P.
1134 1716 1206 1776 cor-

223 1800 295 1861 nelii
314 1800 357 1861 Ti.
374 1799 546 1876 Sempronii
567 1798 700 1860 luissent
717 1805 749 1860 et
768 1797 887 1860 dimissi
907 1799 946 1859 ab
967 1799 1005 1860 iis
1026 1800 1207 1861 consulibus

224 1892 343 1958 essent,
364 1890 397 1944 ut
411 1883 451 1944 ad
466 1899 558 1959 quam
572 1883 653 1943 diem
666 1882 700 1942 L.
716 1882 873 1945 Cornelius
889 1884 998 1944 consul
1013 1882 1162 1947 edixisset
1177 1891 1206 1946 et

223 1966 254 2026 in
270 1981 360 2042 quem
374 1966 476 2029 locum
491 1967 639 2029 edixisset
651 1966 805 2041 Etruriae,
828 1965 1043 2038 convenirent;
1065 1974 1097 2029 et
1114 1967 1158 2030 uti
1172 1968 1207 2029 L.

226 2050 386 2112 Cornelius
412 2052 521 2112 consul
540 2052 571 2111 in
593 2052 782 2128 provinciam
804 2049 1008 2128 proficiscens
1027 2052 1059 2112 in
1081 2053 1207 2128 oppidis

223 2135 383 2211 agrisque,
407 2151 468 2211 qua
487 2137 584 2197 iturus
602 2144 702 2211 esset,
724 2135 751 2197 si
767 2152 847 2211 quos
862 2136 890 2196 ei
904 2135 1075 2211 videretur,
1095 2137 1207 2197 milites

222 2219 371 2280 scriberet
384 2228 576 2297 armaretque
595 2227 625 2280 et
638 2221 765 2284 duceret
779 2235 900 2290 secum;
923 2218 1155 2296 dimittendique
1169 2222 1208 2297 ei,

224 2320 304 2380 quos
320 2320 428 2367 eorum
443 2304 631 2380 quandoque
645 2306 745 2378 vellet,
761 2304 810 2364 ius
825 2311 917 2365 esset.

306 2388 396 2447 Lvll.
420 2387 586 2462 Postquam
608 2387 754 2447 consules
774 2387 886 2448 dilectu
906 2386 1010 2448 habito
1032 2388 1161 2462 proiecti
1175 2388 1209 2448 in

222 2470 399 2546 provincias
420 2475 506 2541 sunt,
528 2476 592 2529 tum
610 2469 643 2528 Τ.
666 2470 824 2545 Quinctius
846 2471 1027 2547 postulavit,
1053 2478 1087 2532 ut
1107 2472 1147 2531 de
1167 2471 1208 2533 iis

223 2567 303 2628 quae
325 2567 394 2613 cum
415 2552 522 2613 decem
541 2552 650 2626 legatis
671 2553 740 2628 ipse
760 2555 918 2616 statuisset
937 2561 1064 2616 senatus
1078 2555 1208 2631 audiret,

222 2649 337 2710 eaque,
359 2636 386 2696 si
406 2633 574 2707 videretur,
597 2636 776 2698 auctoritate
795 2654 853 2700 sua
871 2639 1075 2701 confirmaret.
1104 2639 1136 2699 id
1150 2653 1208 2700 eos

222 2718 342 2779 lacilius
367 2720 518 2793 tacturos,
544 2718 572 2781 si
593 2722 764 2798 legatorum
784 2722 894 2797 verba,
920 2723 971 2800 qui
997 2739 1037 2784 ex
1061 2724 1209 2784 universa
1293 2771 1294 2788 t

223 2801 351 2863 Graecia
376 2810 406 2864 et
429 2819 541 2879 magna
564 2813 651 2881 parte
675 2806 771 2866 Asiae
800 2807 915 2883 quique
939 2806 977 2867 ab
1003 2808 1129 2882 regibus
1154 2821 1209 2866 ve
1291 2855 1293 2880 ,

222 2886 357 2963 nissent,
378 2887 547 2950 audissent.
586 2905 642 2950 eae
663 2890 832 2966 legationes
848 2908 867 2952 a
881 2891 913 2951 0.
935 2889 1097 2952 Scribonio
1117 2904 1207 2966 prae-

222 2974 289 3030 tore
316 2970 434 3033 urbano
462 2971 492 3032 in
518 2981 658 3036 senatum
682 2974 873 3036 introductae
896 2981 983 3046 sunt,
1012 2975 1209 3052 benigneque

222 3053 364 3115 omnibus
382 3070 578 3132 responsum.
609 3074 679 3120 curn
693 3057 847 3120 Antiocho
869 3059 942 3134 quia
962 3058 1084 3134 longior
1106 3057 1206 3119 disce-

222 3136 317 3212 ptatio
344 3145 423 3214 erat,
452 3139 559 3201 decem
583 3141 707 3217 legatis,
738 3157 869 3219 quorum
893 3158 968 3218 pars
995 3144 1105 3204 autin
1130 3140 1209 3201 Asia

222 3225 274 3280 aut
292 3220 505 3298 Lysimachiae
531 3225 614 3299 apud
637 3240 743 3300 regem
764 3228 898 3300 lucrant,
926 3226 1067 3302 delegata
1088 3233 1144 3287 est.
1173 3225 1208 3285 T.

222 3301 360 3376 Quinctio
375 3306 560 3381 mandatum,
575 3315 609 3369 ut
622 3308 763 3371 adhibitis
779 3310 816 3371 iis
830 3312 1000 3387 legatorum
1013 3310 1097 3385 regis
1110 3308 1207 3370 verba

221 3386 354 3463 audiret,
374 3388 641 3466 responderetque
662 3392 699 3451 iis
722 3409 802 3468 quae
820 3409 861 3454 ex
875 3394 1022 3468 dignitate
1040 3400 1134 3468 atque
1148 3392 1207 3454 uti·

221 3471 303 3534 litate
326 3472 435 3547 populi
454 3472 584 3533 Romani
608 3476 792 3549 responderi
815 3483 954 3551 possent.
989 3476 1155 3552 Menippus
1176 3483 1209 3537 et
