2600 4000
345 260 460 320 LIBER
473 258 592 320 XXXII.
617 256 699 318 CAP.
714 266 758 320 33.
780 264 817 331 [a.
830 265 863 316 c.
879 265 941 330 19⁷]
1076 257 1129 322 *77

147 431 248 491 aeque
268 411 434 474 dildctdter
452 411 555 472 Aetoli
574 419 749 487 praetorem
769 410 863 473 alium
883 428 921 472 ae
940 413 1129 479 Macedones

147 494 745 575 regemmmeumlocumsubstituant“
766 496 1025 559 secundumhaec
1037 499 1127 561 silen-

147 583 222 647 tium
236 579 302 642 luit.
344 579 476 640 XXXIII.
500 596 569 641 curn
583 579 741 641 Romanus
756 596 827 641 eum
841 595 975 655 aequum
989 593 1130 646 censeret

148 667 285 744 priorem
305 663 425 739 dicere,
448 664 501 740 qui
520 662 651 739 petisset
672 662 876 739 colloquium,
898 680 955 725 rex
975 664 1043 726 eius
1058 683 1130 728 esse

147 750 283 829 priorem
298 747 476 823 orationem,
492 747 545 824 qui
560 747 647 809 daret
657 747 745 823 pacis
758 749 854 823 leges,
869 764 931 809 non
944 748 997 824 qui
1008 749 1129 826 accipe-

147 845 209 909 ret,
230 843 294 895 tum
312 834 470 893 Romanus
491 831 663 908 simplicem
683 847 771 893 suam
785 832 958 894 orationem
977 849 1067 895 esse:
1093 852 1131 895 ea

148 918 229 981 enirn
244 934 280 978 se
295 915 461 992 dicturum,
477 932 557 992 quae
572 915 604 974 ni
617 915 707 990 liant,
722 917 807 976 nulla
819 916 860 977 sit
872 916 961 993 pacis
976 918 1129 979 condicio.

149 1001 333 1064 deducenda
347 1017 387 1060 ex
398 999 539 1061 omnibus
547 1000 695 1061 Graeciae
709 999 883 1062 civitatibus
897 1001 964 1078 regi
974 1002 1131 1079 praesidia
1233 1055 1234 1058 ,

148 1104 236 1159 esse;
260 1084 402 1161 captivos
421 1091 452 1153 et
471 1085 647 1160 transfugas
669 1082 764 1145 sociis
785 1084 894 1161 populi
914 1086 1046 1147 Romani
1059 1087 1129 1148 red—

148 1170 287 1241 dendos;
306 1167 497 1230 restituenda
509 1166 657 1229 Romanis
672 1184 710 1229 ea
723 1168 837 1246 lllyrici
857 1171 940 1243 loca,
963 1188 1043 1246 quae
1057 1181 1131 1246 post

148 1271 258 1331 pacem
277 1252 309 1313 in
328 1251 422 1328 Epiro
444 1254 556 1314 laetam
576 1262 777 1329 occupassem
801 1252 978 1315 Ptolemaeo
992 1255 1128 1331 Aegypti

147 1338 214 1414 regi
227 1337 404 1399 reddendas
419 1337 528 1412 urbes,
555 1353 635 1413 quas
654 1345 727 1413 post
745 1336 950 1413 Philopatoris
964 1338 1129 1401 Ptolemaei

149 1430 277 1483 mortem
291 1421 517 1498 occupavisset.
553 1438 627 1483 suas
642 1421 814 1498 populique
826 1422 958 1483 Romani
974 1423 1126 1485 condicio·

150 1517 206 1566 nes
220 1505 277 1566 has
294 1522 381 1567 esse:
407 1513 542 1567 ceterum
557 1514 587 1568 et
602 1506 722 1568 socium
742 1504 840 1567 audiri
853 1508 1010 1582 postulata
1022 1522 1128 1568 verum

149 1605 230 1651 esse.
272 1589 366 1651 Attali
380 1589 463 1667 regis
479 1592 599 1666 legatus
620 1606 718 1651 naves
740 1590 962 1666 captivosque,
989 1608 1069 1667 quae
1090 1592 1128 1651 ed

149 1673 255 1735 Chium
269 1674 371 1734 navali
384 1672 504 1750 proelio
520 1682 611 1752 capta
626 1682 742 1749 essent,
757 1682 788 1735 et
798 1672 1017 1751 Nicephorium
1027 1675 1129 1746 Vene-

148 1756 254 1834 risque
273 1760 436 1834 templum,
458 1776 539 1835 quae
553 1758 723 1835 spoliasset
737 1764 990 1833 evastassetque,
1012 1775 1069 1834 pro
1084 1757 1129 1817 in-

148 1843 302 1918 corruptis
325 1841 454 1904 restitui.
494 1842 609 1905 Rhodii
627 1841 775 1903 Peraeam
798 1875 834 1885 -—
857 1841 944 1917 regio
962 1850 1011 1904 est
1034 1842 1129 1903 eonti-

149 1926 248 1988 nentis
262 1927 415 1987 adversus
430 1925 576 2001 insulam,
596 1934 738 1987 vetustae
758 1941 865 1988 eornm
880 1925 1012 1989 dicionIs
1026 1962 1068 1972 —
1081 1944 1128 1988 re-

147 2012 306 2086 petebant,
331 2011 592 2085 postulabantque
611 2009 769 2085 praesidia
788 2011 901 2072 deduci
921 2013 960 2073 ab
979 2013 1050 2073 laso
1067 2019 1129 2073 eta

146 2093 301 2170 Bargyliis
313 2091 584 2153 etEuromensium
594 2094 671 2152 urbe
682 2100 714 2153 et
724 2093 755 2152 in
765 2093 967 2168 Hellesponto
982 2094 1073 2155 Sesto
1086 2103 1129 2154 at

148 2194 212 2252 que
225 2175 358 2252 Abydo,
378 2183 409 2235 et
421 2174 596 2235 Perinthum
610 2173 769 2250 Byzantiis
789 2175 821 2233 in
842 2177 959 2250 antiqui
969 2178 1128 2237 formulam

148 2258 224 2323 iuris
238 2256 372 2332 restitui,
388 2256 551 2319 etliberari
567 2256 669 2319 omnia
679 2255 776 2317 Asiae
794 2257 932 2333 emporia
948 2268 1128 2334 portusque.

149 2342 266 2403 Achaei
281 2340 457 2404 corinthum
472 2350 503 2404 et
515 2344 618 2418 Argos
631 2341 824 2418 repetebant.
867 2351 992 2416 praetor
1004 2344 1128 2404 Aetolo-

148 2444 214 2488 rum
221 2426 381 2488 Phaeneas
389 2443 457 2487 cum
465 2426 574 2489 eadem
586 2427 651 2488 iere
664 2442 745 2502 quae
751 2425 891 2500 Romani,
900 2435 933 2487 ut
940 2426 1068 2489 Graecia
1077 2427 1128 2487 de·

148 2512 318 2584 cederetur,
331 2512 529 2586 postulasset,
542 2514 806 2586 redderenturque
812 2511 931 2573 Aetolis
944 2513 1037 2573 urbes
1050 2528 1129 2588 quae

149 2595 305 2672 quondam
318 2594 394 2657 luris
409 2613 446 2656 ac
461 2595 592 2658 dicionis
603 2612 713 2658 eorum
727 2595 867 2670 luissent,
883 2596 1005 2672 excepit
1017 2596 1127 2658 oratio·

148 2695 219 2739 nem
245 2678 312 2740 eius
337 2678 484 2757 princeps
507 2682 688 2742 Aetolorum
712 2681 905 2755 Alexander,
930 2681 978 2741 vir
997 2689 1031 2741 ut
1049 2680 1129 2742 inter

146 2763 276 2823 Aetolos
291 2764 453 2825 facundus.
495 2764 555 2824 iam
576 2765 692 2825 dudum
714 2780 749 2824 se
768 2764 897 2825 reticere
913 2764 969 2838 ait,
989 2781 1054 2837 non
1066 2781 1127 2840 quo
1187 2782 1188 2785 ¹

149 2845 314 2923 quicquam
328 2846 380 2922 agi
392 2855 479 2923 putet
493 2864 531 2909 eo
550 2847 718 2923 colloquio,
740 2849 851 2909 sedne
867 2864 958 2923 quem
974 2849 1128 2909 sociorum

148 2929 301 2991 dicentem
321 2931 502 3007 interpellet.
543 2948 601 2992 neo
623 2932 663 2993 de
684 2948 763 3007 pace
783 2948 853 2992 cum
872 2932 936 2992 fide
954 2931 1128 3009 Philippum

147 3029 250 3090 agere,
265 3030 323 3075 nee
336 3014 506 3076 bellavere
519 3015 787 3092 vntuteumquam
802 3015 951 3091 gessisse.
987 3016 1018 3075 in
1034 3018 1127 3077 eollo·

149 3097 231 3174 quiis
252 3097 390 3158 insidiari
411 3107 442 3160 et
462 3108 601 3179 captare3
626 3101 657 3159 in
678 3102 760 3161 bello
779 3117 842 3162 non
863 3099 1011 3176 congredi
1025 3116 1127 3175 aequo

148 3197 259 3259 campo
281 3198 383 3258 neque
404 3181 501 3259 signis
523 3182 642 3246 collatis
664 3183 825 3259 dimicare,
850 3184 908 3246 sed
927 3184 1128 3261 refugientem

148 3264 314 3327 incendere
326 3283 363 3326 ae
376 3267 509 3343 diripere
521 3269 614 3330 urbes
627 3276 657 3328 ct
669 3269 853 3329 vincentium
865 3270 1003 3345 praemia
1013 3268 1127 3329 victum

148 3366 355 3426 corrumpere.
377 3360 409 3413 at
422 3369 483 3413 non
499 3352 644 3429 antiquos
658 3352 864 3414 Macedonum
875 3368 976 3429 reges,
991 3353 1049 3413 sed
1060 3350 1127 3411 acie

144 3436 260 3497 bellare
282 3437 406 3511 solitoS,
430 3437 559 3500 urbibus
578 3453 708 3514 parcere
731 3450 877 3510 quantum
897 3451 1043 3515 possent,
1065 3459 1128 3515 quo

145 3519 323 3591 oprdentius
337 3521 488 3582 haberent
501 3518 672 3596 imperium.
712 3537 782 3579 nam
798 3522 837 3580 de
853 3538 985 3594 quorum
999 3539 1120 3595 posses-
