2600 4000
268 256 385 317 LIBER
397 255 531 317 XXXIV.
554 258 637 317 cAP.
651 267 695 321 48.
710 266 754 321 49.
777 266 814 334 [c.
827 266 861 318 C·
875 267 937 334 194]
1034 263 1096 328 165

108 409 164 489 qni
185 413 256 471 ante
276 423 312 469 se
331 408 363 468 in
376 407 560 469 Macedonia
579 408 711 470 luissent
730 409 862 486 suisque
877 411 972 473 rebus
987 416 1092 488 gestis.

108 494 213 556 orunia
224 509 294 553 cum
305 492 529 568 approbatione
539 490 654 568 ingenti
666 500 739 555 sunt
749 492 862 569 audita,
879 503 1093 572 praeterquam

107 594 179 640 curn
193 577 235 638 ad
247 577 431 639 mentionem
444 576 570 637 Nabidis
586 583 710 638 ventum
724 583 822 638 esset:
844 577 877 637 id
887 579 1010 640 minime
1021 597 1094 640 con-

106 661 237 724 veniens
248 660 387 722 liberanti
400 661 558 721 Graeciam
569 660 739 736 videbatur,
753 667 920 740 tyrannum
930 663 1095 739 reliquisse

106 763 172 808 non
192 760 269 808 suae
283 746 384 809 solum
399 744 516 821 patriae
529 760 671 821 gravem,
693 746 751 806 sed
766 745 907 807 omnibus
925 747 1007 808 circa
1022 749 1081 809 civi

107 829 221 893 tatibus
245 830 458 903 metuendum,
484 827 660 890 haerentem
683 829 856 894 visceribus
885 830 1094 894 nobilissimae

107 913 248 976 civitatis.
280 913 383 975 xant
412 927 471 975 nec
498 913 623 988 ignarus
651 913 743 974 huius
771 914 894 975 habitus
923 914 1094 978 animorum

107 998 281 1073 Quinctius,
302 998 331 1058 si
351 997 419 1058 sine
438 996 561 1058 excidio
580 998 823 1059 Lacedaemonis
843 998 910 1059 fieri
931 1001 1092 1075 potuisset,

107 1080 259 1144 fatebatur
287 1081 375 1157 pacis
403 1096 473 1142 cum
501 1087 633 1160 tyranno
662 1081 846 1143 mentionem
875 1082 1093 1146 admittendam

108 1165 234 1228 auribus
259 1182 322 1227 non
343 1165 456 1227 luisses
483 1177 566 1226 nunc
591 1181 661 1229 cum
687 1166 773 1227 aliter
798 1182 891 1242 quam
914 1168 1004 1229 ruina
1023 1184 1089 1245 gra·

106 1249 235 1311 vissima
254 1247 386 1311 civitatis
405 1248 538 1325 opprimi
557 1265 619 1310 non
639 1259 756 1324 posset,
780 1251 877 1311 satius
898 1251 997 1314 visum
1020 1268 1093 1314 esse

106 1341 272 1414 tyrannum
291 1332 493 1407 debilitatum,
515 1349 552 1394 ac
568 1335 641 1395 totis
663 1348 762 1411 prope
782 1334 899 1396 viribus
920 1337 961 1396 ad
977 1352 1088 1399 nocen-

108 1419 180 1480 dum
195 1420 339 1495 cuiquam
352 1418 518 1494 ademptis
539 1417 686 1494 relinqui,
709 1435 801 1496 quarn
821 1419 977 1483 intermori
998 1420 1090 1481 veho<

107 1502 306 1566 mentioribus
329 1518 422 1579 quarn
448 1517 528 1578 quae
552 1503 616 1579 pati
639 1504 742 1579 possit
772 1505 916 1565 remediis
940 1504 1091 1567 civitatem

108 1586 225 1662 sinere,
246 1586 277 1647 in
297 1585 516 1663 ipsavindicta
535 1587 683 1649 libertatis
704 1589 879 1665 perituram.
911 1589 1089 1663 praeterito·

108 1687 177 1731 rum
201 1672 479 1733 commemorationi
506 1671 635 1734 subiecit
660 1672 817 1748 proticisci
842 1670 901 1732 sibi
921 1673 953 1730 in
974 1670 1089 1734 ltaliam

108 1760 202 1829 atque
219 1771 338 1816 omnem
352 1756 519 1818 exercitum
535 1757 701 1834 deportare
713 1755 745 1815 in
760 1756 861 1816 auimo
877 1769 958 1815 esse.
981 1755 1088 1816 Deme

107 1837 213 1899 triadis
228 1839 443 1918 Chalcidisque
462 1841 618 1917 praesidia
637 1841 717 1900 intra
737 1838 888 1900 decimum
910 1838 990 1898 diem
1004 1838 1089 1899 audi·

107 1929 193 1984 turos
213 1925 361 1999 deducta,
384 1925 639 1986 Acrocorinthum
653 1922 732 2001 ipsis
747 1925 901 2001 extemplo
917 1922 1089 1985 videntibus

107 2023 236 2070 vacuam
258 2008 393 2069 Achaeis
417 2009 612 2084 traditurum,
639 2015 674 2069 ut
699 2024 806 2070 omncs
832 2010 960 2084 scirent,
989 2015 1088 2071 utrum

106 2091 253 2153 Romanis
268 2107 308 2150 an
322 2090 440 2151 Aetolis
453 2092 573 2151 mentiri
586 2108 655 2152 mos
670 2098 769 2167 esset,
786 2093 838 2168 qui
852 2095 932 2154 male
947 2092 1086 2154 commis·

106 2190 175 2235 sarn
188 2173 357 2235 libertatem
378 2175 494 2248 populo
510 2174 649 2235 Romano
665 2174 859 2237 sermonibus
875 2175 1047 2237 distulerint
1060 2181 1091 2236 et

107 2262 241 2318 mutatos
263 2271 320 2334 pro
339 2254 563 2319 Macedonibus
582 2257 914 2320 Romanosdominos.
952 2259 1009 2319 sed
1030 2256 1089 2318 illis

106 2356 166 2402 nec
188 2340 261 2416 quid
282 2340 419 2403 dicerent
431 2356 490 2402 nec
505 2340 580 2419 quid
593 2343 744 2417 lacerent,
766 2342 929 2419 quicquam
946 2357 1090 2419 umquam

107 2423 198 2501 pensi
212 2426 320 2487 luisse.
353 2426 489 2502 reliquas
504 2426 643 2488 civitates
657 2442 798 2502 monere,
814 2435 847 2488 ut
861 2427 958 2501 lactis,
973 2442 1035 2486 non
1050 2441 1089 2486 ex
1106 2499 1109 2504 ⁴

106 2507 197 2571 dictis
212 2510 327 2572 amicos
342 2517 488 2587 pensent,
503 2511 757 2588 intellegantqno,
776 2510 891 2587 quibus,
903 2510 1088 2572 credendum

107 2598 139 2654 et
151 2608 171 2654 a
184 2594 296 2670 quibus
311 2595 482 2657 cavendum
497 2594 545 2657 sit.
566 2596 705 2657 libertate
719 2595 841 2656 modice
854 2601 991 2657 utentum
1013 2602 1088 2655 tem·

105 2684 243 2753 perulam
265 2695 332 2740 eam
346 2679 501 2741 salubrem
515 2686 547 2741 et
558 2680 688 2755 singulis
703 2686 734 2741 et
749 2679 922 2741 civitatibus
937 2695 1021 2754 esse,
1043 2680 1088 2740 ni·

105 2760 199 2822 rniam
218 2769 250 2823 et
268 2762 336 2824 aliis
356 2779 480 2838 gravem
501 2770 532 2823 et
551 2764 629 2839 ipsis
651 2764 705 2840 qui
718 2763 853 2824 habeant
866 2764 1044 2825 effrenatam
1059 2770 1089 2824 et

104 2843 305 2921 praecipitem
325 2861 407 2907 esse.
440 2847 625 2909 concordiae
646 2848 676 2907 in
699 2847 872 2909 civitatibus
887 2847 1045 2923 principes
1059 2854 1090 2909 et

104 2928 232 2990 ordines
245 2928 323 2990 inter
336 2945 386 3005 se,
403 2936 434 2991 et
446 2930 477 2991 in
493 2946 654 2992 commune
669 2946 776 2993 omnes
792 2931 931 2993 civitates
946 2933 1087 2993 consule·

103 3020 186 3075 rent:
209 3012 361 3075 adversus
379 3015 598 3077 consentientis
620 3031 678 3077 nec
692 3030 797 3091 regem
812 3030 998 3093 quemquam
1012 3016 1088 3076 satis

105 3096 240 3159 validum
264 3114 322 3160 nec
347 3105 513 3178 tyrannmn
537 3100 618 3173 lore,
646 3100 833 3162 discordiam
853 3106 883 3161 et
906 3101 1089 3163 seditionem

105 3182 208 3243 onmia
226 3188 401 3258 opportuna
419 3182 635 3246 insidiantibus
656 3185 774 3259 iacere,
801 3201 871 3248 crun
891 3201 980 3261 pars,
1008 3200 1089 3262 quae

104 3263 275 3327 domestico
291 3265 457 3329 certamine
471 3266 598 3330 interior
612 3270 660 3346 sit,
676 3277 804 3332 externo
819 3270 923 3347 potius
938 3286 974 3331 se
988 3270 1087 3346 appli-

104 3355 154 3410 cet
174 3366 264 3425 quam
286 3352 345 3412 civi
366 3353 464 3414 cadat.
499 3353 607 3415 alienis
622 3354 715 3415 armis
731 3361 863 3431 partam,
884 3361 1012 3415 externa
1025 3353 1088 3414 flde

102 3432 252 3494 redditam
278 3434 446 3498 libertatem
467 3453 525 3498 sua
549 3453 623 3498 cura
646 3439 837 3501 custodirent
856 3446 1088 3513 servarentque,

101 3521 137 3577 ut
154 3519 289 3593 populus
306 3519 464 3581 Romanus
485 3521 588 3596 dignis
608 3521 710 3583 datam
731 3522 899 3583 libertatem
920 3537 957 3582 ac
977 3536 1086 3581 munus
