2600 4000
204 227 246 290 86
339 227 456 288 LIBER
469 227 600 288 llllxlll.
625 226 708 287 CAP·
722 234 748 289 ὃ.
760 233 787 287 l.
798 234 825 286 t.
847 232 883 298 [a.
896 230 931 284 U.
944 247 969 283 c.
982 231 1045 298 555]

205 383 433 452 exspectasset,
459 376 619 437 confestim
641 375 797 450 Quinctius
822 374 917 437 movit
941 381 1051 435 castra.
1085 382 1183 439 hans·

204 476 315 538 gresso
336 461 368 521 in
381 459 582 520 Phthioticum
603 475 708 534 agrurn
730 458 886 534 quingenti
908 459 1048 537 Gortynii
1063 459 1184 522 creten-

205 546 285 608 sium
300 546 380 607 duce
391 543 537 622 Cydante,
553 547 583 603 et
592 542 719 605 trecenti
729 543 954 619 Apolloniatae,
968 543 1053 604 haud
1066 543 1183 619 dispari

205 634 339 703 armatu,
360 643 395 689 sc
416 627 618 701 coniunxere,
638 641 697 686 nec
717 623 760 687 ita
779 627 872 688 multo
893 633 967 701 post
984 627 1184 706 Amynander

206 730 275 776 curn
297 711 500 774 Athamanum
525 710 661 786 peditum
685 710 825 771 ducentis
845 715 877 770 et
897 710 988 770 mille.
1023 710 1183 787 Philippus

206 796 328 873 cognita
338 792 1004 870 proiectioneabElatiaRomanommutcui
1016 794 1187 856 desummo

206 896 306 942 rerunt
320 879 445 940 adesset
459 883 622 952 certamen,
637 877 844 938 adhortandos
858 877 969 937 milites
982 884 1077 954 ratus,
1091 879 1200 940 multa·

206 965 266 1025 iarn
291 977 386 1037 saepe
410 968 578 1023 memorata
597 961 637 1022 de
660 961 810 1023 maiorum
833 960 1009 1037 virtutibus,
1035 961 1125 1024 simul
1144 963 1185 1024 de

206 1045 325 1107 militari
344 1045 437 1106 laude
451 1044 654 1106 Macedonum
675 1060 743 1107 cum
761 1044 976 1121 dissemissct,
997 1046 1038 1106 ad
1051 1060 1089 1105 ea
1104 1061 1184 1121 qaae

205 1146 269 1191 rum
278 1128 410 1189 maxime
419 1129 538 1190 animos
549 1130 712 1205 terrebant,
725 1128 900 1205 quibusque
911 1129 987 1204 erigi
1001 1130 1041 1190 ad
1051 1130 1186 1204 aliquam

206 1229 294 1290 spem
311 1218 468 1289 poterant,
488 1211 581 1273 venit.
610 1213 663 1273 IV.
685 1220 831 1288 acceptae
851 1213 892 1273 ad
903 1215 1006 1275 Aoum
1026 1211 1140 1273 flumen
1153 1214 1185 1273 in

205 1296 355 1373 angustiis
371 1297 451 1357 cladi
466 1302 512 1357 ter
526 1295 760 1359 ahlacedonum
774 1297 928 1373 phalange
942 1296 982 1356 ad
995 1299 1140 1358 Atracem
1154 1296 1185 1359 vi

204 1383 313 1457 pulsos
328 1381 485 1442 Romanos
509 1380 694 1456 opponebat.
728 1388 758 1442 et
772 1380 833 1442 illic
846 1388 957 1456 manen,
978 1380 1031 1441 ubi
1045 1379 1185 1442 insessas

205 1467 312 1527 lauces
322 1464 408 1541 Epiri
419 1481 482 1527 non
492 1464 672 1540 tenuissent,
686 1464 815 1541 primam
826 1466 947 1541 culpam
959 1464 1056 1525 luisse
1067 1479 1185 1540 corum,

206 1549 259 1626 qui
279 1550 476 1624 neglegenter
497 1548 655 1611 custodias
669 1554 862 1624 servassent,
886 1549 1053 1612 secundam
1067 1548 1099 1608 in
1113 1548 1184 1625 ipso

205 1632 370 1694 certamine
389 1632 466 1694 levis
493 1639 664 1694 armaturae
689 1633 1027 1709 mercennariorumque
1049 1632 1185 1694 militum

203 1716 408 1777 Macedonum
421 1733 497 1778 vero
518 1716 703 1792 phalangem
717 1723 747 1777 et
760 1722 833 1777 tunc
847 1717 986 1791 stetisse,
1007 1723 1037 1777 et
1049 1717 1120 1778 loco
1135 1731 1186 1776 ae·

206 1817 268 1876 quo
289 1800 434 1876 iustaque
454 1817 558 1877 pugna
571 1816 696 1877 semper
708 1816 883 1861 mansuram
896 1800 1047 1862 invictam.
1078 1800 1186 1861 decem

205 1892 236 1945 et
249 1899 307 1944 sex
320 1882 404 1944 milia
423 1885 549 1946 militurn
568 1885 646 1945 haec
661 1885 762 1958 lucre,
781 1885 877 1946 robur
890 1900 981 1946 omne
993 1885 1104 1946 virium
1118 1884 1185 1945 eius

204 1967 300 2043 regni.
327 1966 368 2028 ad
388 1967 449 2030 hoc
468 1970 531 2032 dun
544 1963 626 2031 milia
638 1976 855 2046 caetratorum,
875 1985 954 2045 quos
969 1972 1116 2045 peltastas
1130 1984 1185 2045 ap·

205 2052 334 2128 pellant,
356 2052 569 2131 Thracumque
588 2062 619 2116 et
638 2054 811 2134 lllyriomm
826 2088 863 2099 —
879 2053 986 2114 Trallis
1006 2062 1055 2117 est
1073 2068 1186 2114 nomen

205 2136 340 2212 genti—
352 2153 410 2212 par
431 2153 576 2200 numerus
592 2139 665 2199 bina
677 2139 761 2200 naha
773 2145 874 2213 erant,
895 2145 925 2199 et
938 2139 1023 2200 mixti
1037 2154 1077 2199 ex
1091 2136 1185 2213 pluri·

206 2217 264 2283 bus
285 2221 429 2298 gentibus
449 2224 593 2286 mercede
614 2222 759 2284 conducti
773 2222 937 2284 auxiliares
952 2222 1033 2284 mille
1047 2224 1142 2282 lerme
1156 2228 1186 2283 et

206 2305 373 2382 quingenti,
385 2313 414 2367 et
425 2306 487 2367 duo
499 2307 737 2382 millaequitum.
756 2304 874 2367 canaiis
886 2306 985 2382 copiis
997 2321 1054 2366 rex
1065 2304 1185 2367 hostem

205 2389 432 2465 opperiebatur.
454 2389 602 2450 Romanis
617 2390 713 2449 ferme
725 2405 781 2465 par
792 2405 936 2451 numerus
946 2396 1027 2451 aratz
1048 2389 1185 2465 equitum

205 2472 304 2547 copiis
318 2478 443 2546 tanturn,
458 2473 543 2547 quod
556 2472 658 2533 Aetoli
673 2479 877 2549 accesserant,
892 2474 1087 2549 superabant.

279 2555 326 2613 ‘V.
349 2552 507 2628 Quinctius
529 2555 569 2615 ad
581 2555 701 2615 Thebas
714 2554 899 2619 Phthioticas
921 2564 1021 2619 castra
1035 2572 1104 2617 cum
1118 2572 1184 2619 mo-

203 2636 309 2712 visset,
322 2652 411 2712 spem
422 2644 531 2699 nactus
541 2638 759 2715 perTimonem
771 2641 941 2718 principem
952 2640 1081 2703 civitatis
1092 2640 1183 2716 prodi

203 2720 320 2795 urbem,
335 2736 405 2781 cum
419 2722 528 2797 paucis
543 2724 679 2799 equitum
692 2724 832 2801 levisque
845 2731 1016 2786 armaturae
1027 2725 1068 2786 ad
1077 2740 1184 2785 muros

204 2805 364 2866 successit.
397 2803 439 2865 ibi
459 2805 538 2868 adeo
559 2808 703 2870 frustrata
723 2824 797 2884 spes
818 2817 881 2885 est,
900 2815 934 2870 nt
952 2826 1015 2870 non
1032 2816 1183 2870 certamen

204 2887 296 2947 modo
315 2904 394 2957 ,cum
419 2893 647 2966 erumpentibus
672 2893 730 2954 sed
754 2893 923 2969 periculum
948 2908 1074 2969 quoque
1095 2899 1183 2952 atrox

204 2971 336 3046 subiret,
364 2972 395 3031 ni
415 2974 524 3035 castris
550 2976 642 3038 exciti
660 2983 787 3052 repente
805 2978 927 3053 pedites
948 2977 1131 3053 equitesque
1151 2975 1184 3035 in

203 3062 341 3130 tempore
348 3056 576 3121 subvenissent
591 3066 621 3121 et
631 3067 797 3136 postquam
806 3061 879 3122 nihil
887 3068 1057 3136 conceptae
1069 3067 1185 3120 temere

204 3138 272 3213 spei
297 3140 498 3216 succedebat,
522 3142 608 3204 urbis
634 3143 758 3219 quidem
780 3145 910 3220 amplius
935 3144 1132 3221 temptandae
1152 3141 1184 3202 in

203 3224 379 3297 praesentia
400 3230 511 3286 conatu
533 3225 668 3288 absistit:
697 3235 829 3289 ceterum
851 3229 926 3290 satis
946 3245 1062 3304 gnarus
1077 3228 1137 3286 iam
1151 3225 1184 3286 in

202 3304 363 3369 Thessalia
376 3322 481 3383 regern
495 3324 575 3383 esse,
591 3310 726 3372 nondum
740 3319 908 3388 comperto,
931 3329 1023 3389 quant
1036 3312 1068 3372 in
1081 3310 1183 3386 regio·

203 3404 274 3450 nem
287 3390 439 3466 venisset,
461 3391 569 3455 milites
585 3410 748 3471 peragras
764 3397 908 3457 dimissos
923 3398 1037 3458 vallum
1052 3396 1183 3456 caedere

203 3478 235 3534 et
255 3489 365 3550 parare
385 3474 477 3537 iubet.
509 3478 590 3539 vallo
610 3486 640 3540 et
654 3479 839 3542 Macedones
861 3486 891 3539 et
906 3480 1015 3540 Graeci
1029 3479 1080 3542 usi
1094 3488 1183 3547 sunta
