2600 4000
309 247 556 309 LIBERXXXH.
580 246 663 309 οΑΡ.
678 256 778 309 ansa
802 228 964 321 [acuam
1074 248 1115 312 67
1189 232 1193 257 ¹

136 415 290 475 nusquam
311 398 409 473 gratia
429 398 544 471 stabili,
568 400 651 460 velut
666 398 719 474 qui
733 406 875 459 eventum
889 403 1115 476 exspectaveri-

136 499 219 554 mus,
241 488 275 542 ut
297 483 437 543 fortunae
459 482 686 557 applicaremus
709 488 816 543 nostra
831 483 975 557 consilia,
998 487 1116 558 praeda

134 566 261 628 victoris
276 565 411 627 erimust
432 565 540 637 nolite,
557 566 584 626 si
599 567 683 640 quod
698 565 840 628 omnibus
856 565 937 628 votis
951 568 1116 641 petendum
1207 635 1209 638 ,

134 657 200 712 erat
220 651 298 710 ultro
321 648 461 724 offertur,
482 649 629 709 fastidire.
663 665 726 709 non
749 650 1007 723 quemadmodum
1025 650 1116 712 hodie

135 741 297 809 utrumque
311 733 403 794 vobis
417 733 497 806 licet,
512 733 557 793 sie
571 749 695 808 semper
707 733 859 794 liciturum
873 740 929 793 est.
952 748 1010 794 nec
1020 750 1117 810 saepe

14 871 20 878 ,,
134 833 191 878 nee
213 817 266 878 diu
287 816 396 877 eadem
412 816 535 878 occasio
550 817 616 877 erit.
647 817 777 876 liberare
793 834 851 878 vos
869 817 1042 894 aPhilippo
1057 819 1117 878 iam

134 902 187 962 diu
201 901 299 976 magis
313 901 406 961 vultis
423 917 514 975 quarn
529 900 659 961 audetis.
681 901 748 961 sine
760 907 863 962 vestro
875 902 981 962 labore
996 909 1026 963 et
1035 904 1116 978 peri-

134 986 202 1046 culo
220 985 272 1060 qui
292 1000 350 1046 vos
363 984 396 1043 in
409 984 577 1044 libertatem
592 983 795 1060 vindicarent,
819 1001 888 1046 eum
902 986 1023 1061 magnis-
1037 988 1114 1047 olas-

133 1070 220 1131 sibus
232 1067 481 1143 exercitibusque
491 1083 576 1127 mare
586 1068 779 1129 traiecerunt.
790 1068 848 1130 bos
861 1069 888 1130 si
895 1070 1000 1131 socios
1008 1086 1115 1146 asper·

132 1151 255 1227 nemini,
270 1152 323 1212 vix
337 1152 447 1213 mentis
462 1168 557 1212 sanae
572 1152 663 1212 estis=
685 1154 742 1213 sed
755 1159 808 1213 aut
822 1154 927 1215 socios
942 1161 995 1215 aut
1008 1153 1114 1216 hostes

132 1236 271 1298 babeatis
287 1238 441 1312 oportet.“

217 1320 309 1381 XXII.
332 1318 507 1380 Secundum
522 1319 690 1380 orationem
704 1320 855 1395 praetoris
869 1337 1005 1382 murmur
1015 1328 1114 1383 ortum

88 1416 91 1421 ·
132 1405 261 1465 alienun
283 1420 352 1465 eum
372 1404 522 1477 adsensu,
545 1402 674 1464 aliorum
695 1404 891 1464 inclementer
906 1405 1112 1468 adsentientes

131 1489 370 1564 increpantium
397 1493 428 1547 et
447 1487 507 1547 iam
521 1502 583 1547 non
598 1479 711 1563 siriguli
724 1493 839 1550 tantum
853 1488 911 1548 sed
926 1491 1034 1564 populi
1046 1490 1111 1549 uni-

131 1572 216 1632 versi
228 1572 306 1632 inter
319 1586 355 1632 se
369 1569 602 1632 altercabantur.
637 1578 702 1632 tum
715 1571 792 1632 inter
806 1572 999 1645 magistratus
1015 1573 1114 1646 gentis

131 1656 363 1731 -damiurgos
385 1662 513 1725 voeant;
539 1656 647 1716 decem
660 1671 788 1716 numero
805 1662 947 1715 creantur
959 1687 1003 1698 -
1018 1662 1113 1715 certa·

132 1754 202 1801 rnen
222 1739 315 1800 nihilo
336 1740 462 1815 segnius
478 1755 569 1815 quam
583 1740 662 1801 inter
676 1738 897 1801 multitudinem
911 1753 992 1798 esse.
1027 1739 1113 1813 quin-

132 1839 193 1898 que
206 1824 357 1885 relaturos
373 1823 412 1883 de
426 1825 573 1885 societate
583 1824 723 1885 Romana
737 1839 773 1883 se
787 1823 909 1883 aiebant
920 1821 1113 1898 suffragium·

131 1922 194 1982 que
209 1909 352 1977 daturos;
375 1906 509 1983 quinque
523 1909 592 1980 lege
609 1915 732 1968 cautum
747 1906 951 1983 testabantur,
974 1923 1013 1968 ne
1029 1907 1112 1982 quid,

131 1991 216 2068 quod
230 1992 381 2052 adversus
392 1989 524 2065 Philippi
535 1990 713 2051 societatem
722 1997 814 2065 esset,
830 1998 883 2053 aut
892 1992 1008 2052 referre
1017 1991 1111 2067 magi-

129 2075 277 2138 stratibus
292 2080 345 2134 aut
359 2073 525 2132 decernere
540 2073 670 2133 coneilio
682 2075 731 2133 ius
745 2082 839 2135 esset
861 2075 888 2134 is
905 2091 1030 2151 quoque
1045 2075 1112 2135 dies

128 2158 240 2232 iurgiis
256 2163 305 2216 est
319 2161 531 2229 consumptus.

218 2238 385 2314 Supererat
405 2252 485 2298 unns
506 2238 577 2298 iusti
599 2236 720 2297 concilii
741 2238 823 2299 dies=
854 2239 942 2300 tertio
966 2238 1046 2297 enim
1064 2240 1114 2297 lex

127 2324 257 2388 iubebat
271 2323 426 2383 decretum
439 2321 515 2382 fieri.
548 2322 579 2381 in
595 2336 686 2398 quern
701 2321 779 2384 adeo
795 2337 941 2383 exarsere
955 2321 1066 2396 studia,
1080 2329 1114 2382 ut

129 2411 182 2471 vix
189 2412 333 2484 parentes
341 2407 380 2467 ab
391 2404 495 2468 liberis
506 2405 752 2482 temperaverint.
767 2405 869 2467 Risias
878 2406 1112 2467 -Pellenensis

129 2491 362 2555 erat—fllium
387 2490 577 2565 damiurgum
605 2491 730 2551 nomine
753 2490 946 2552 Memnonem
970 2490 1111 2555 habebat

128 2577 225 2654 partis
240 2577 308 2637 eius
321 2591 401 2652 quae
413 2576 569 2636 decretum
579 2574 701 2636 recitari
713 2574 935 2650 perrogarique
946 2575 1111 2635 sententias

129 2659 320 2739 prohibebat
342 2660 369 2719 is
385 2659 438 2720 diu
448 2660 616 2720 obtestatus
629 2658 733 2732 filium,
749 2666 782 2719 ut
793 2660 955 2720 consulere
965 2658 1110 2719 Achaeos

130 2745 283 2807 communi
298 2744 389 2805 saluti
403 2750 567 2818 pateretur,
581 2758 643 2804 neu
657 2742 825 2818 pertinacia
839 2759 897 2803 sua
911 2749 1031 2817 gentem
1045 2743 1108 2802 uni·

128 2845 254 2890 versam
269 2828 422 2903 perditum
435 2827 502 2901 iret
524 2834 689 2902 postquam
703 2842 811 2901 parum
825 2825 1027 2900 proficiebant
1040 2841 1110 2901 pre*

129 2929 199 2987 ces,
224 2913 342 2973 iuratus
363 2926 399 2972 se
419 2926 490 2971 eum
510 2926 568 2972 sua
592 2927 685 2971 manu
705 2909 955 2984 interempturum
975 2925 1033 2970 nee
1053 2924 1110 2985 pro

127 2998 192 3059 illio
208 2996 265 3057 sed
283 3011 339 3071 pro
353 2994 444 3055 hoste
457 2994 645 3065 habitunun,
668 2992 758 3054 minis
772 2993 915 3069 pervicit,
935 3000 970 3053 ut
983 3000 1110 3067 postero

129 3081 180 3142 die
195 3081 394 3154 coniungeret
407 3077 445 3138 iis
459 3093 495 3138 se
510 3079 562 3154 qui
572 3078 755 3139 referebant.
777 3078 829 3152 qui
841 3078 1025 3151 cumplures
1038 3076 1111 3136 iacti

127 3166 287 3239 referrent,
303 3163 445 3225 omnibus
457 3165 521 3223 fere
533 3163 656 3239 populis
668 3160 751 3221 haud
762 3161 855 3222 dubIe
867 3160 1110 3236 approbantibus

127 3247 321 3322 relationem,
344 3263 382 3308 ao
403 3262 478 3322 prae
500 3263 535 3307 se
556 3246 724 3307 ferentibus
741 3245 815 3320 quid
830 3244 1111 3318 demandassent,

127 3334 258 3413 Dymaei
279 3348 317 3393 ac
330 3330 578 3407 Megalopolitani
599 3329 773 3406 etquidem
786 3328 986 3403 Argivorum,
1010 3328 1110 3403 prius·

128 3434 223 3494 quam
240 3417 394 3478 decretum
408 3416 504 3490 fieret,
519 3420 779 3477 consurrexerunt
791 3427 828 3472 ac
838 3413 1029 3486 reliquerunt
1038 3426 1109 3468 oon·

127 3502 241 3575 cilium,
256 3515 357 3575 neque
370 3501 497 3560 mirante
510 3499 573 3559 ullo
588 3514 646 3558 nee
662 3495 881 3634 improbante.5
888 3511 963 3610 nam
975 3487 1103 3562 Megalo·
