2600 4000
217 256 280 319 ιιι
344 253 634 317 ιιιιιιιιιιιινιιι,
658 252 739 313 ιιι.
757 260 853 315 ιιι).
876 260 913 326 [ι.
927 253 1074 330 neae]

218 411 319 470 antem
332 414 404 468 tune
417 407 506 467 trium
521 406 705 482 populorum
719 404 816 481 reguli
831 403 975 479 Ortiagon
990 411 1021 465 et
1034 405 1195 469 Combolo-

217 507 320 553 marus
342 497 372 551 ct
386 490 542 551 Gaulotus.
579 488 616 550 iis
635 488 713 549 haec
733 487 863 548 maxime
877 487 954 550 ratio
968 488 1040 549 belli
1055 489 1197 551 sumendi

150 645 154 650 ‚
219 579 331 648 luerat,
354 574 523 651 quodcum
537 578 657 633 montes
676 572 863 634 editissimos
878 570 1014 647 regionis
1029 572 1096 634 eius
1114 580 1197 636 tene·

217 667 299 728 rent,
322 657 478 721 convectis
500 655 670 730 omnibus,
680 671 760 731 quae
779 656 820 716 ad
841 672 931 716 usum
953 656 1094 731 quamvis
1115 658 1199 734 longi

217 743 365 820 temporis
379 742 571 814 sufficerent,
591 738 694 802 taedio
710 756 746 801 se
761 740 940 814 fatigaturos
954 739 1073 802 hostem
1090 756 1199 803 oense

217 831 306 890 bant:
333 843 405 887 narn
426 840 528 901 neque
551 839 683 886 ausuros
704 840 761 901 per
780 831 843 885 tam
862 823 960 884 ardua
978 831 1071 900 atque
1092 824 1200 901 iniqua
1272 872 1274 875 -

219 915 288 974 loca
302 911 405 973 subire
420 925 492 979 eos;
511 916 545 971 et
558 908 585 969 si
600 915 792 981 conarentur,
813 909 861 967 vel
876 923 973 983 parva
987 924 1081 969 manu
1094 908 1187 984 probi

216 996 282 1057 beri
303 1001 355 1057 aut
374 993 528 1055 deturbari
548 1007 661 1069 posse;
680 1008 738 1054 nec
759 991 880 1068 quietos
895 990 926 1052 in
941 990 1098 1054 radicibus
1107 1008 1199 1054 vmon-

217 1078 291 1140 tium
311 1078 481 1154 gelidorum
501 1071 661 1152 sedentes,
676 1075 771 1153 lrigns
793 1082 845 1137 aut
862 1074 999 1152 inopiam
1017 1076 1146 1141 laturos.
1169 1086 1200 1139 et

218 1178 287 1224 cum
308 1162 378 1238 ipsa
391 1162 517 1224 altitudo
534 1163 671 1224 locorum
688 1176 744 1223 eos
757 1165 919 1235 tutaretur,
940 1160 1058 1228 fossam
1072 1177 1200 1238 quoqne

217 1252 249 1306 et
262 1243 323 1306 alia
343 1245 529 1308 munimenta
548 1244 714 1307 verticibus
729 1245 766 1306 iis
782 1259 863 1320 quos
878 1243 1056 1306 insederant
1070 1245 1197 1306 ebrum·

91 1389 94 1396 ,
198 1329 327 1389 iecere.
358 1328 480 1389 minima
504 1336 671 1405 apparatus
696 1328 856 1391 missilium
880 1328 1009 1390 telorum
1035 1343 1108 1389 cura
1130 1326 1198 1404 tuit,

220 1412 303 1487 quod
324 1428 401 1472 saxa
421 1412 545 1473 adfatim
566 1413 770 1489 praebituram
789 1412 984 1488 asperitatem
999 1412 1098 1489 ipsam
1113 1412 1199 1484 loco·
1266 1441 1268 1444 ’

107 1542 110 1550 .
216 1492 284 1557 rum
298 1496 471 1557 credebant

300 1579 364 1644 XX
387 1570 501 1641 consul
522 1569 669 1655 quianon
685 1579 855 1641 comminus
870 1595 1003 1677 pugnam
1018 1579 1074 1640 sed
1090 1582 1198 1655 procul

214 1663 294 1730 locis
309 1663 524 1760 oppugnandis
542 1663 673 1724 futuram
688 1671 889 1739 praeceperat
903 1664 1020 1739 animo,
1042 1664 1199 1741 ingentem
1221 1728 1226 1737 ,

148 1751 151 1758 ’
218 1765 277 1809 urm
292 1748 440 1825 pilorum,
453 1743 629 1809 velitarium
637 1747 806 1820 hastarum,
822 1746 1001 1823 sagittarum
1013 1745 1200 1825 glandisque

217 1839 247 1893 et
260 1832 450 1896 modicorum
465 1850 518 1908 qur
509 1831 626 1894 lunda
639 1830 714 1894 mitti
728 1839 858 1906 possent
872 1831 1009 1907 lapidum
1023 1839 1199 1907 paraverat

150 1981 153 1987 ,
220 1916 445 2001 instructusque
468 1916 628 1978 missilirun
648 1922 826 1994 apparatu
818 1915 859 1975 ad
880 1913 1043 1994 Olympum
1062 1923 1200 1977 montem

218 1997 316 2072 ducit,
336 1995 400 2060 'eta
421 1996 559 2076 quinque
559 1989 674 2062 terme
693 1997 814 2061 milibus
830 2008 932 2060 castra
945 2001 1035 2061 locat.
1068 1999 1199 2074 postero

218 2083 265 2143 die
276 2099 345 2143 cum
357 2084 586 2159 quadringentis
598 2084 751 2161 equitibus
763 2091 793 2144 et
803 2084 905 2143 Attalo
918 2099 1119 2160 progressum
1128 2097 1199 2145 enm

215 2167 255 2227 ad
269 2174 408 2229 naturam
420 2169 532 2230 montis
547 2168 702 2245 situmque
713 2167 905 2240 Gallicorum
910 2167 1200 2246 castrorumvisen·

216 2252 288 2311 dum
302 2253 422 2327 equites
437 2253 586 2324 besdum,
601 2253 715 2328 duplex
729 2266 874 2312 numerus
889 2250 980 2313 effusi
994 2268 1014 2313 e
1027 2249 1150 2323 casula,
1168 2252 1199 2312 in

216 2336 318 2411 lugam
337 2343 529 2398 averteruntz
552 2335 647 2397 occisi
670 2349 795 2411 quoque
808 2335 899 2411 pauci
914 2334 1110 2411 rugientium,
1132 2338 1199 2397 vul-

215 2420 310 2481 nerati
325 2421 440 2494 plures.
462 2419 550 2483 tertio
565 2419 615 2480 die
629 2436 700 2482 eum
714 2419 856 2480 omnibus
871 2419 912 2479 ad
923 2419 992 2481 loca
1004 2419 1202 2495 exploranda

61 2488 63 2491 ’
106 2558 109 2563 ,
214 2501 381 2577 proiectus,
397 2504 470 2578 quia
484 2504 573 2563 nemo
588 2502 723 2564 hostium
734 2508 821 2562 extra
834 2502 1021 2564 munimenta
1031 2501 1200 2600 processit,

101 2610 103 2615 ⁴
161 2598 164 2605 ’
212 2583 665 2657 tumetrmmvectusmontem
672 2584 1200 2662 anirnadvertitmeridianaregione

134 2677 139 2686 ·
205 2664 353 2730 'terrenos
367 2673 398 2727 et
409 2668 528 2742 placide
540 2666 673 2731 acclives
684 2669 724 2729 ad
737 2671 892 2744 quendam
901 2671 993 2730 tinem
1005 2672 1102 2737 colles
1112 2686 1200 2767 esse,

213 2744 454 2826 as'eptentrione
474 2753 570 2814 arduo
588 2758 619 2813 et
631 2762 732 2816 rectas
747 2770 846 2830 prope
858 2769 969 2829 rupes3
992 2761 1086 2831 atque
1098 2755 1198 2815 omni·
1218 2770 1219 2773 ’

213 2835 271 2896 bus
286 2836 381 2897 terme
396 2836 483 2898 aliis'
474 2836 565 2898 rnviis
576 2836 684 2899 itinera
694 2838 752 2898 tria
762 2853 843 2912 esse,
859 2854 953 2899 unum
967 2838 1068 2900 medio
1081 2846 1199 2913 monte,

213 2934 274 2994 qua
294 2926 416 2981 terrena
436 2929 536 2997 erant,
554 2921 616 2983 duo
638 2922 772 2984 difficilia
794 2922 832 2982 ab
846 2921 975 2983 hiberno
989 2922 1066 2984 solis
1081 2928 1154 2984 ortu
1169 2929 1200 2982 et

211 3003 252 3063 ab·
271 3003 390 3065 aestivo
412 3019 538 3068 occasu.
574 3005 651 3067 haec
674 3006 896 3081 contemplatus
916 3021 955 3066 eo
976 3005 1028 3066 die
1042 3003 1124 3067 sub
1115 3005 1198 3083 rpsis

210 3086 365 3148 radicibus
377 3089 485 3163 posuit
502 3094 616 3162 castra,
638 3098 765 3164 postero
780 3089 831 3150 die
845 3087 998 3150 sacriilcio
1014 3089 1107 3162 iacto,
1125 3105 1199 3150 cum

211 3167 318 3244 primis
333 3170 441 3233 hostiis
452 3174 579 3246 litasset,
596 3164 742 3233 trifariam
754 3173 922 3234 exercitum
933 3174 1065 3235 divisum
1077 3174 1198 3237 ducere

210 3253 251 3312 ad
265 3252 385 3316 hostem
399 3258 507 3332 pergit.
530 3257 599 3330 lpse
614 3255 683 3316 cum
698 3257 830 3316 maxima
843 3264 931 3333 parte
945 3255 1115 3333 copiarum,
1131 3274 1196 3334 qua

209 3335 429 3412 aequissimum
443 3338 558 3400 aditum
572 3339 739 3414 praebebat
752 3356 857 3413 mons,
872 3341 1022 3401 ascendit
1056 3340 1091 3399 L.
1105 3340 1196 3413 Man·

208 3419 280 3481 llum
296 3422 417 3482 fratrem
432 3422 471 3491 ab
485 3421 613 3485 hiberno
628 3429 705 3497 ortu,
721 3424 824 3501 quoad
838 3425 908 3484 loca
919 3422 1074 3499 patiantur
1083 3428 1115 3483 et
1126 3429 1195 3486 tuto
1224 3452 1227 3455 ·

209 3505 322 3579 possit,
342 3505 446 3565 subire
466 3503 564 3566 inbet=
587 3507 613 3567 si
632 3523 697 3582 qua
717 3506 893 3580 periculosa
910 3514 942 3569 et
954 3515 1124 3583 praerupta
1139 3523 1193 3569 oc-
