2600 4000
306 262 420 323 LIBER
433 262 564 324 xxldfl.
588 262 672 324 chP.
684 271 709 323 5.
722 271 748 326 e.
772 270 927 338 [nomm]
1061 262 1106 329 87

9 393 12 402 ’
126 419 184 481 sed
207 433 298 479 usum
322 432 380 477 nec
401 416 441 476 ad
461 415 705 478 commoditatem
728 416 845 475 terendi
865 433 922 477 nee
943 416 983 476 ad
1002 416 1104 493 ipsius

124 500 301 563 munitionis
322 501 544 561 firmamentum
564 505 754 574 aptaverunt.
791 515 860 558 narn
881 505 911 559 et
927 500 1058 561 maiores
1074 510 1104 563 et

124 585 223 661 magis
237 600 378 645 ramosas
394 584 519 644 arbores
536 583 715 658 caedebant,
738 598 830 659 quam
845 599 922 658 quas
938 585 1104 645 lernaeum

125 668 218 730 armis
231 669 318 729 miles
333 673 450 744 posset,
473 674 506 728 ut
519 682 588 728 oum
603 675 705 728 castra
718 667 767 727 his
783 672 853 726 ante
868 666 996 727 obiectis
1011 683 1102 742 saep·

125 755 255 828 sissent,
272 752 369 812 facilis
384 751 498 813 molitio
513 765 618 812 eorum
632 751 705 811 valli
719 758 792 811 erat.
825 765 896 809 nam
909 756 940 810 et
955 750 1028 826 quia
1041 751 1101 810 rari

125 837 245 912 stipites
260 851 437 911 magnarum
452 834 595 895 arborum
609 835 790 910 eminebant,
804 834 951 908 multique
966 840 997 894 et
1009 834 1102 894 validi

55 983 59 990 ,
123 920 198 981 rami
212 918 401 994 praebebant
412 919 496 994 quod
508 924 592 980 reete
602 934 695 980 manu
705 925 875 995 caperetur,
882 918 944 981 duo
957 924 1009 979 aut
1020 934 1101 979 sum-

123 1019 206 1064 mum
225 1010 289 1063 tres
310 1004 437 1064 iuvenes
453 1002 556 1063 conixi
570 1003 711 1063 arborem
726 1018 818 1064 unam
832 1002 1018 1077 evellebant,
1040 1018 1103 1078 qua

123 1089 232 1148 evulsa
252 1094 360 1161 portae
380 1086 476 1146 instar
497 1088 649 1162 externplo
670 1087 807 1161 patebat,
828 1102 886 1147 nee
907 1086 937 1145 in
957 1093 1101 1161 promptu

123 1177 188 1230 erat
207 1170 292 1246 quod
313 1170 538 1232 obmolirentur.
566 1171 723 1232 Romanus
741 1171 826 1231 leves
841 1177 871 1231 et
884 1170 1021 1233 bifurcos
1036 1171 1100 1245 ple

123 1269 255 1330 rosque,
278 1261 308 1315 et
321 1254 426 1328 ulum,
448 1259 501 1314 aut
515 1269 584 1314 cum
598 1254 776 1329 plurimum,
792 1260 934 1330 quattuor
946 1270 1101 1316 ramorum

125 1338 224 1398 vallos
246 1337 360 1412 caedit,
380 1344 458 1399 utet
473 1339 634 1412 suspensis
650 1338 689 1398 ab
703 1344 789 1413 tergo
804 1338 896 1398 armis
912 1340 990 1397 ierat
1003 1338 1114 1413 pluris,

123 1421 213 1481 simul
238 1428 309 1496 apte
331 1421 436 1491 miles;
469 1422 564 1482 etita
590 1422 705 1483 densos
731 1422 860 1498 olligunt
883 1421 1101 1498 inplicantque

121 1518 242 1578 ramos,
262 1510 296 1565 ut
315 1520 415 1582 neque
426 1504 460 1545 **
472 1521 552 1580 quae
571 1506 722 1581 cuiusque
737 1505 847 1581 stipitis
861 1507 964 1580 palma
977 1506 1017 1566 sit
1029 1521 1100 1580 per-

121 1586 220 1647 videri
239 1589 354 1663 possit;
383 1597 414 1650 et
433 1589 512 1650 adeo
533 1591 612 1651 acuti
633 1590 774 1666 aliusque
794 1605 851 1666 per
867 1589 958 1650 aliurn
973 1588 1101 1648 immissi

121 1670 200 1731 radii
212 1672 314 1734 locum
328 1673 368 1733 ad
382 1674 575 1734 inserendam
589 1690 712 1734 manum
729 1688 789 1734 non
803 1673 986 1751 relinquunt,
1001 1678 1035 1730 ut
1048 1686 1100 1729 ne·

123 1771 183 1829 que
202 1756 352 1831 prehendi
375 1757 459 1833 quod
476 1757 626 1830 trahatur,
648 1772 751 1832 neque
772 1755 866 1828 trahi,
890 1770 958 1815 curn
971 1754 1050 1814 inter
1065 1769 1101 1814 se

121 1837 224 1899 innexi
244 1840 321 1900 rami
341 1840 495 1902 vinculum
516 1841 666 1902 invicem
686 1840 869 1915 praebeant,
889 1838 1005 1913 possit;
1028 1837 1100 1898 etsi

122 1923 246 1985 evulsus
266 1925 345 1984 torte
365 1932 412 1986 est
425 1941 521 1998 unus,
542 1941 599 1987 nec
613 1925 675 1985 loci
688 1924 815 1985 multum
830 1923 942 1998 aperit,
964 1928 994 1982 et
1008 1922 1101 1982 alium

119 2021 271 2081 reponere
286 2008 431 2083 perfacile
448 2015 504 2069 est.

205 2092 257 2150 vl.
288 2089 445 2164 Quinctius
460 2097 584 2164 postero
600 2091 651 2149 die
665 2093 778 2152 nahum
792 2086 897 2151 seeum
912 2092 1029 2152 terente
1044 2091 1100 2150 mi·

118 2173 172 2235 dte
195 2180 230 2233 ut
250 2178 378 2248 paratus
404 2173 485 2232 omni
510 2174 579 2231 loco
600 2171 710 2232 eastris
730 2174 882 2247 ponendis
904 2181 1002 2247 esset,
1028 2189 1101 2249 pro·

117 2270 250 2331 gressus
265 2254 419 2315 modicum
432 2256 497 2330 iter,
513 2270 570 2315 sex
584 2255 680 2314 terme
694 2255 776 2315 milia
791 2270 810 2314 a
822 2254 928 2315 Pheris
943 2270 1012 2315 cum
1027 2271 1100 2316 con-

119 2339 263 2414 sedisset,
279 2339 478 2414 speculatum‚
493 2338 524 2398 in
540 2355 600 2414 qua
613 2345 702 2413 parte
713 2338 890 2399 Thessaliae
903 2337 1002 2423 hostis
1017 2345 1102 2400 esset

120 2423 236 2499 quidve
250 2428 381 2499 pararet,
395 2423 483 2484 misit.
508 2422 589 2484 circa
600 2422 738 2483 Larisam
753 2428 819 2483 erat
831 2437 896 2482 rex.
920 2422 1030 2483 certior
1041 2422 1101 2483 iam

118 2509 218 2569 iactus
229 2508 400 2568 Romanum
414 2508 452 2568 ab
462 2507 573 2569 Thebis
585 2506 700 2568 Pheras
712 2506 856 2582 movisse,
872 2507 997 2583 defungi
1009 2522 1100 2583 quam

118 2592 250 2666 primum
263 2598 294 2653 et
307 2591 376 2668 ipse
391 2592 554 2652 certamine
569 2591 698 2666 cupiens
714 2593 827 2652 drrcere
841 2592 882 2652 ad
895 2591 1015 2654 hostem
1028 2607 1098 2667 per-

119 2675 177 2749 git,
200 2681 394 2752 etquattuor
414 2676 496 2736 milia
517 2677 581 2736 lere
601 2675 738 2736 aPheris
759 2675 863 2752 posuit
883 2684 993 2738 eastra.
1027 2675 1099 2736 inde

118 2765 245 2832 postero
268 2761 317 2820 die
332 2775 401 2821 cum
418 2759 553 2834 expediti
566 2760 719 2835 utrimque
733 2761 773 2820 ad
788 2760 988 2836 occupandos
1005 2775 1100 2835 super

118 2842 226 2902 urbem
250 2845 384 2905 tumulos
409 2841 651 2919 processissent,
676 2845 743 2919 pari
764 2843 859 2904 terme
879 2844 1036 2904 intervallo
1059 2843 1098 2903 ab

119 2925 190 3000 iugo
207 2927 290 3001 quod
306 2926 489 3002 capiendum
505 2933 579 3001 erat,
594 2943 664 2987 cum
674 2927 753 2988 inter
766 2943 801 2989 se
813 2927 972 3002 conspecti
983 2932 1098 2998 essent,
1124 2961 1127 2966 -

119 3009 334 3085 constiterunt,
357 3010 479 3072 nuntios
500 3010 531 3069 in
555 3016 657 3071 castra
676 3011 839 3086 remissos,
859 3011 911 3087 qui
933 3010 1007 3086 quid
1029 3009 1098 3084 sibi,

119 3093 263 3168 quoniam
276 3099 398 3169 praeter
409 3110 498 3169 spem
508 3093 607 3155 hostis
620 3095 814 3168 occurrisset,
831 3094 1004 3155 iaciendum
1016 3100 1100 3153 esset

120 3179 329 3252 consulerent,
352 3178 446 3254 quieti
462 3177 668 3254 opperientes.
701 3185 731 3240 et
744 3179 796 3240 illo
812 3178 936 3254 quidem
950 3178 1000 3237 die
1015 3178 1097 3237 nullo

117 3258 192 3321 inito
214 3261 378 3321 certamine
391 3262 422 3321 in
437 3269 539 3323 castra
551 3263 687 3323 revocati
705 3268 792 3323 sunt:
814 3268 939 3338 postero
953 3261 1002 3320 die
1018 3262 1100 3320 cirea

118 3344 247 3404 eosdem
261 3347 394 3406 tumulos
409 3352 553 3422 equestre
566 3346 714 3421 praelium
729 3346 793 3418 tuit,
813 3347 843 3405 in
859 3362 921 3422 quo
936 3360 997 3406 non
1012 3341 1113 3426 mini..

117 3442 201 3488 mum
214 3429 392 3490 Aetolorum
413 3446 510 3506 opera
528 3430 605 3504 regii
625 3425 720 3504 fugati
741 3436 833 3505 atque
853 3430 884 3489 in
900 3435 1001 3489 castra
1016 3442 1099 3487 com·
1115 3425 1123 3433 ”

116 3512 199 3586 pulsi
211 3519 291 3573 sunt.
305 3529 448 3589 magnum
459 3513 599 3590 utrisque
610 3512 860 3590 impedimentum
867 3511 978 3572 adrem
989 3522 1104 3586 geren·
