2600 4000
209 261 275 329 202
358 258 634 322 Ltedexxvtt.
656 259 824 323 crima
844 267 1041 335 [abacia]

207 426 272 480 mm
282 414 387 476 addita
397 413 534 490 pwtttm
546 412 657 473 civium
666 412 876 474 Romanorum
885 413 944 474 tria
955 413 1054 488 milia,
1068 416 1189 490 equites

209 508 344 574 eentum,
360 497 524 559 etsocium
536 495 635 558 Latini
649 496 782 557 nominis
797 498 934 573 quinque
947 496 1047 570 milia,
1068 500 1190 574 equites
1290 549 1291 568 ,

209 584 349 654 ducenti;
372 580 627 652 etadieetumut‚
649 581 764 641 cumin
784 581 974 656 provinciam
987 581 1143 658 venisset,
1163 586 1190 645 si
1290 579 1291 646 l

209 665 413 743 erepublica
425 664 582 725 videremr
591 664 1189 738 esse‚exercituminAsiamtraiceret
1290 667 1291 686 ¹

208 749 428 814 altericommi
441 754 523 811 totus
537 764 638 809 novus
652 747 807 809 exereitus
821 749 981 823 decretus,
999 748 1080 808 duae
1094 750 1188 826 legio
1290 789 1291 792 =

208 852 266 898 nes
284 837 441 897 Romanae
457 839 489 894 et
507 832 627 894 socium
638 831 737 893 Latini
756 833 890 893 nominis
911 831 1087 907 quindecim
1107 833 1190 897 milia

210 920 361 997 peditum,
376 915 496 993 equites
511 917 660 977 sexcenti.
681 916 849 977 exercitum
862 915 1077 991 ex¹Ligttnbtts
1088 916 1124 991 Q.
1132 917 1189 978 ltr-

209 1004 320 1064 uucius
333 1037 376 1047 -
389 1001 451 1061 iam
464 1001 545 1060 eubn
559 1000 732 1061 conlectam
744 999 935 1076 provinciam
955 1000 1138 1077 scripserat,
1159 1011 1188 1065 et

208 1086 352 1160 Ligurum
367 1099 458 1145 omne
470 1098 582 1145 nomeu
596 1084 628 1144 in
643 1082 829 1145 deditionem
838 1084 965 1144 venisse
976 1116 1015 1128 -
1027 1084 1191 1147 traducere

209 1171 239 1229 in
250 1169 346 1231 Boios
357 1174 389 1228 et
397 1167 430 1227 P.
443 1167 583 1230 cornelio
594 1168 776 1244 proconsuli
784 1167 906 1228 tradere
916 1167 1033 1229 iussus.
1051 1183 1093 1228 ex
1104 1184 1190 1245 agro,

210 1269 271 1329 quo
286 1253 385 1313 victos
399 1252 481 1313 bello
501 1252 682 1313 multaverat
694 1252 805 1324 Boios,
830 1251 1033 1312 deducendae
1052 1252 1191 1314 urbanae

208 1335 363 1411 legiones,
379 1350 459 1410 quae
472 1335 577 1411 priore
591 1351 673 1396 anno
689 1336 885 1411 conscriptae
897 1341 999 1410 erant,
1018 1334 1061 1395 ld.
1074 1335 1190 1398 lutacio

209 1419 344 1496 praetori
357 1419 463 1491 datae,
479 1424 510 1479 et
523 1419 642 1480 socium
653 1434 690 1480 ac
699 1418 797 1481 Latini
809 1418 942 1480 nominis
952 1419 1089 1495 peditum
1102 1421 1191 1495 quin-

211 1503 308 1564 decim
323 1502 407 1563 milla
419 1508 450 1562 et
463 1501 583 1578 equites
604 1503 758 1578 sexcenti,
778 1503 819 1564 ad
832 1503 977 1578 Apuliam
990 1501 1192 1580 Bruttiosque

210 1587 404 1649 obtinendos.
439 1587 477 1646 A.
503 1585 643 1646 Cornelio
669 1588 840 1662 superioris
865 1587 936 1647 anni
960 1587 1111 1663 praetori,
1138 1590 1192 1663 qui

208 1671 342 1734 Bruttios
357 1687 427 1733 cum
440 1670 577 1731 exercitu
592 1669 778 1745 obtinuerat,
800 1671 996 1746 imperatum,
1017 1670 1044 1730 si
1058 1670 1102 1730 ita
1116 1687 1191 1733 con·

209 1757 267 1816 suli
280 1757 450 1830 videretur,
464 1761 499 1815 ut
512 1753 650 1830 legiones
665 1754 696 1813 in
706 1755 858 1815 Aetoliam
872 1755 1016 1815 traiectas
1026 1753 1076 1815 Μ’.
1088 1755 1190 1818 Acilio

209 1840 356 1914 traderet,
372 1840 399 1900 si
414 1840 441 1900 is
456 1853 580 1899 manere
593 1838 635 1899 ibi
649 1839 756 1899 vellet=
777 1838 805 1899 si
815 1838 933 1899 Acilius
947 1838 1049 1899 redire
1059 1838 1192 1900 Romam

208 1924 325 1994 mallet,
346 1929 380 1984 ut
395 1923 433 1982 Α.
449 1922 608 1983 cornelius
622 1939 692 1984 cum
706 1938 744 1984 eo
758 1923 896 1983 exercitu
908 1924 940 1982 iu
953 1920 1076 1983 Aetolia
1088 1938 1191 1984 rema·

209 2013 304 2066 neret
327 2006 359 2066 G.
374 2007 509 2068 Atinium
522 2006 697 2069 Labeonem
719 2005 909 2084 provinciam
924 2006 1057 2068 Siciliam
1071 2009 1190 2069 exerci-

208 2098 335 2166 tumque
349 2089 420 2151 abl.
433 2090 564 2152 Aemilio
585 2092 727 2167 accipere
746 2091 874 2166 placuit,
896 2097 928 2151 et
946 2090 979 2150 iu
993 2092 1189 2166 supplemen

208 2182 273 2236 tum
293 2174 429 2236 scribere
449 2190 490 2235 ex
510 2176 582 2251 ipsa
600 2175 774 2250 provincia,
799 2175 826 2234 si
839 2174 946 2249 veliet,
972 2174 1111 2250 peditum
1125 2175 1191 2238 duo

208 2259 291 2324 milla
306 2267 338 2321 et
351 2265 473 2320 centum
487 2261 617 2336 equites.
637 2259 671 2319 Ρ.
682 2259 787 2320 lunius
796 2259 910 2320 Brutus
924 2259 955 2319 in
965 2259 1085 2319 'luscos
1100 2275 1192 2320 exer·

209 2344 299 2405 citum
314 2359 443 2417 novum,
469 2344 622 2419 legiormm
640 2360 733 2404 unam
746 2344 914 2404 Romanam
935 2348 966 2402 et
979 2341 1085 2402 decem
1107 2343 1195 2404 milia

209 2427 328 2488 socium
339 2442 377 2486 ac
387 2425 486 2485 Latini
498 2425 629 2487 nominis
641 2426 791 2499 scribere,
806 2433 838 2487 et
848 2426 1089 2502 quadringentos
1101 2428 1193 2503 equi·

207 2517 271 2577 tes;
292 2509 327 2568 L:
339 2507 505 2582 Aemilius,
520 2509 569 2569 cui
583 2509 732 2569 maritima
745 2510 905 2585 provincia
919 2517 999 2585 erat,
1012 2511 1121 2587 viginti
1135 2528 1181 2572 na

207 2605 264 2651 ves
279 2592 388 2665 longas
402 2597 434 2650 et
448 2590 553 2651 socios
566 2591 685 2652 navalis
701 2592 772 2654 abl.
787 2594 873 2656 lunio
888 2601 1033 2670 praetore
1046 2594 1190 2674 superio-

207 2674 251 2735 n‘s
270 2673 342 2733 anni
361 2673 503 2749 accipere
527 2675 646 2751 iussus,
673 2683 704 2737 et
722 2678 858 2738 seribere
878 2680 948 2754 ipse
966 2677 1048 2740 mille
1067 2680 1194 2742 navalis

208 2757 328 2833 socios,
348 2757 410 2820 duo
425 2758 507 2818 milia
520 2759 671 2835 peditum;
695 2777 764 2822 cum
783 2762 821 2823 iis
835 2763 966 2824 navibus
979 2763 1195 2840 militibusque

207 2840 361 2904 in¹Asiam
376 2842 546 2919 proficisci,
561 2851 592 2905 et
607 2847 772 2907 classense
786 2846 817 2907 c.
831 2847 918 2908 Livio
933 2844 1085 2923 accipere.
1108 2848 1194 2909 duas

207 2925 373 3001 Hispanias
389 2926 623 3004 Sardiniamque
643 2929 848 2992 obtinentibus
864 2938 1064 3007 prorogatum
1084 2932 1116 2992 in
1134 2948 1192 2992 an-

208 3026 280 3070 num
294 3009 453 3087 imperium
467 3020 515 3073 est
528 3018 559 3072 et
571 3011 653 3073 idem
667 3015 822 3077 exercitus
834 3016 958 3076 decreti.
981 3014 1104 3078 Siciliae
1116 3015 1193 3077 Sar⁴

208 3094 372 3169 diniaeque
391 3095 482 3156 binae
503 3111 540 3156 eo
562 3112 642 3158 anno
669 3098 817 3160 decumae
841 3100 983 3160 burmenti
1005 3101 1194 3176 imperataea

208 3175 344 3238 Siculum
358 3194 449 3239 omne
463 3179 645 3240 trumentum
658 3180 689 3240 in
703 3182 853 3244 Aetoliam
873 3184 914 3244 ad
931 3184 1100 3245 exercitum
1116 3201 1195 3260 por·
1290 3230 1291 3239 κ

207 3261 264 3321 tari
278 3261 411 3333 iussum;
433 3277 473 3322 ex
487 3261 628 3324 Sardinia
649 3281 723 3340 pars
736 3267 865 3329 Romam
885 3283 959 3343 para
978 3267 1009 3328 in
1023 3268 1191 3347 Aetoliam,

206 3345 394 3423 eodemque
409 3344 554 3407 Siculum.
790 3378 794 3384 ·

289 3430 340 3489 ΙΙΙ.
359 3430 541 3506 Priusquam
557 3435 702 3494 consules
716 3434 748 3493 in
763 3435 938 3510 provincias
950 3439 1196 3513 proficisceren-

208 3520 268 3589 tur,
284 3513 425 3590 prodigia
438 3530 495 3589 per
508 3516 671 3591 pontifices
687 3520 845 3593 procurari
859 3520 983 3595 placuit.
1005 3522 1126 3582 Romae
1139 3520 1195 3583 Ita
