2600 4000
180 233 221 299 ιι
318 234 433 295 oreon
446 233 564 293 xxxin
588 233 671 293 cnr.
687 242 730 297 n.
745 242 789 295 ao.
812 234 848 312 [ι.
865 238 899 290 u.
914 256 938 291 ο.
954 234 1017 312 sss]

179 385 289 450 obvios
304 384 422 462 aliquot
440 382 643 458 laniaverant,
664 387 780 446 Romae
801 401 862 446 non
882 384 915 446 in
935 387 1042 448 urbem
1056 388 1155 448 solum

178 468 280 533 sedin
296 467 477 544 Capitolium
492 476 706 544 penetraverat
719 470 820 545 lupus.

261 554 293 615 C.
308 551 427 613 Acilius
439 552 579 613 tribunus
594 553 695 628 plebis
709 553 791 629 tulit,
811 561 846 615 ut
863 552 999 630 quinque
1015 554 1155 616 coloniae

177 639 209 698 in
224 654 309 700 oram
323 635 502 698 maritimam
514 636 747 710 deducerentur,
763 638 843 699 duae
853 639 894 698 ad
905 638 985 700 estin
996 637 1155 699 fluminum

176 720 318 784 Vulturni
337 718 528 796 Liternique,
550 736 610 780 una
629 720 789 797 PuteoloS,
810 736 872 783 una
891 722 931 782 ad
951 730 1086 787 castrum
1100 722 1155 782 Sa·

177 806 264 867 lerni.
296 804 345 866 his
359 804 533 865 Buxentum
547 804 709 866 adiectum.
743 812 887 866 trecenae
902 804 1033 865 familiae
1047 804 1078 864 in
1093 805 1155 866 sin-

176 893 264 966 gulas
276 886 415 949 colonias
428 888 610 949 iubebantur
623 887 707 950 mitti.
736 888 883 950 triumviri
898 888 1089 949 deducendis
1103 888 1153 962 iis,

177 973 230 1051 qui
250 989 307 1049 per
325 970 488 1032 triennium
507 970 716 1047 magistratum
732 972 893 1046 haberent,
915 971 1008 1033 creati
1027 972 1067 1032 Μ.
1084 972 1152 1033 Ser·

176 1057 267 1118 villus
294 1054 439 1116 Geminus
468 1054 502 1129 Q.
526 1054 680 1117 Minucius
706 1056 854 1117 'ilrermus
879 1056 922 1116 Ti.
952 1054 1153 1131 Sempronius

176 1142 311 1217 Longus.
687 1182 693 1192 .

258 1221 378 1284 Dilectu
391 1222 548 1297 rebusque
562 1221 632 1283 aliis
647 1222 759 1285 dlvinis
774 1223 987 1300 humanisque,
1003 1238 1082 1298 quae
1096 1239 1153 1298 per

176 1309 265 1386 ipsos
286 1307 408 1382 agenda
422 1313 523 1380 erant,
546 1304 693 1381 perfectis
715 1309 861 1369 consules
875 1308 965 1369 ambo
979 1307 1010 1367 in
1026 1305 1152 1367 Galliam

177 1389 322 1469 proiecti,
344 1387 503 1451 Cornelius
517 1396 601 1451 recta
615 1391 656 1450 ad
670 1392 815 1453 Insubres
831 1390 898 1463 via,
916 1390 968 1466 qui
984 1398 1046 1452 tum
1059 1389 1090 1449 in
1105 1407 1151 1450 ar·

176 1476 234 1538 mis
249 1482 336 1536 erant
350 1472 533 1534 Cenomanis
547 1473 735 1549 adsumptis;
752 1473 947 1550 Q.Minucius
958 1473 989 1534 in
1000 1475 1152 1535 laevalta·

177 1560 236 1621 liae
261 1556 456 1619 odiosorum
480 1573 563 1618 mare
590 1555 675 1618 flexit
698 1556 769 1632 iter,
796 1558 995 1633 Genuamque
1016 1557 1154 1619 exercitu

177 1645 288 1705 educto
303 1643 342 1703 ab
354 1640 518 1718 Liguribus
534 1656 625 1702 orsus
638 1640 752 1702 bellum
767 1649 823 1703 est.
847 1641 962 1717 oppida
976 1639 1153 1703 Clastidium

177 1735 208 1789 et
219 1725 380 1801 Litubium,
395 1734 525 1802 utraque
538 1723 692 1800 Ligurum,
707 1733 738 1787 et
751 1727 831 1787 duae
845 1724 945 1802 gentis
957 1723 1096 1787 eiusdem
1112 1725 1153 1786 ci-

178 1813 295 1883 vitates,
311 1810 459 1871 Celeiates
467 1806 733 1885 Cerdeciatesque,
749 1825 821 1871 sese
835 1809 1026 1871 dediderunt.
1049 1809 1152 1871 etlam

179 1891 280 1955 omnia
295 1892 340 1954 cis
353 1892 484 1968 Padum,
499 1899 621 1968 praeter
635 1893 790 1955 Gallorum
803 1892 914 1964 Boios,
936 1894 1048 1954 llvates
1062 1892 1153 1968 Ligu.

177 1994 251 2051 runt,
268 1977 325 2039 sub
341 1975 463 2039 dicione
477 1983 573 2039 erant.
607 1975 782 2053 quindecim
797 1975 923 2054 oppida,
937 1976 1094 2039 hominum
1109 1975 1150 2037 vi-

178 2059 251 2139 gInti
265 2060 348 2121 milia
363 2077 435 2123 esse
460 2059 639 2123 dicebantur
660 2080 740 2138 quae
761 2079 796 2124 se
816 2060 1006 2124 dediderant.
1029 2060 1101 2123 inde
1121 2060 1152 2121 in

177 2162 283 2223 agmm
295 2144 440 2208 Boiorum
456 2144 595 2223 legiones
611 2145 707 2209 duxit.
731 2148 822 2208 XXX.
836 2144 986 2208 Boiorum
998 2144 1152 2207 exereitus

176 2231 259 2293 haud
272 2229 314 2292 ita
329 2233 422 2292 multo
437 2238 508 2293 ante
521 2229 683 2293 traiecerat
696 2231 820 2305 Padum,
837 2229 1041 2306 iunxeratque
1055 2246 1091 2291 se
1104 2230 1152 2288 In-

177 2313 321 2376 subribus
337 2323 367 2376 et
378 2314 576 2387 Cenomanis,
598 2316 682 2390 quod
702 2312 744 2375 ita
758 2321 957 2390 acceperant,
979 2310 1152 2375 coniunctis

175 2396 348 2475 legionibus
370 2399 515 2458 eonsules
535 2413 600 2457 rom
620 2403 778 2472 gesturos,
798 2405 832 2458 ut
851 2405 882 2458 et
901 2396 963 2474 ipsi
978 2398 1105 2460 collatas
1120 2394 1151 2455 in

175 2498 269 2543 unum
288 2478 371 2540 vires
392 2480 547 2540 firmarent
598 2487 764 2556 postquam
784 2480 865 2541 lama
888 2480 1001 2544 accidit
1023 2482 1151 2542 alterum

176 2563 334 2625 consulem
344 2561 492 2624 Boiorum
505 2578 594 2624 urere
605 2577 707 2637 agros,
724 2563 834 2626 sediIIo
847 2566 1002 2641 extemplo
1017 2572 1083 2627 orta
1093 2571 1152 2624 est.

174 2646 332 2724 postulare
348 2644 439 2721 Boii,
464 2654 498 2708 ut
516 2646 724 2707 laborantibus
745 2664 837 2724 opem
861 2647 998 2711 universi
1022 2650 1151 2709 lementa

174 2729 320 2792 Insubres
340 2745 453 2805 negare
473 2746 508 2792 se
530 2747 588 2792 sua
606 2731 796 2794 deserturos.
836 2732 878 2794 ita
898 2731 1018 2794 divisae
1032 2730 1150 2807 copiae,

173 2811 322 2890 Boilsque
336 2812 367 2875 in
379 2830 485 2890 agrum
496 2832 585 2876 suum
596 2816 756 2878 tutandmn
766 2816 913 2893 profectis
924 2817 1069 2878 Insubres
1082 2831 1150 2875 cum

175 2896 359 2960 Cenomanis
374 2916 470 2976 super
483 2898 582 2961 amnis
596 2899 702 2961 MIncii
715 2898 815 2977 ripam
830 2902 1046 2962 consederunt.
1073 2898 1151 2959 inlra

175 2998 245 3043 etun
258 2985 361 3044 locum
381 2984 443 3045 duo
463 2982 546 3046 milia
565 2992 596 3046 et
616 2986 726 3047 consul
741 2983 901 3047 Cornelius
919 2983 1020 3046 eidem
1035 2981 1150 3045 ssumIni

175 3073 276 3128 eastra
296 3065 453 3143 applicuit
495 3067 567 3130 inde
587 3067 734 3130 mittendo
754 3068 786 3130 in
805 3066 892 3130 vicos
908 3068 1151 3130 Cenomanorum

173 3147 380 3228 Brirdamque,
397 3153 480 3229 quod
494 3159 587 3228 caput
596 3153 697 3229 gentis
708 3163 781 3227 erat,
796 3160 831 3214 ut
841 3151 916 3215 satis
928 3151 1078 3229 comperit
1090 3167 1150 3213 non

175 3249 216 3294 ex
235 3234 415 3298 auctoritate
436 3234 592 3298 seniorum
612 3235 801 3299 iuventutem
821 3235 851 3297 in
872 3234 965 3297 armIs
980 3253 1068 3310 esse,
1094 3250 1152 3295 nec

176 3317 299 3394 publico
315 3318 443 3381 consilio
459 3321 621 3381 Insubrum
632 3319 797 3383 defectioni
809 3321 1003 3383 Cenomanos
1015 3336 1087 3381 sese
1097 3319 1151 3379 ad·

175 3398 323 3478 iunxisse,
337 3402 447 3466 excitis
461 3404 501 3465 ad
517 3421 552 3466 se
565 3402 758 3481 principibus
772 3403 803 3466 id
815 3420 908 3481 agere
919 3420 956 3465 ac
967 3402 1068 3466 moliri
1079 3419 1152 3464 coe·

174 3483 231 3561 pit,
257 3495 291 3549 ut
311 3487 522 3550 desciscerent
541 3489 579 3550 ab
599 3487 781 3551 Insubribus
802 3486 984 3564 Cenomani,
1008 3496 1041 3549 et
1053 3484 1151 3563 signis
