2600 4000
257 294 373 355 blsslilt
387 292 534 353 xxxvii.
557 291 640 353 cap.
657 301 699 353 oo.
712 301 755 353 51.
770 298 806 365 [a.
819 297 850 350 c.
865 294 925 369 raa]
1016 293 1078 357 306

98 455 166 511 erat
185 446 351 508 indetrita
364 452 414 507 est
427 446 584 518 decretus,
607 451 637 504 et
651 447 684 504 ut
698 443 728 503 in
744 444 990 519 supptementum
1004 446 1078 506 scri-

100 534 188 593 beret
205 530 389 607 permissum
411 529 522 589 civium
543 527 762 603 sociorumque
776 528 908 588 eundem
922 540 1080 592 numerum

101 630 194 693 quem
214 615 340 689 collega.
373 628 469 673 naves
491 626 616 688 quoque
636 611 718 673 idem
738 612 863 687 consul,
885 627 965 687 quae
978 612 1081 688 priore

101 715 182 760 anno
198 703 323 775 paratae
338 706 438 771 erant,
454 712 565 757 ornare
579 696 685 757 iussus
700 712 737 757 ac
752 696 865 758 ducere
880 712 1003 766 secum;
1023 711 1082 756 nec

101 799 170 845 cum
183 781 302 844 Aetolis
316 783 416 842 solum
429 780 542 841 bellurn
557 794 679 855 gerere,
702 780 759 840 sed
774 779 864 840 etiam
877 780 908 840 in
924 779 1081 854 cephalle-

101 868 181 929 niam
195 866 326 926 insudam
339 864 477 925 ualccre.
509 864 685 924 mandatum
699 863 813 940 eidem,
828 870 870 939 ut,
885 864 913 924 si
927 880 985 941 per
999 879 1081 924 com
1165 894 1168 910 ι

101 952 225 1014 modum
240 949 285 1009 rei
299 949 440 1026 publicae
455 948 558 1008 lacere
571 955 695 1023 posset,
713 954 747 1009 ut
761 948 801 1009 ad
817 949 939 1010 comitia
952 949 1080 1010 Romam

101 1035 232 1096 venireta
254 1047 325 1093 nam
338 1032 650 1109 praeterquamquod
662 1033 857 1108 magistratus
869 1032 962 1093 annui
973 1032 1081 1093 subro-

102 1118 193 1196 gandi
207 1122 322 1192 essent,
337 1131 484 1178 censores
500 1131 624 1192 quoquc
638 1118 762 1191 placere
778 1117 883 1177 creari.
914 1118 940 1178 si
955 1133 1017 1193 qua
1030 1131 1082 1176 res

102 1219 172 1264 oum
186 1207 314 1276 teneret,
329 1207 470 1262 senatum
484 1200 645 1261 certiorem
660 1201 773 1261 taceret
787 1216 822 1260 se
837 1202 877 1261 ad
892 1202 1082 1271 comitiorum

103 1296 224 1362 tempus
241 1298 404 1346 occurrere
417 1300 479 1345 non
494 1300 601 1360 posse.
623 1284 744 1345 Aetolia
757 1285 797 1344 Μ.
807 1284 925 1360 Fulvio,
940 1285 1017 1346 Asia
1029 1284 1081 1345 cn.

102 1370 215 1431 Manlio
236 1377 320 1430 sorte
341 1369 450 1429 evenit.
486 1375 645 1445 praetores
667 1366 779 1428 deinde
800 1368 899 1431 sortiti
919 1376 1005 1444 sunt,
1020 1366 1071 1445 ⁴Sp

102 1454 277 1515 Postumius
291 1452 422 1513 Albinus
436 1452 583 1513 urbanam
599 1458 630 1513 et
642 1451 720 1512 inter
734 1450 924 1530 peregrinos,
939 1454 980 1514 itt.
997 1453 1078 1514 Sem-

104 1538 231 1616 pronius
244 1536 412 1597 Tuditanus
427 1534 576 1611 Siciliam,
593 1535 626 1611 Q.
642 1535 756 1597 Fabius
770 1537 872 1598 Pictor
885 1536 996 1597 flamen
1013 1537 1081 1609 Qui-

102 1620 208 1683 rinalis
223 1620 409 1696 Sardiniam,
432 1619 711 1695 cantuariense
733 1623 878 1691 classem,
901 1622 934 1679 L.
948 1620 1082 1680 Plautius

103 1708 270 1785 Hypsaeus
284 1703 464 1780 Hispaniam
479 1704 659 1779 citeriorem,
673 1705 706 1765 L.
718 1704 852 1765 Baebius
863 1703 957 1763 Dives
971 1703 1081 1778 Hispa·

103 1790 184 1851 niam
198 1789 383 1850 ulteriorem.
417 1789 538 1850 Siciliae
551 1787 632 1865 legio
648 1803 710 1848 una
724 1794 755 1847 et
769 1784 888 1860 classis,
907 1802 987 1862 quae
1001 1787 1031 1846 in
1047 1802 1083 1848 ea

104 1873 262 1950 provincia
276 1880 349 1947 erat,
365 1873 504 1944 decreta3
526 1879 557 1933 et
570 1880 604 1932 ut
618 1870 697 1931 duas
713 1870 860 1930 decumas
876 1870 1016 1931 trumenti
1028 1886 1083 1931 no·
1189 1939 1191 1944 ⁴

103 1975 161 2021 vus
182 1963 306 2034 praetor
326 1957 491 2030 imperaret
512 1954 638 2026 Siculis,
659 1967 764 2013 earum
777 1955 908 2015 'alteram
922 1955 953 2016 in
966 1954 1083 2030 Asiam,

105 2046 230 2103 alteram
243 2040 274 2098 in
289 2039 441 2098 Aetoliam
454 2037 593 2098 mitteret.
615 2035 698 2097 idem
712 2037 752 2097 ab
763 2036 870 2099 Sardis
885 2039 976 2115 exigi,
991 2047 1084 2116 atque

106 2125 145 2185 ad
159 2123 287 2184 eosdem
302 2119 456 2181 exercitus
470 2120 502 2180 id
517 2121 707 2195 trumentum,
724 2122 764 2180 ad
779 2137 858 2197 quos
870 2121 1015 2198 Siculum,
1030 2123 1082 2183 de-

104 2205 221 2284 portari
241 2205 369 2264 iussum.
402 2203 435 2265 L.
450 2201 566 2265 Baebio
587 2204 834 2280 supplementum
854 2205 884 2266 in
905 2206 1084 2281 Hispaniam

104 2291 210 2352 datum
222 2287 304 2348 mille
314 2288 444 2348 Romani
456 2287 586 2363 pedites,
602 2287 722 2364 equites
739 2288 968 2365 quinquaginta,
983 2297 1014 2350 et
1027 2304 1084 2349 sex

104 2373 187 2435 milia
207 2372 342 2448 peditum
361 2372 459 2432 Latini
483 2370 632 2446 nominis,
657 2373 779 2433 ducenti
801 2371 930 2449 equites.
965 2372 1083 2433 Plautio

103 2460 253 2536 Hypsaeo
273 2456 303 2516 in
318 2455 498 2532 Hispaniam
514 2455 685 2517 citeriorem
698 2455 780 2517 mille
791 2457 922 2519 Romani
936 2456 998 2517 dati
1012 2462 1085 2518 sunt

104 2541 240 2619 pedites,
256 2541 318 2602 duo
333 2540 414 2601 mitia
429 2541 547 2602 socium
560 2539 658 2601 Latini
672 2541 803 2603 nominis
817 2549 849 2603 et
862 2541 983 2602 ducenti
998 2541 1083 2618 equi-

104 2637 169 2696 tes;
189 2641 258 2686 cum
279 2624 327 2685 his
348 2624 571 2700 supplementis
586 2631 619 2685 ut
633 2625 771 2701 singulas
785 2626 923 2702 legiones
938 2626 1018 2686 duae
1031 2625 1083 2686 Hi·

104 2709 233 2786 spaniae
253 2708 410 2768 baberent.
446 2708 558 2784 prioris
578 2709 649 2768 anni
668 2710 910 2786 magistratibus,
933 2709 964 2769 G.
979 2709 1083 2770 Laelio

104 2808 175 2853 eum
200 2807 257 2852 suo
282 2792 419 2851 exercitu
439 2797 635 2866 prorogatum
656 2792 686 2851 in
707 2810 820 2854 annum
840 2793 1001 2867 imperium
1020 2802 1083 2863 est3

104 2879 303 2951 prorogatum
317 2880 349 2934 et
361 2873 394 2932 P.
409 2875 496 2935 lunio
511 2876 703 2950 propraetori
717 2876 748 2934 in
762 2877 881 2937 Etmnia
895 2892 964 2937 cum
978 2892 1016 2937 eo
1031 2892 1083 2937 ex-

104 2957 210 3033 ercitu,
227 2957 324 3033 quiin
338 2958 497 3033 provincia
512 2964 603 3032 esset,
623 2965 653 3018 et
667 2959 706 3018 Μ.
718 2959 831 3020 Tuccio
845 2961 1040 3035 propraetori
1054 2961 1083 3020 in

104 3043 228 3105 Bruttiis
244 3049 273 3102 et
287 3041 410 3117 Apulia.
642 3110 646 3117 ⁸

188 3127 234 3186 Ll.
256 3125 437 3200 Priusquam
457 3125 488 3185 in
509 3127 686 3201 provincias
701 3134 859 3204 praetores
873 3127 966 3200 irent,
989 3135 1084 3189 certa·

104 3226 174 3271 men
189 3210 266 3270 inter
279 3208 311 3268 P.
326 3209 473 3270 Licinium
487 3211 663 3286 pontificem
684 3212 849 3274 maximum
867 3212 922 3273 luit
935 3219 965 3273 et
980 3211 1013 3287 Q.
1028 3213 1084 3273 Fa·

103 3293 189 3354 bium
201 3292 350 3355 Pictorem
371 3292 523 3354 flaminem
546 3291 744 3370 Quirinalem,
772 3298 863 3373 quale
883 3305 1002 3372 patrum
1022 3310 1084 3356 me-

104 3376 203 3437 moria
227 3377 304 3436 inter
328 3377 360 3435 L.
375 3376 529 3438 Metellum
549 3387 580 3440 et
599 3378 787 3441 Postumium
807 3381 951 3442 Albinum
976 3382 1084 3439 iuerat.

105 3460 264 3520 consulem
279 3460 361 3520 illum
377 3475 445 3520 cum
458 3460 489 3521 C.
499 3462 618 3523 Lutatio
631 3462 749 3537 collega
759 3465 789 3522 in
802 3463 935 3525 Siciliam
951 3462 990 3521 ad
1006 3464 1083 3520 clas·

105 3559 172 3605 sem
184 3542 431 3620 proticiscentem
445 3544 486 3603 ad
506 3560 597 3605 sacra
615 3544 779 3627 retInuerat
792 3546 931 3606 Metellus
946 3542 1086 3619 pontilctt

148 3644 173 3685 τ.
190 3642 251 3685 srvi
265 3641 342 3685 anas
358 3626 408 3683 IV.
842 3636 877 3682 ‘ro
