2600 4000
283 210 398 272 LIBER
408 208 569 269 xllxvlll.
588 208 782 271 onustos.
805 207 841 284 [a.
855 214 967 288 casti
1016 158 1018 163 Ι
1047 210 1108 275 373

134 366 230 426 deret.
254 361 364 439 quibus
379 360 421 420 ito
431 359 509 420 inter
519 358 674 434 publicum
687 361 835 420 sollemne
847 362 1043 435 sponsalibus
1053 364 1110 428 rite

135 447 223 509 lactis
268 461 336 505 cum
356 460 392 505 se
412 444 534 505 domum
556 442 743 518 recepisset,
769 442 944 517 Scipionem
963 441 1110 508 Aemiliae

134 530 223 592 uxori
248 529 365 590 dixisse
388 526 481 588 liliam
490 542 532 588 se
551 526 699 588 minorem
721 527 941 603 despondisse,
971 545 1038 588 curn
1058 531 1109 592 illa

15 655 18 684 ,
133 612 319 675 muliebriter
343 611 572 687 indignabunda
592 610 666 671 nibil
689 612 728 671 de
749 612 901 672 communi
921 612 984 673 lilia
1004 628 1109 673 secum

68 693 74 703 ’
134 692 350 770 consultatum,
372 693 538 756 adiecisset
552 711 613 756 non
635 696 661 755 si
676 693 719 754 Ti.
736 695 873 757 Graccho
890 697 984 771 daret,
1000 712 1108 771 exper-

15 809 16 820 ¹
134 789 195 842 tem
209 780 327 841 consilii
341 778 489 840 debuisse
504 785 629 840 matrem
639 794 721 854 esse,
736 781 849 841 laetum
863 778 1037 855 Scipionem
1049 786 1110 841 tarn

15 865 24 938 l
134 863 279 925 concordi
296 862 408 925 iudicio
424 863 452 921 ei
466 861 527 938 ipsi
542 863 731 938 desponsam
745 863 956 939 respondisse.
979 864 1056 924 hoec
1071 865 1110 936 de

14 941 29 988 ²*
134 955 215 1010 tento
230 947 307 1021 viro,
324 962 507 1021 quemquam
519 952 550 1006 et
563 945 759 1021 opinionibus
774 953 805 1007 et
818 947 1021 1008 monumentis
1032 946 1107 1007 lltte—

63 1049 82 1100 ,’
132 1047 233 1094 rarum
248 1029 409 1103 variarent,
427 1029 629 1105 proponenda
644 1036 740 1089 erant.

14 1161 15 1166 1
216 1115 319 1173 LVlll.
342 1113 464 1174 Iudiciis
478 1129 497 1172 a
512 1112 545 1187 Q.
560 1113 701 1173 Terentio
716 1119 858 1187 praetore
873 1112 1031 1188 perlectis,
1047 1114 1108 1174 llo-

45 1197 48 1202 ’
83 1197 89 1206 ’
132 1197 231 1260 stilius
246 1204 276 1258 et
285 1196 394 1257 Furius
410 1195 542 1256 damnati
557 1196 689 1270 praedes
705 1196 813 1256 eodem
824 1195 879 1256 ‘die
894 1197 1106 1272 quaestoribus

14 1287 19 1327 ῐ
132 1281 258 1342 urbanis
276 1281 444 1350 ‘dederunt5
467 1278 570 1353 Scipio
587 1294 656 1338 cum
671 1280 868 1340 contenderet
883 1296 1001 1341 omnem
1017 1297 1107 1357 quarn

13 1435 15 1444 ἱ
133 1364 304 1440 accepisset
328 1363 489 1438 pecuniam
508 1363 538 1421 in
559 1362 676 1423 aerulo
698 1378 786 1439 esse,
812 1379 869 1424 nec
890 1381 925 1424 se
946 1365 1108 1440 quicquam
1136 1399 1138 1404 «

133 1448 246 1523 publici
260 1446 382 1520 habere,
397 1445 428 1505 in
442 1446 564 1505 vincula
578 1445 649 1506 duci
663 1452 711 1506 est
725 1454 861 1523 coeptus.
884 1448 915 1506 P.
932 1447 1035 1523 Scipio
1049 1448 1104 1508 Na·
1164 1511 1166 1514 .

132 1533 197 1591 sica
207 1529 343 1592 tribunos
355 1528 528 1605 appellavit,
541 1529 770 1607 oratlonemque
780 1531 884 1593 habuit
893 1533 1014 1606 plenam
1024 1531 1107 1590 veris
1212 1594 1214 1598 ,

132 1612 296 1674 decoribus
317 1629 379 1674 non
401 1614 599 1675 communiter
617 1614 710 1675 modo
733 1615 890 1675 Corneliae
910 1614 1025 1687 gentis,
1050 1614 1106 1672 sed

132 1696 256 1772 proprie
270 1695 400 1757 familiae
415 1713 499 1758 suae.
531 1706 675 1774 parentes
691 1714 766 1758 suos
782 1704 812 1757 et
825 1696 858 1754 P.
873 1694 1008 1755 Africani
1023 1711 1059 1755 ac
1072 1696 1106 1755 L.
1120 1707 1123 1712 ’

12 1823 23 1846 .
132 1778 293 1855 Scipionis,
311 1781 404 1854 quiin
420 1797 574 1842 carcerem
592 1783 763 1853 duceretur,
778 1778 874 1837 luisse
888 1778 938 1838 cn.
955 1785 984 1840 et
997 1777 1028 1836 P.
1042 1777 1105 1839 Sci·

12 1903 13 1936 ÷
130 1864 248 1940 piones,
264 1866 453 1946 clarissimos
468 1866 563 1924 viros.
592 1878 663 1934 eos,
680 1877 747 1920 cum
763 1877 819 1936 per
834 1861 950 1936 aliquot
962 1877 1061 1922 annos
1076 1862 1105 1921 in

83 1968 87 1974 ·
126 1957 209 2009 terra
218 1947 368 2020 Hispania
379 1946 531 2006 adversus
542 1942 1106 2022 multosP0enorumllispanorumque

11 2048 14 2113 4
129 2036 160 2088 et
179 2030 275 2088 duces
297 2035 326 2088 et
347 2028 499 2088 exereitus
521 2028 653 2090 nominis
667 2029 796 2090 Romani
816 2031 926 2089 lamam
948 2031 1108 2092 auxissent

11 2164 13 2187 ζ
130 2127 190 2171 oon
210 2111 290 2171 bello
311 2110 426 2185 solum,
448 2111 506 2171 sed
520 2113 604 2188 quod
616 2114 774 2174 Romanae
790 2114 1007 2188 temperantiae
1020 2114 1106 2173 lidei·

131 2210 192 2271 que
206 2194 363 2270 specimen
376 2194 436 2255 iliis
451 2195 592 2270 gentibus
604 2196 770 2271 dedissent,
787 2197 826 2256 ad
838 2203 1003 2258 extremum
1015 2196 1105 2258 ambo

127 2294 185 2355 pro
199 2294 234 2338 re
254 2278 378 2355 publiea
392 2285 494 2359 morte¹
505 2280 698 2342 occubuisse.
734 2295 802 2341 curn
815 2279 933 2340 illorum
949 2280 1026 2341 tueri
1040 2281 1105 2354 glo·

11 2398 12 2401 =
127 2363 203 2422 riam
224 2363 357 2437 posteris
379 2362 454 2424 satis
475 2370 573 2439 esset,
594 2363 626 2422 P.
640 2361 819 2425 Africanum
833 2370 946 2424 tantum
962 2370 1126 2439 paternas

128 2444 326 2522 superavisse
341 2447 459 2521 landes,
475 2453 508 2507 ut
520 2448 613 2508 fidem
624 2448 731 2509 lecerit
741 2464 802 2510 non
815 2449 963 2522 sanguine
973 2447 1104 2508 humano

11 2606 13 2611 y
128 2530 184 2591 sod
205 2530 301 2607 stirpe
322 2530 426 2592 divina
448 2539 545 2612 satum
566 2546 602 2593 se
617 2547 697 2593 esse.
729 2531 763 2591 L.
780 2531 969 2607 Scipionem,
989 2531 1028 2591 de
1042 2547 1103 2607 quo

11 2587 100 2687 ³³²3
127 2621 245 2689 agatur,
267 2622 301 2676 ut
316 2615 439 2690 quaein
454 2615 610 2692 Hispania,
626 2616 749 2692 quaein
764 2616 882 2689 Africa,
900 2632 968 2677 eum
986 2616 1104 2691 legatus

127 2697 228 2757 lrauis
243 2704 336 2772 esset,
351 2700 510 2772 gessisset,
527 2706 768 2774 praetereantur,
784 2702 942 2761 consulem
956 2706 986 2761 et
1000 2700 1038 2759 ab
1054 2714 1103 2761 se·

127 2788 198 2841 natu
219 2779 343 2855 dignum
364 2780 479 2855 visunt,
501 2781 549 2842 cui
568 2788 656 2841 extra
675 2789 789 2845 sortem
801 2785 878 2843 Asia
897 2782 1057 2858 provincia
1074 2792 1105 2842 et

126 2863 239 2923 bellum
261 2880 329 2925 cunr
343 2863 497 2925 Antiocho
512 2879 586 2939 rege
600 2864 828 2937 decemeretur‚
849 2872 879 2925 et
893 2880 911 2924 a
926 2867 1033 2940 tratre,
1055 2866 1104 2927 cui

128 2953 199 3023 post
213 2948 293 3009 duos
311 2947 490 3009 consulatus
505 2963 728 3023 censuramque
743 2955 773 3008 et
785 2947 969 3023 triumphum
984 2948 1102 3022 legatus

11 3036 18 3049 ·
126 3032 156 3092 io
165 3030 273 3092 Asiam
282 3030 348 3092 iret.
370 3028 413 3092 ibi
424 3046 464 3091 ne
474 3030 649 3106 magnitudo
662 3037 692 3092 et
702 3030 849 3107 splendor
859 3030 950 3106 legati
960 3031 1102 3094 laudibus

21 3191 24 3197 Ι
128 3114 266 3177 consulis
278 3115 425 3190 officeret,
441 3115 519 3176 lorte
529 3115 571 3177 ite
580 3112 736 3190 incidisse,
747 3121 782 3175 ut
792 3129 854 3189 quo
867 3114 917 3175 die
928 3115 968 3175 ad
977 3115 1102 3190 Magne-

127 3197 204 3259 siam
219 3199 315 3276 signis
332 3199 450 3262 collatis
461 3199 494 3259 L.
508 3197 611 3276 Scipio
622 3197 807 3261 Antiochum
821 3197 995 3275 devicisset,
1011 3214 1103 3273 aeger
1136 3203 1139 3207 ’

127 3277 157 3337 P.
174 3281 278 3358 Scipio
292 3284 405 3344 Elaeae
425 3283 543 3345 dierum
561 3283 680 3358 aliquot
698 3282 748 3342 via
767 3281 900 3360 obesset.
928 3299 989 3344 non
1005 3282 1102 3342 luisse

127 3362 273 3425 minorem
293 3381 363 3428 cum
385 3368 550 3430 exercitum
572 3382 664 3441 quarn
682 3365 875 3442 Hannibalis,
898 3382 967 3427 eum
989 3381 1049 3440 quo
1070 3364 1101 3424 in

127 3445 231 3508 antea
246 3455 330 3509 esset
347 3457 524 3525 pugnatum.
555 3448 753 3509 Hannibalem
767 3449 900 3509 eundem
913 3447 1011 3509 luisse
1024 3445 1102 3508 inter
