2600 4000
278 175 392 280 traua
407 219 568 280 mlxviii.
591 220 674 280 cnr.
691 231 732 282 n.
746 231 788 283 n.
811 230 848 293 [a.
862 228 969 296 cnm]
1019 220 1082 286 32⁷

63 451 66 456 Ι
103 377 195 450 torto,
210 373 386 449 bellumque
399 372 515 448 pariter
528 372 635 448 gerito
665 373 812 449 perfugas
828 373 971 449 lugitivos
988 376 1081 452 capti-

40 491 43 497 ·
102 475 159 520 vos
173 457 293 519 reddito
308 455 455 517 Romanis
470 456 636 532 sociisque,
651 462 868 532 praeterquam
883 457 910 517 si
925 457 977 532 qui
992 460 1082 535 capti,

103 558 172 603 cum
191 540 301 602 domos
320 539 489 615 redissent,
515 539 623 600 iterum
643 539 725 615 capti
745 547 830 615 sunt,
856 546 909 601 aut
929 540 956 601 si
978 541 1030 618 qui
1044 558 1081 605 eo

103 633 240 701 tempore
260 637 300 684 ex
319 623 356 685 iis
375 623 456 700 capti
470 630 543 685 sunt
558 622 609 699 qui
624 629 689 683 tum
703 623 809 684 hostes
826 630 912 685 erant
925 624 1082 701 Romanis,
1176 647 1181 657 ·

53 773 55 778 ,
103 724 173 771 cum
192 708 270 769 iutra
290 706 445 784 praesidia
458 708 597 778 Romana
611 707 710 768 Aetoli
733 714 847 768 essent.
880 708 1008 769 aliorum
1031 712 1083 785 qui

2 863 4 876 ,
104 791 338 868 comparebunt,
356 790 435 857 intra
449 790 516 850 dies
532 795 652 851 centum
668 791 910 870 Corcyraeorum
925 791 1083 867 magistra·

2 891 4 964 ὲ
103 875 185 937 tibus
210 873 276 936 sine
297 875 369 935 dolo
390 874 470 934 malo
492 874 665 945 madantum
699 873 752 951 qui
771 890 833 937 nou
854 875 1082 952 comparebunt,

2 975 3 1024 ὲ
103 959 227 1036 quando
250 958 384 1035 quisque
405 973 511 1019 eorum
532 957 662 1034 primum
681 958 823 1020 inventus
837 958 908 1034 erit,
926 959 1082 1020 reddatur.

103 1042 230 1106 obsides
252 1039 453 1119 quadraginta
473 1040 619 1102 arbitratu
638 1041 776 1104 consulis
790 1043 919 1104 Romani
934 1043 1020 1117 dato,
1044 1057 1084 1103 ne

102 1126 237 1188 minores
266 1123 429 1187 duodecim
457 1141 606 1186 annorum
630 1141 692 1186 neu
715 1126 847 1186 maiores
874 1126 1083 1202 quadraginta.

101 1210 197 1271 obses
211 1224 250 1271 ne
262 1215 328 1270 esto
340 1215 472 1284 praetor,
479 1210 654 1286 praelectus
666 1208 811 1285 equitum,
818 1207 920 1270 scriba
931 1210 1082 1285 publicus,

102 1309 165 1354 neu
180 1292 249 1369 quis
265 1292 317 1370 qui
332 1298 403 1353 ante
417 1294 511 1354 obses
526 1294 582 1355 luit
596 1293 679 1369 apud
693 1293 860 1355 Romanos.
889 1293 1083 1370 Cephallenia

2 1419 4 1456 2
88 1375 191 1438 'extra
212 1374 299 1451 pacis
314 1377 399 1452 leges
415 1381 513 1438 esto.“
548 1377 587 1437 de
602 1377 752 1451 pecuniae
767 1393 887 1438 summa
902 1394 993 1454 quam
1009 1394 1083 1454 pen·

2 1477 4 1482 ’
103 1461 212 1522 derant
231 1458 498 1537 pensionibusque
512 1460 578 1522 eius
599 1460 674 1521 nihil
693 1477 734 1522 ex
754 1477 792 1523 eo
814 1461 898 1538 quod
919 1478 989 1523 cum
1010 1477 1076 1523 con·

103 1547 171 1606 sule
197 1551 384 1606 convenerat
406 1550 562 1606 mutatum.
597 1561 656 1620 pro
681 1554 806 1621 argento
833 1545 860 1606 si
878 1561 986 1606 aurum
1010 1545 1085 1606 dare

102 1628 234 1704 mallent,
249 1628 358 1690 darent
369 1627 521 1703 convenit,
535 1629 608 1691 dum
619 1644 676 1705 pro
689 1628 841 1704 argenteis
852 1628 959 1687 decem
971 1643 1084 1689 aureus

102 1727 184 1773 unus
204 1714 329 1777 valeret
364 1728 466 1791 „quae
479 1715 582 1789 urbes,
601 1713 654 1788 qui
668 1712 747 1787 agri,
771 1711 823 1787 qui
837 1709 976 1769 homines
991 1711 1084 1772 Aeto·

102 1795 471 1873 lorumiurisaliquando
486 1791 617 1869 iu'emnt,
638 1794 690 1871 qui
706 1810 813 1854 eorum
826 1794 859 1853 Τ.
876 1791 1015 1867 Quinctio
1032 1793 1084 1855 Cn.
1112 1866 1115 1872 ¹

2 1891 3 1956 l
102 1879 233 1942 Domitio
256 1880 436 1942 consulibus
457 1887 569 1954 postve
589 1894 645 1939 eos
669 1877 812 1937 consules
834 1880 886 1936 aul
905 1876 998 1938 armis
1013 1877 1085 1939 sub·
1132 1935 1133 1938 ,

102 1965 160 2026 acti
181 1970 233 2025 aut
254 1964 408 2024 voluntate
430 1964 460 2022 in
481 1961 633 2022 dicionem
654 1959 762 2035 populi
777 1958 909 2021 Romani
927 1969 1085 2037 venerunt,

104 2064 142 2112 ue
164 2061 255 2122 quem
274 2059 380 2106 eorum
400 2041 503 2105 Aetoli
522 2042 682 2119 recepisse
701 2041 804 2104 velint.
839 2042 995 2106 Oeniadae
1015 2061 1085 2108 cum

105 2130 181 2192 urbe
206 2126 352 2203 agrisque
377 2129 572 2187 Acarnanum
598 2131 721 2205 sunto.“
755 2126 803 2187 his
829 2126 947 2202 legibus
973 2129 1084 2189 ioedus
1151 2164 1154 2169 ·

103 2215 196 2276 ictum
214 2226 282 2272 cum
297 2210 416 2272 Aetolis
430 2217 499 2271 est.⁴

187 2294 252 2355 llll.
279 2294 395 2355 Eadem
420 2309 482 2354 non
506 2299 621 2355 aestate
647 2296 761 2369 solum,
787 2294 845 2355 sed
866 2296 956 2357 ctiam
976 2294 1085 2355 iisdem

3 2380 6 2407 ³
104 2395 204 2459 prope
219 2377 337 2453 diebus,
355 2377 466 2454 quibus
480 2377 557 2438 haec
572 2377 644 2437 all.
658 2377 766 2440 Fulvio
781 2378 953 2440 consulein
967 2378 1087 2439 Aetolia

103 2471 193 2542 gesta
213 2467 300 2537 sunt,
320 2463 430 2523 consul
450 2461 525 2523 alter
540 2460 593 2523 Cn.
606 2461 738 2524 Manlius
752 2462 783 2522 in
799 2460 1009 2539 Gallograecia
1022 2461 1086 2522 bei·

104 2552 166 2610 lum
180 2545 292 2624 gessit,
315 2545 401 2622 quod
414 2562 496 2607 nunc
511 2544 606 2607 ordiri
619 2561 755 2622 pergam.
785 2562 859 2607 vere
872 2547 971 2623 primo
985 2545 1086 2621 Ephe

3 2672 30 2681 =-
105 2649 173 2694 sum
195 2633 304 2692 consul
323 2628 422 2705 venit,
444 2628 645 2705 acceptisque
667 2629 766 2705 copiis
788 2630 826 2691 ab
841 2629 874 2690 L.
891 2628 1037 2706 Scipione
1058 2637 1089 2691 et
1119 2647 1121 2651 ’

105 2715 243 2777 exercitu
256 2706 384 2775 lustrato
401 2713 574 2774 conbanem
588 2713 672 2788 apud
686 2713 795 2775 milites
809 2712 1011 2791 habuit‚.qua
1025 2714 1087 2775 col·

104 2796 229 2859 laudata
243 2797 356 2857 virtute
376 2810 498 2869 eorum,
521 2796 606 2870 quod
626 2812 696 2856 cum
709 2796 862 2859 Antiocho
883 2812 946 2859 uno
969 2797 1108 2874 proelio=

105 2881 324 2952 debellassent,
345 2877 525 2940 adhortatus
540 2892 595 2939 cos
610 2879 650 2939 ad
664 2894 780 2940 novum
794 2895 863 2941 cum
880 2880 973 2941 Gallis
989 2881 1088 2942 susci·
1145 2924 1147 2927 ·

108 2963 253 3042 piendum
272 2962 401 3036 bellun,
423 2959 476 3037 qui
496 2967 526 3021 et
539 2960 661 3023 auxiliis
677 2962 827 3024 iuvissent
839 2963 1038 3039 Antiochum,
1059 2968 1089 3023 et

106 3049 185 3110 adeo
200 3047 349 3108 indomita
361 3044 510 3108 haberent
523 3045 654 3121 ingenia,
669 3052 703 3107 ut
717 3044 905 3123 nequiquam
916 3044 1088 3110 Antiochus

106 3138 226 3194 emotus
247 3132 327 3192 ultra
346 3127 419 3204 iuga
432 3129 522 3190 Tauri
543 3130 656 3191 montis
677 3136 777 3207 esset,
797 3130 857 3192 nisi
878 3131 1090 3208 imperentur

107 3230 185 3291 opes
201 3215 371 3284 Gallorum
393 3213 433 3273 de
454 3228 490 3275 se
512 3229 638 3291 quoque
658 3229 773 3291 pauca,
794 3230 852 3277 nec
872 3216 951 3295 laisa
964 3232 1022 3277 nec
1035 3214 1089 3274 im·

107 3298 236 3372 modica,
252 3297 372 3359 adiecit.
401 3298 473 3359 laeti
487 3298 597 3359 milites
614 3314 685 3359 cum
699 3298 850 3376 frequenti
864 3298 1001 3362 adsensu
1016 3313 1089 3359 con·
1177 3347 1179 3352 .
1232 3310 1234 3313 ’

108 3382 206 3444 sulem
227 3381 422 3454 audiverunt,
444 3387 561 3456 partem
579 3380 691 3442 virium
710 3380 853 3445 Antiochi
874 3383 971 3444 luisse
986 3381 1090 3442 Gallos

107 3463 283 3537 credentes,
304 3479 378 3540 rege
399 3470 545 3540 superato
567 3466 683 3525 nullum
697 3474 881 3527 momentum
896 3465 928 3525 in
943 3462 1019 3526 solis
1035 3476 1091 3538 per
