2600 4000
199 241 263 308 308
362 241 476 302 LIBER
490 241 638 301 XXXVll.
661 240 744 301 CAP.
757 249 799 303 bb.
822 243 857 317 [a.
870 248 905 300 U.
917 265 942 304 c.
954 251 1016 314 563]
1069 258 1072 264 '

199 400 278 461 lutra
301 396 394 459 mem
417 395 491 458 iuris
516 394 577 455 mei
601 393 726 455 cuilibet
745 394 843 454 videri
862 394 962 454 malim
977 410 1068 471 quam
1089 398 1177 459 nimis

199 480 395 560 pertinaciter
407 480 438 540 ln
452 478 619 540 obtinendo
634 492 672 538 ao
692 478 878 547 tetendissem
902 478 933 537 in
947 476 1112 540 certamino
1125 497 1179 543 au-

199 575 261 629 tem
281 564 431 626 amicitiae
443 568 582 635 vestrae,
607 559 838 622 benevolentiae
857 575 932 637 erga
946 577 1020 637 vos,
1041 563 1179 637 honoris,

200 650 253 727 qni
267 665 287 709 a
300 648 390 710 vobis
409 646 584 719 habebitur,
606 644 731 705 minime
750 660 940 721 equaquam
961 661 1062 722 aequo
1077 649 1179 713 animo

199 734 280 795 vinci
300 748 440 809 possum.
471 728 552 790 hanc
572 744 631 803 ogo
652 728 815 789 maximam
835 728 1033 790 hereditatem
1054 740 1180 808 epatre

199 816 322 894 accepi,
338 817 392 893 qui
406 814 523 890 primus
538 812 672 874 omnium
686 811 792 873 Asiam
808 812 1028 888 Graeclamque
1042 815 1179 878 incolen-

199 904 274 964 tium
285 900 316 961 in
327 898 489 960 amicitiam
500 897 582 958 venit
591 903 739 971 vestram,
754 911 886 973 eamque
899 904 1050 971 perpetua
1061 906 1092 960 et
1106 916 1179 962 con-

200 985 290 1047 stanti
305 984 367 1045 tide
381 983 422 1043 ad
435 989 603 1043 extremum
624 980 717 1041 finem
735 980 816 1041 vitae
835 980 996 1055 perduxit;
1019 998 1077 1043 nec
1092 985 1179 1047 dum-

199 1075 282 1130 taxat
305 1067 438 1127 animum
462 1066 552 1129 vobis
575 1064 691 1125 boumn
714 1080 751 1125 ac
775 1062 897 1124 fidelem
921 1066 1085 1142 praestitit,
1121 1071 1179 1130 sed

200 1149 341 1213 omnibns
362 1150 495 1211 interfuit
514 1149 603 1210 bellis
625 1165 705 1224 quae
718 1148 749 1208 in
765 1148 893 1209 Graecia
906 1150 1064 1226 gessistis,
1084 1160 1179 1213 terre

201 1234 315 1297 stribus
330 1234 505 1307 navalibus,
523 1233 603 1294 omni
617 1247 731 1309 genere
742 1239 977 1307 commeatuum,
993 1233 1035 1295 ita
1044 1241 1078 1296 ut
1088 1252 1178 1298 nemo

200 1318 355 1380 sociorum
365 1325 538 1378 vestrorum
549 1318 611 1376 nlla
621 1324 708 1393 parte
719 1314 845 1392 aequari
855 1318 964 1392 possit,
976 1334 1035 1379 vos
1046 1317 1178 1389 adiuvit3

198 1408 355 1479 postremo
371 1416 439 1462 cum
453 1401 589 1462 Boeotos
604 1400 644 1459 ed
659 1400 835 1462 societatem
849 1408 983 1461 vestram
997 1401 1178 1477 hortaretur,

199 1485 231 1547 in
245 1481 315 1562 ipsa
329 1485 472 1562 contione
485 1483 701 1545 intermortuus
715 1483 798 1545 haud
812 1484 905 1545 multo
916 1491 990 1561 post
999 1486 1180 1562 exspiravit

198 1569 290 1632 huius
304 1585 362 1646 ego
376 1568 507 1644 vestigia
520 1568 680 1642 ingressus
694 1568 841 1629 voluntati
857 1568 978 1643 quidem
989 1576 1020 1630 et
1033 1571 1136 1630 studio
1149 1571 1179 1630 in

200 1654 339 1716 colendis
363 1653 453 1716 vobis
477 1652 599 1713 adicere
620 1685 662 1697 -
681 1651 792 1712 atenim
817 1651 1076 1728 inexsuperabilia
1100 1653 1180 1714 haec

200 1746 341 1801 erant-
355 1738 428 1799 nihil
449 1737 551 1814 potuit
578 1736 672 1797 rebus
692 1736 770 1811 ipsis
791 1734 969 1810 meritisque
983 1743 1013 1797 et
1028 1736 1180 1812 impensis

201 1822 372 1884 ciliciorum
391 1829 425 1883 ut
444 1836 593 1897 superare
607 1834 749 1896 possem,
777 1821 899 1881 fortuna
919 1825 1057 1894 tempora
1069 1821 1178 1881 Antio-

202 1906 277 1966 chus
292 1914 322 1967 et
334 1906 447 1966 bellum
458 1906 489 1965 in
499 1905 576 1965 Asia
586 1912 705 1979 gestum
718 1903 923 1979 praebuerunt
932 1902 1099 1965 materiam.
1121 1919 1178 1965 rex

202 1989 294 2050 Asiae
309 1995 339 2049 et
352 1989 449 2065 partis
462 1990 605 2064 Europae
617 1988 787 2051 Antiochus
808 1987 901 2047 liliam
922 2003 1009 2048 snam
1029 1987 1060 2048 in
1074 1990 1179 2048 matri-

199 2072 333 2134 monium
346 2072 420 2133 mihi
434 2073 542 2144 dabat;
562 2073 741 2135 restituebat
754 2073 911 2146 ,extemplo
927 2071 1078 2146 civitates,
1098 2088 1180 2148 quae

200 2157 376 2220 deiecerant
390 2174 409 2218 a
424 2158 529 2227 nobis;
552 2173 639 2232 spem
663 2172 804 2231 nragnam
824 2155 854 2214 in
875 2162 1034 2231 posterum
1049 2156 1180 2232 ampliti-

200 2242 289 2303 candi
304 2242 391 2319 regni
405 2242 550 2314 iaciebat,
573 2241 600 2302 si
620 2257 727 2301 secum
740 2239 852 2300 bellum
867 2239 1020 2300 adversus
1033 2255 1092 2300 vos
1107 2255 1179 2315 ges-

199 2326 320 2388 sissem.
346 2342 409 2387 non
429 2326 584 2401 gloriabor
604 2341 641 2386 eo
665 2325 750 2399 quod
768 2322 842 2382 nihil
862 2322 893 2382 iu
908 2338 965 2383 vos
981 2323 1181 2400 deliquerim

200 2410 250 2470 illa
270 2409 372 2485 potins
399 2426 479 2484 quae
502 2408 711 2469 vetustissima
735 2408 845 2469 domus
868 2412 993 2468 nostrae
1016 2407 1182 2468 vobiscum

199 2492 329 2552 amicitia
349 2493 443 2567 digna
462 2498 548 2564 sunt,
568 2492 707 2550 reseram.
740 2488 935 2564 pedestribus
955 2491 1182 2567 navalibusque

197 2575 311 2650 copiis,
326 2581 360 2634 ut
373 2589 462 2635 nemo
474 2581 643 2634 vestrorum
657 2574 811 2634 sociorum
824 2589 874 2635 me
885 2572 1087 2651 aequiperare
1104 2591 1181 2650 pos-

199 2666 255 2731 set,
267 2658 468 2732 imperotores
480 2664 601 2718 vestros
612 2655 732 2728 adiuvi,
749 2663 937 2719 commeatus
948 2666 1029 2719 terra
1039 2661 1183 2734 marique

199 2740 409 2818 suppeditavi3
428 2738 588 2803 navalibus
611 2740 751 2816 proeliis,
776 2755 857 2818 quac
875 2742 976 2803 munitis
1000 2742 1077 2802 locis
1098 2744 1182 2802 tacta

199 2834 278 2901 sunt,
294 2825 434 2886 omnibus
446 2826 546 2896 adiui;
563 2840 621 2886 nec
634 2824 730 2886 labori
742 2840 810 2885 meo
822 2840 880 2886 nec
894 2826 1032 2902 periculo
1043 2842 1182 2902 usquam

198 2910 332 2985 peperci.
355 2910 439 2984 quod
455 2910 656 2971 miserrimum
671 2907 763 2970 estin
777 2909 874 2982 bello,
896 2909 1091 2970 obsidionem
1107 2926 1182 2986 pes·

199 3009 352 3068 sussum,
370 2992 509 3069 Pergami
529 2992 667 3055 inclusus
689 3008 757 3054 cum
779 2991 954 3052 discrimine
967 2993 1073 3054 ultimo
1087 2993 1183 3055 simul

198 3074 278 3136 vitae
289 3077 447 3152 regnique.
470 3077 615 3138 liberatus
627 3076 739 3136 deinde
751 3075 926 3149 obsidione,
939 3092 1009 3137 cum
1020 3077 1081 3137 alia
1091 3085 1184 3153 parte

197 3158 368 3220 Antiochus
382 3161 443 3221 alia
457 3160 606 3221 Seleucus
621 3160 704 3220 circa
717 3174 820 3221 arcem
832 3160 920 3234 regni
934 3160 994 3220 mei
1009 3168 1113 3222 castra
1125 3160 1183 3222 ha-

197 3244 316 3317 berant,
342 3242 455 3303 relictis
475 3242 553 3304 meis
571 3240 665 3304 rebus
687 3248 750 3303 tota
770 3243 871 3304 classe
891 3243 932 3303 ad
945 3244 1184 3321 Hellespontum

197 3325 230 3385 L.
246 3324 383 3401 Scipioni
399 3325 519 3387 conardi
538 3334 642 3387 vestro
663 3325 798 3402 occurri,
820 3334 855 3388 ut
873 3342 943 3387 eum
963 3328 994 3387 in
1009 3327 1184 3391 traiciendo

198 3408 336 3470 exercitu
349 3408 534 3471 adiuvarem.
561 3417 727 3485 postquam
740 3408 771 3469 in
785 3411 892 3471 Asiam
907 3412 1061 3473 exereitus
1075 3420 1185 3474 voster

198 3499 247 3552 est
270 3500 499 3569 transgressus,
525 3509 691 3569 numquam
711 3509 729 3551 a
750 3495 879 3554 consule
904 3494 1054 3555 abscessi.
1086 3505 1182 3557 nemo
