2600 4000
195 214 259 282 em
336 194 339 199 ’
370 212 630 274 nmmxxxvr.
653 213 774 274 enea.
798 218 992 287 [noanon

195 366 450 445 supplicationem
470 364 656 441 imperarent
674 368 836 443 consules,
848 367 962 444 utique
980 367 1031 428 Μ’.
1053 369 1173 432 Acilius

194 452 304 515 consul
316 450 408 512 ludos
421 463 551 525 magnos
565 448 630 510 Iovi
644 456 771 511 voveret
789 457 819 510 et
832 450 915 513 dona
934 452 974 512 ad
990 453 1093 513 omnia
1107 457 1175 529 pul·

75 580 76 583 ,
193 537 320 600 maaria
352 535 384 594 id
404 539 510 594 votum
533 532 564 592 in
584 531 662 594 haec
682 534 792 607 verba,
818 541 986 610 praeeunte
1003 535 1035 595 P.
1057 536 1174 602 Licinio

194 619 341 699 pontifice
353 619 504 691 maximo,
518 618 628 679 consid
641 618 839 693 nuncupavit.
866 619 913 694 „si
934 620 1068 680 ducllum
1089 624 1172 697 quod

195 723 265 768 cum
278 718 352 778 rege
365 700 518 762 Antiocho
533 699 612 762 sumi
626 701 763 777 populus
783 701 887 777 iussit,
908 703 940 764 id
960 719 999 763 ex
1020 707 1174 766 sententia

195 796 321 851 senatus
336 784 505 863 populique
518 785 647 847 Romani
662 786 836 847 conlectum
850 787 921 862 erit,
940 793 1004 848 tum
1018 788 1086 862 tibi,
1102 790 1172 865 Inp-

193 869 445 950 piter,.populus
459 869 617 931 Romanus
636 870 728 932 ludos
748 885 878 945 magnos
894 870 961 932 dies
977 871 1084 932 decem
1099 889 1173 934 con-

193 957 297 1018 tinuos
311 953 417 1026 reciet,
439 953 584 1029 donaque
605 953 645 1013 ad
659 953 762 1016 omnia
780 954 952 1029 pulvinaria
966 955 1119 1018 dabuntur
1132 958 1174 1017 de

194 1037 339 1117 pecunia,
356 1042 500 1112 quantam
515 1044 641 1099 senatus
658 1038 837 1115 decreverit
860 1039 1002 1115 quisquis
1013 1040 1167 1115 magistra·

193 1130 242 1185 tus
258 1135 314 1183 cos
328 1120 420 1182 ludos
435 1122 561 1196 quando
574 1121 691 1198 ubique
705 1120 794 1196 laxit,
809 1120 840 1182 hi
853 1122 917 1183 ludi
931 1131 1015 1185 recte
1030 1124 1102 1186 lacti
1115 1124 1170 1186 do·

193 1219 296 1282 neque
309 1204 381 1267 deu
393 1211 477 1266 recte
490 1210 612 1268 sunto.“
634 1205 818 1283 supplicatio
829 1206 902 1268 inde
913 1207 952 1268 ab
964 1206 1086 1268 duobus
1098 1224 1163 1269 con

194 1290 311 1352 sulibus
326 1288 425 1349 edicta
439 1304 495 1364 per
511 1290 637 1351 biduum
652 1290 715 1352 luit

250 1426 252 1429 .
278 1373 462 1435 consulibus
477 1374 592 1435 sortitis
607 1374 783 1449 provincias
797 1376 951 1450 extemplo
966 1382 997 1436 et
1010 1382 1171 1452 praetores

192 1458 290 1520 sortiti
304 1463 384 1519 sunt.
412 1456 453 1517 Μ.
469 1456 555 1518 lunio
569 1456 664 1518 Bruto
679 1457 847 1519 iurisdictio
862 1456 993 1535 utraque
1007 1460 1116 1532 evenit,
1131 1463 1170 1521 A.

194 1542 333 1605 cornelio
354 1540 539 1601 Mammulae
560 1541 685 1616 Bruttii,
709 1541 749 1601 Μ.
767 1541 898 1603 Aemilio
918 1542 1036 1619 Lepido
1057 1542 1171 1620 Sicilia,

193 1629 225 1690 l.
242 1627 341 1704 Oppio
358 1623 519 1687 Salinatori
535 1623 690 1698 Sardinia,
712 1624 743 1686 0.
758 1625 844 1687 Livio
867 1624 1029 1688 Salinatori
1049 1628 1171 1703 classis,

195 1713 225 1772 l..
240 1710 370 1773 Aemilio
384 1709 478 1771 Paulo
492 1708 643 1785 Hmpania
662 1709 795 1771 ulterior.
823 1708 872 1770 his
893 1710 935 1770 ita
948 1711 1102 1772 exercitus
1117 1711 1171 1773 de·
1290 1738 1295 1747 ·

193 1797 276 1857 creti.
298 1796 337 1855 A.
354 1794 494 1855 cemelio
508 1794 581 1856 novi
595 1793 720 1870 milites,
736 1794 902 1869 conscripti
917 1794 1021 1868 priore
1035 1811 1116 1857 anno
1130 1809 1171 1856 ex

194 1885 319 1941 senatus
335 1879 476 1939 consulto
487 1893 506 1938 a
516 1878 550 1938 L.
562 1877 701 1953 Quinctio
714 1878 856 1949 consule,
872 1878 935 1939 dati
949 1884 1035 1953 sunt,
1050 1879 1170 1940 iussus·

195 1977 254 2038 que
274 1962 350 2023 tueri
372 1977 492 2024 omnem
513 1978 597 2024 oram
618 1961 701 2023 circa
720 1963 882 2023 Tarentum
901 1962 1170 2039 Brundisiumque.

191 2047 224 2107 L.
239 2046 370 2108 Aemilio
383 2046 478 2110 Paulo
498 2047 528 2107 in
550 2047 726 2109 ulteriorem
737 2045 931 2123 Hispaniam,
943 2067 946 2072 ⁴
959 2053 1081 2123 praeter
1100 2063 1171 2108 eum

192 2131 373 2204 exercitum,
396 2146 519 2207 querna
532 2131 573 2191 Μ.
586 2130 695 2193 Fulvio
709 2130 898 2206 proconsule
919 2139 1103 2208 accepturus
1120 2146 1170 2192 es·

192 2223 254 2291 set,
272 2216 428 2277 decretum
442 2223 504 2289 est,
526 2223 560 2277 ut
574 2230 725 2276 novorum
738 2214 863 2276 militum
877 2214 934 2275 tria
947 2215 1030 2276 milia
1044 2215 1173 2277 duceret

192 2308 223 2363 et
235 2307 389 2363 trecentos
404 2300 542 2376 equites,
563 2299 606 2360 ita
618 2299 696 2361 utin
711 2298 749 2359 iis
764 2299 845 2359 duae
858 2305 964 2374 partes
978 2299 1097 2361 socium
1111 2299 1172 2359 La·

192 2383 244 2446 tini
259 2383 405 2457 nominis,
425 2384 514 2444 tertia
533 2382 645 2443 civium
658 2383 864 2444 Romanorum
878 2389 971 2443 esset
998 2383 1080 2443 idem
1094 2399 1172 2460 sup-

191 2467 335 2543 plementi
356 2466 396 2526 ad
417 2465 448 2526 C.
469 2464 664 2538 Flaminium,
689 2464 737 2524 oui
757 2465 917 2541 imperium
937 2467 1172 2543 prorogabatur,

192 2552 222 2614 in
235 2548 415 2622 Hispaniam
435 2546 605 2609 citeriorem
626 2553 676 2608 est
695 2548 832 2614 missum.
863 2549 905 2610 M.
918 2549 1066 2612 Aemilius
1079 2550 1172 2626 Lepi-

193 2634 251 2694 dus
264 2633 325 2693 aL.
337 2630 476 2706 Valerio,
493 2630 542 2691 cui
553 2645 758 2693 successurus
769 2640 862 2708 esset,
878 2634 968 2695 simul
980 2634 1172 2711 provinciam
1196 2652 1200 2657 ·

150 2755 151 2758 =
192 2716 421 2790 exercitumque
434 2714 576 2790 accipere
589 2714 710 2788 iussum
738 2717 771 2777 L.
787 2717 958 2793 Valerium,
981 2719 1008 2778 si
1027 2717 1169 2780 ita-vide·

191 2806 289 2875 retur,
310 2815 367 2876 pro
388 2806 531 2875 praetore
550 2800 581 2861 in
595 2799 756 2878 provincia
768 2801 916 2877 retinere,
936 2808 967 2863 et
980 2801 1171 2879 provinciam

191 2884 233 2945 ita
246 2885 398 2958 dividere,
412 2890 447 2944 ut
458 2900 521 2945 una
534 2884 572 2946 ab
586 2885 754 2962 Agrigento
769 2884 809 2946 ad
818 2884 997 2963 Pachynum
1011 2892 1110 2961 esset,
1126 2887 1171 2946 al-
1294 2911 1298 2942 2

170 3015 172 3019 .
191 2976 257 3030 tera
269 2984 289 3028 a
301 2968 448 3045 Pachyno
458 2970 669 3047 Tyndareum:
691 2983 759 3030 eum
772 2968 953 3031 maritimam
968 2986 1053 3032 oram
1065 2969 1170 3030 L.Va·

191 3051 284 3113 lerins
305 3052 409 3127 viginti
430 3054 560 3114 navibus
581 3053 681 3128 longis
703 3052 877 3114 custodiret.
910 3053 1010 3123 eidem
1035 3054 1171 3130 praetori
1215 3093 1220 3098 -

192 3137 380 3211 mandatum,
406 3142 440 3198 nt
463 3137 541 3197 duas
566 3138 713 3198 decumas
733 3136 875 3199 frumenti
898 3134 1051 3214 exigeret;
1076 3134 1171 3198 idad
1211 3167 1214 3173 ·

191 3235 275 3282 mare
296 3221 548 3296 comportandum
570 3220 846 3297 devehendumque
861 3222 892 3281 in
907 3220 1067 3283 Graeciam
1081 3237 1182 3281 cura·v

190 3310 245 3365 ret.
267 3304 348 3366 idem
362 3305 395 3365 L.
411 3302 511 3379 Oppio
532 3304 572 3365 de
593 3305 695 3365 alteris
716 3304 854 3368 decumis
875 3304 1036 3381 exigendis
1050 3306 1082 3366 in
1096 3304 1169 3366 Sur-

191 3387 274 3449 dinia
287 3386 482 3464 imperatum=
504 3394 638 3453 ceterum
664 3404 726 3451 non
746 3390 776 3450 in
791 3389 949 3451 Graeciam
969 3391 1026 3452 sed
1039 3391 1171 3451 Romam

192 3470 222 3532 id
238 3473 421 3535 trumentum
435 3471 550 3557 portari
565 3473 691 3547 placere
720 3471 751 3533 C.
762 3472 866 3534 Livius
878 3481 1012 3549 praetor,
1028 3473 1076 3534 cui
1088 3474 1170 3533 clas-
